2574 4214
321 264 515 321 Hispania:
532 267 730 308 Citerioris
751 267 946 307 maritimae
964 294 975 313 ,
1007 267 1111 307 unde
1132 280 1312 307 nummos
1339 268 1513 306 Antonio
1538 268 1572 304 δε
1599 264 1776 319 Augusto
1802 262 1842 303 in
1868 261 2053 317 Hispania
2074 261 2184 304 cusos
2208 264 2412 314 novimus,

319 335 439 375 quam
456 322 628 375 plerique
642 323 702 362 M.
723 323 898 362 Antonio
918 323 1130 362 tribuerunt
1148 322 1200 362 ob
1218 335 1356 362 vocem
1377 320 1548 375 Appiani
1563 322 1690 363 IGriv'ow
1711 333 1783 373 pro
1799 318 1985 372 Hispania
2003 318 2295 372 interpretantes
2315 335 2323 360 τ
2349 321 2416 362 ille

319 377 421 416 enim
442 377 491 416 de
512 376 618 416 Bello
637 378 708 416 civ.
727 377 789 416 lib.
814 390 846 427 5.
865 390 970 415 num.
986 390 1076 427 701.
1118 387 1143 413 Ο
1160 378 1301 414 Καλζωδς
1318 378 1484 416 &nmini-m
1501 405 1510 418 ,
1536 376 1584 422 ’wi'
1601 378 1615 410 ὅ
1630 384 1744 424 Καΐσας
1759 381 1787 412 ἐς
1801 377 1974 423 οἱμφότεϋε
1991 377 2154 422 φώφαστν
2176 378 2264 426 AEgaiv
2285 379 2336 426 ᾔᾴ,
2359 379 2410 427 ’OE‘i

319 430 534 476 παρελῶμὲοιιέ
556 431 598 463 τόν
620 445 647 464 τε
673 431 779 475 ςρριτδν
796 456 804 469 ,
835 447 858 481 »3
883 429 936 464 viu)
950 430 1100 465 Remulo>
1118 435 1160 466 ἐπ’
1177 435 1262 476 αὐτῷ
1276 458 1282 468 ,
1307 434 1331 481 a}
1351 432 1476 473 {Caspium
1494 455 1504 472 ,
1530 434 1554 480 ιζ,
1570 431 1623 467 τοὶς
1640 430 1659 474 ‘j
1676 430 1746 465 ἕσας
1763 429 1833 465 (zui
1853 433 1977 475 Αντωνίῳ
1997 434 2094 472 Φκφίκ
2118 430 2138 468 ξ
2155 432 2263 468 vra-«839
2276 433 2413 468 Καλῖωὲ

316 483 575 527 ammana&-
589 486 614 530 g,
632 485 836 527 meysam&
853 483 971 517 dmm
984 482 1122 528 0⁶¹.t‘2z÷⁴⁴'·
1159 479 1322 518 Calenus
1323 482 1420 532 fato
1425 480 1593 533 funfftus
1610 480 1681 526 est,
1711 480 1837 526 Caelar
1854 481 2036 524 occasione
2054 479 2208 533 arrepta}
2215 481 2413 534 profhb't'us

317 535 366 582 est
385 535 445 580 eo,
474 545 556 573 tum
570 537 776 573 Μενίππη]
790 536 989 587 occupa-vit
1001 561 1011 578 ‚
1041 543 1124 571 tmn
1145 533 1312 572 Galliam
1330 534 1631 588 Hispaniamque
1641 533 1808 573 Antonii
1813 535 2061 587 provincias,
2087 533 2193 581 Fufio
2212 536 2347 576 Caleni
2353 536 2410 588 fi-

315 588 365 628 lio
373 600 445 642 per
461 597 599 627 metum
616 591 740 627 omnia
757 588 999 638 dedentesz'ne
1016 590 1228 626 certamine.
1267 588 1342 627 Sed
1360 596 1383 640 -λ,
1403 590 1456 626 τίω)
1471 593 1623 627 Κελπκῖα)
1639 595 1662 642 ²}
1682 591 1806 632 [Gnatam
1818 614 1827 629 ‚
1857 588 2041 628 Celticum
2059 587 2105 632 (J
2125 589 2412 642 Narbonensem

316 642 582 697 explicandum
601 643 654 682 est
671 671 682 689 ,
712 642 738 682 si
757 658 832 684 vox
852 647 975 687 lfe'w'xv
993 643 1196 696 accipiatur
1219 656 1267 681 eo
1293 642 1398 682 sensu
1424 657 1504 697 quo
1525 644 1660 684 Strabo
1684 644 1746 682 lib.
1768 653 1804 696 3.
1826 657 1911 697 pag.
1941 649 2027 683 166.
2055 657 2182 685 narrat
2200 647 2412 700 antiquitus

313 698 506 753 quidquid
524 698 562 737 in
581 698 705 738 Gallia
724 712 829 740 extra
848 699 1087 739 Rhodanum
1109 701 1145 736 Sc
1165 696 1353 738 Isthmum
1370 698 1489 754 usque
1509 700 1560 740 ad
1578 701 1733 740 Iberum
1751 699 1993 752 protenditur
2005 726 2016 745 ,
2046 701 2223 754 peculiari
2241 704 2410 743 nominis

311 755 458 796 ratione
477 757 605 799 ῐὲηρλοιν
623 756 752 795 vocari
771 771 778 794 τ
810 755 836 795 fi
854 770 945 795 vero
966 754 1156 794 Strabonis
1180 754 1289 794 locus
1312 769 1391 795 non
1416 755 1558 796 arridet
1572 784 1583 803 ‚
1612 770 1684 810 pro
1704 758 1829 799 lenda»
1847 755 1886 794 in
1908 756 2088 809 Appiano
2105 755 2410 799 substituendum

314 817 447 859 ιῑτὲἰᾳν,
474 811 656 856 alteram,
685 810 725 850 id
746 812 821 857 est,
851 810 1014 851 Galliam
1032 808 1348 856 Narbonenlem3
1377 825 1467 850 nam
1486 812 1660 851 Antonio
1676 811 1736 850 illa
1754 812 1801 850 ab
1817 811 1994 865 Augusto
2012 811 2185 865 permissa
2202 812 2266 852 est.

363 867 551 921 Hispania
573 880 772 919 nunquam
793 867 829 906 in
849 866 1008 905 Antonii
1027 865 1212 918 potestate
1236 865 1342 917 apud
1361 866 1533 906 Dionem
1557 867 1592 905 in
1621 867 1756 920 triplici
1778 866 2061 920 provinciarum
2083 866 2268 907 divisione
2291 868 2408 909 refer-

306 935 385 963 tur:
416 924 454 962 in
472 923 592 975 prima
609 922 707 961 inter
722 921 964 961 Triumviros
983 921 1080 960 faeta
1093 948 1104 966 ,
1129 919 1192 958 illa
1209 919 1362 974 Lepido
1379 934 1468 961 cum
1491 921 1615 961 Gallia
1635 920 1904 967 Narbonensi,
1933 925 1971 960 &
1991 922 2050 962 M.
2070 924 2245 963 Antonio
2262 925 2410 978 reliqua

305 979 432 1019 omnis
453 978 577 1018 Gallia
603 991 690 1031 quae
713 978 766 1016 cis
789 993 831 1017 ac
853 989 952 1017 trans
972 976 1091 1029 Alpes
1105 974 1207 1028 jacet
1227 1001 1238 1020 ‚
1266 974 1397 1022 ceffir,
1433 977 1473 1015 in
1494 975 1657 1017 secunda
1675 1005 1686 1024 ,
1715 979 1804 1017 cum
1828 979 2020 1017 Antonius
2041 981 2079 1017 ὃς
2099 979 2295 1033 Augustus
2318 980 2405 1032 post

304 1034 587 1089 Philippensem
608 1046 779 1088 pugnam
800 1032 937 1087 Lepidi
958 1044 1102 1085 partem
1120 1029 1349 1078 divisissent,
1378 1031 1565 1086 Hispania
1587 1033 1766 1086 Augusto
1787 1037 1824 1072 &
1843 1031 2054 1079 Numidia,
2085 1035 2259 1074 Antonio
2281 1035 2407 1075 Gallia

305 1102 424 1145 atque
448 1090 576 1130 Africa
597 1089 802 1144 adfignatae
822 1088 905 1128 sunt
918 1116 928 1134 ,
958 1089 1035 1127 hoc
1056 1086 1174 1126 modo
1192 1099 1326 1127 omnes
1342 1087 1479 1127 Galliae
1498 1085 1705 1142 provineiae
1722 1088 1770 1128 ad
1789 1090 2005 1129 Antonium
2022 1089 2261 1129 devenerunt
2279 1104 2286 1129 :
2315 1103 2408 1131 nam

303 1148 342 1187 in
363 1146 471 1187 tertia
490 1145 674 1185 divisione
692 1144 777 1198 post
794 1144 937 1184 Fulvia:
950 1144 1111 1184 Antonii
1128 1141 1256 1182 uxoris
1273 1155 1439 1184 mortem
1450 1171 1461 1191 ‚
1489 1145 1579 1184 csun
1591 1144 1757 1184 Oc‘tavia
1769 1144 1931 1198 Augusti
1947 1144 2053 1185 soror
2068 1146 2107 1184 in
2119 1145 2408 1187 matrimonium

302 1203 354 1242 illi
377 1200 548 1242 conccss'a
577 1199 702 1240 fuisset
717 1226 728 1245 ,
765 1212 847 1239 tum
868 1200 1007 1240 Caesari
1032 1199 1201 1240 Sardinia
1219 1202 1258 1238 &
1275 1200 1465 1240 Dalmatia
1483 1228 1495 1246 ,
1525 1199 1792 1254 Hispaniaque
1813 1204 1851 1239 &
1871 1199 1993 1240 Gallia
2010 1227 2022 1246 ,
2053 1203 2228 1240 Antonio
2248 1202 2406 1256 reliquae

302 1271 439 1299 omnes
460 1268 561 1297 trans
577 1256 712 1297 Sinum
729 1254 882 1295 Ionium
900 1256 1077 1309 regiones
1099 1268 1174 1296 tam
1193 1255 1359 1309 Europa:
1376 1257 1495 1309 quarn
1514 1255 1613 1295 Afiae
1631 1282 1644 1302 ,
1673 1270 1761 1310 quae
1782 1254 1879 1310 juris
1900 1255 2070 1297 Romani
2087 1268 2195 1296 erant
2211 1282 2224 1302 ,
2256 1258 2407 1314 obtige-

303 1324 412 1359 tunt3
440 1311 544 1351 unde
565 1310 750 1364 Hispania
769 1324 968 1365 nunquam
987 1311 1163 1351 Antonio
1179 1310 1328 1350 tributa.
1873 1356 1875 1358 v

356 1367 558 1408 Nummus
581 1366 757 1406 Antonio
775 1369 813 1404 &
831 1365 1008 1421 Augusto
1032 1367 1053 1405 a
1068 1365 1196 1405 Novis
1213 1365 1578 1421 Carthaginensibus
1598 1366 1708 1407 cusus
1726 1367 1781 1407 est
1794 1394 1806 1414 ,
1836 1366 1931 1407 dum
1956 1366 2053 1408 inter
2069 1366 2107 1407 se
2122 1368 2308 1409 concordi
2325 1369 2405 1409 ani-

302 1436 370 1464 mo
390 1433 507 1463 erant.
542 1421 650 1461 Illius
669 1421 782 1462 fitam
802 1425 840 1461 ὃ(
858 1422 879 1460 ὰ
900 1422 1079 1474 Scipione
1099 1421 1423 1476 expugnationem
1448 1421 1549 1476 legas
1574 1422 1678 1476 apud
1702 1422 1856 1463 Livium
1877 1423 1972 1463 Dec.
1994 1436 2029 1477 3.
2048 1422 2111 1463 lib.
2133 1437 2168 1476 3.
2195 1424 2405 1465 Coloniam

302 1478 445 1519 deinde
465 1478 737 1518 Romanorum
754 1477 923 1531 accepit,
951 1488 994 1516 ut
1013 1475 1125 1516 tradit
1143 1477 1295 1517 Solinus
1312 1491 1393 1530 cap.
1413 1491 1431 1517 2
1444 1490 1476 1525 ς.
1507 1477 1781 1531 Carthaginem
1796 1478 1903 1532 apud
1918 1479 2066 1525 Iberos,
2093 1492 2176 1534 quae
2193 1493 2282 1519 mox
2294 1480 2404 1520 Colo-

301 1536 369 1573 nia
380 1533 499 1586 fac‘Ja
518 1532 567 1581 est
584 1560 596 1580 ,
627 1532 743 1572 Poem·
762 1533 1020 1571 condiderunt.
1057 1532 1220 1572 Nomen
1237 1532 1361 1586 Juliae
1382 1532 1521 1587 aJulio
1542 1533 1750 1573 deduehm
1775 1534 1909 1589 arguit.
1952 1534 2015 1574 De
2035 1533 2193 1574 AEmilia
2214 1547 2329 1589 gente
2347 1535 2406 1576 di-

301 1589 418 1629 etum.
457 1587 567 1628 Fufia
585 1615 596 1634 ‚
624 1587 773 1641 plebeia
792 1587 846 1627 est
865 1614 875 1632 ,
904 1601 1045 1640 ex.qua
1069 1587 1200 1627 Fufius
1220 1588 1280 1628 ille
1300 1588 1469 1628 Calenus
1490 1588 1836 1641 supramemoratus
1853 1617 1865 1636 ,
1898 1590 2059 1630 Antonii
2081 1591 2248 1643 partium
2272 1590 2403 1633 fautor

300 1644 504 1684 acerrimus
520 1671 533 1689 ,
571 1643 679 1695 cujus
709 1643 902 1682 Duumvir
929 1643 1055 1681 noster
1082 1655 1148 1683 aut
1174 1644 1419 1697 propinquus
1445 1655 1511 1683 aut
1537 1644 1694 1684 libertus
1715 1643 1824 1685 fuill‘e
1844 1644 2020 1691 videtur,
2049 1646 2118 1699 qui
2136 1657 2339 1686 nummum
2362 1648 2405 1688 in

300 1699 362 1739 M.
391 1699 550 1739 Antonii
571 1698 763 1738 honorem
783 1711 873 1738 cum
894 1698 1072 1752 Augusto
1096 1698 1283 1752 percussit.
1329 1699 1392 1739 De
1416 1699 1635 1753 labyrintho
1655 1700 1695 1740 in
1719 1700 1967 1755 Carthaginis
1986 1701 2116 1741 Novae
2137 1702 2304 1742 nummis
2321 1729 2335 1750 ,
2362 1703 2405 1743 in

301 1754 492 1810 Augusto.

356 1831 441 1928 HJ
468 1845 640 1942 nstramus
663 1832 829 1872 minimae
842 1830 983 1887 formae
1009 1832 1110 1873 inter
1135 1834 1296 1875 rariores
1318 1832 1555 1875 collocandus
1570 1861 1584 1882 ,
1611 1834 1716 1889 apud
1730 1834 1922 1876 ‘Batinum
1939 1832 2046 1876 Fam.
2069 1835 2182 1876 Rom.
2192 1845 2285 1892 pag.
2310 1849 2327 1876 1
2340 1848 2403 1889 15.

302 1897 398 1929 muti
414 1902 460 1928 us
478 1903 498 1927 e
532 1920 540 1928 .

1180 1997 1528 2044 NOTA.

354 2134 514 2178 Plurimi
537 2146 584 2175 ex
603 2134 712 2176 omni
731 2134 893 2176 modulo
913 2134 1058 2175 nummi
1075 2145 1164 2174 cum
1184 2130 1245 2172 M.
1265 2131 1428 2173 Antonii
1452 2133 1577 2188 capite
1600 2132 1641 2174 in
1658 2134 1712 2174 rei
1732 2133 1954 2188 antiquariae
1970 2132 2226 2174 studiosorum
2246 2133 2408 2176 cimeliis

302 2193 535 2236 asservantur
553 2191 621 2232 sub
641 2191 723 2245 ejus
744 2190 933 2232 Praefeffis
951 2194 989 2232 &
1008 2189 1160 2245 Legatis
1186 2189 1376 2229 Atratino
1392 2215 1405 2235 ,
1435 2189 1595 2236 Bibule,
1623 2188 1803 2236 Fonteio,
1832 2191 1975 2243 Oppio,
2005 2188 2120 2238 Sofio,
2148 2191 2185 2228 &
2205 2190 2406 2237 Ventidio,

304 2251 345 2291 in
363 2249 520 2290 urbibus
539 2248 636 2289 illius
651 2248 789 2289 ditioni
806 2247 984 2301 subjefi'rss
1003 2244 1182 2302 percusti,
1212 2245 1292 2285 nno
1311 2248 1351 2285 &
1367 2244 1429 2284 alii
1447 2259 1536 2285 cum
1556 2245 1615 2285 M.
1640 2245 1802 2286 Antonii
1821 2249 1860 2285 ὃς
1877 2245 2095 2299 Cleopatrae
2113 2244 2277 2298 Reginae
2292 2245 2404 2300 juga-

302 2318 342 2348 ta
359 2317 424 2346 aut
447 2304 600 2345 adversa
615 2303 741 2359 effigie
761 2305 799 2344 in
817 2303 995 2359 AEgypto
1013 2303 1145 2359 signati
1162 2312 1391 2349 occurrunt;
1420 2300 1599 2345 sedcitm,
1611 2300 1664 2341 illi
1680 2315 1816 2341 omnes
1833 2300 1976 2342 nullam
1996 2300 2250 2341 Coloniarum
2270 2313 2405 2342 notam

304 2362 370 2405 seu
391 2361 696 2407 Duumvirorum
716 2360 873 2400 nomina
889 2359 1112 2412 praeferant,
1141 2359 1189 2399 ad
1201 2357 1364 2403 familias
1388 2357 1610 2404 Romanas,
1640 2357 1746 2396 unde
1763 2357 1919 2398 extraffl
1934 2356 2039 2402 sunt,
2068 2354 2289 2396 restituendi
2308 2371 2316 2396 :
2345 2356 2403 2396 in·

291 2416 414 2458 ‘terim
433 2415 551 2455 nullas
568 2416 606 2455 in
625 2416 841 2471 AEgyptum
859 2415 1046 2456 Colonias
1069 2415 1136 2454 sub
1161 2413 1460 2468 Imperatoribus
1488 2413 1597 2455 fuiffe
1621 2412 1808 2454 dedustas
1832 2412 2138 2460 observandum,
2163 2410 2256 2453 ideo
2271 2426 2322 2453 ne
2339 2424 2402 2453 ea-

306 2486 390 2513 rum
407 2485 587 2512 nummos
605 2472 654 2529 ad
671 2486 753 2526 ejus
772 2472 979 2527 provincia:
1001 2471 1112 2513 urbes
1130 2483 1310 2512 revocare
1330 2468 1567 2525 cogitaveris.

2166 4019 2382 4078 Auen<
