2491 4219
189 97 276 144 188
730 92 1322 167 PH1vL1P3PUS
1395 92 1826 161 JU2N1-OR.

275 202 279 206 ‘
928 209 1567 255 DEULTUM.
1851 182 1855 185 ⁵

186 785 238 815 Μ.
271 785 286 812 1
299 785 325 812 v
336 786 373 813 L.
406 786 428 813 P
439 785 467 812 H
481 785 495 812 1
507 785 532 812 L
544 783 559 810 1
572 784 592 810 1³
606 783 627 810 Ρ
639 785 665 811 ν
680 784 699 811 s
733 786 756 811 c
771 785 798 811 A
813 785 837 811 Γ,
851 783 885 810 s.
916 771 1052 826 Caput
1067 759 1237 829 Philippi
1253 772 1389 813 laurea.
1400 769 1558 827 insigne.

243 843 278 870 c.
311 843 350 869 F.
379 842 415 869 Ρ.
445 844 482 869 1).
512 827 667 868 Colonia
684 826 826 869 Flavia
845 827 1026 880 Pacensis
1044 822 1264 875 Deztltarza.
1296 828 1381 867 Leo
1396 827 1586 882 gradiens.

240 887 432 949 fieultum
447 906 627 947 Thraci-x
645 907 815 948 Colonia
833 907 854 947 a
875 906 1113 960 Vespasiano
1130 907 1336 947 constituta
1349 934 1361 953 ‚
1389 912 1444 947 ut³
1458 906 1599 947 Flaviae
1621 904 1746 959 gentis
1773 903 1858 958 ejus
1882 917 2027 946 nomen
2045 904 2209 954 indicat,
2235 918 2305 950 cur

186 963 228 1004 in
248 964 418 1004 nummis
439 964 614 1004 Leonem
635 963 836 1010 exhibeat,
864 963 1046 1017 plurimas
1061 962 1153 1003 licet
1169 965 1210 1002 in
1230 962 1417 1016 Philippo
1428 961 1542 1016 patre
1565 961 1807 1013 conjeeturas
1833 961 2166 1015 proposuerimus,
2194 964 2310 1006 nobis

187 1031 320 1061 tamen
339 1020 404 1061 hie
421 1033 563 1060 novam
583 1019 727 1059 addere
744 1019 863 1060 liceat.
903 1019 1088 1062 Veterani
1113 1019 1302 1059 Deultum
1319 1019 1530 1059 Coloniam
1550 1016 1734 1063 traduffi,
1761 1016 1937 1057 Leonem
1961 1017 2143 1072 Legionis
2168 1019 2310 1061 Flaviae

194 1090 211 1116 1
224 1091 239 1116 1
252 1090 266 1116 1
279 1090 309 1116 1.
329 1076 476 1131 insigne
493 1076 533 1116 in
550 1075 733 1130 Legionis
749 1076 770 1116 a
786 1073 993 1115 fundatore
1010 1072 1318 1127 suo'conscriptae
1332 1075 1558 1114 memoriam
1575 1073 1616 1112 in
1633 1073 1800 1112 nummis
1816 1072 2081 1126 repraesentare
2096 1072 2223 1116 forsan
2237 1089 2308 1117 vo·

187 1132 342 1173 luerunt
364 1147 371 1171 :
399 1131 460 1171 illa
472 1144 602 1172 autem
614 1131 736 1186 Legio
758 1145 773 1171 1
787 1145 801 1171 1
814 1145 828 1170 1
842 1144 873 1170 1.
889 1130 1019 1170 Flavia
1030 1130 1097 1170 sub
1113 1130 1218 1171 Alex.
1233 1130 1377 1171 Severo
1392 1130 1589 1170 hiemabat
1604 1129 1644 1168 in
1654 1128 1780 1182 Syria,
1809 1129 1902 1170 teste
1910 1129 2040 1169 Dione
2056 1129 2079 1169 l.
2095 1142 2155 1180 55.
2166 1145 2201 1186 p.
2216 1139 2305 1184 564.

193 1191 423 1226 odewoemwaelc
437 1190 467 1225 τό
482 1205 510 1224 τε
525 1190 655 1235 δύ’όπρον
669 1189 698 1224 ’τὲ
716 1189 894 1231 Επικεωκέν
909 1189 938 1224 vl
953 1193 984 1225 ἂν
1000 1193 1147 1235 Παιννονίᾳ.
1161 1195 1200 1235 τῇ
1212 1189 1312 1229 noes-rw,
1334 1188 1383 1235 χρὴ
1399 1188 1429 1223 ‘ni
1444 1191 1574 1238 τέταξπν
1587 1188 1621 1222 vd
1638 1191 1798 1227 Φλοιὸΐερν,
1818 1186 1853 1222 ‘ni
1869 1191 1900 1229 {A
1917 1186 2036 1231 Συρίῳ,
2061 1183 2308 1240 Vespastanus.

177 1244 392 1296 secundam
417 1243 692 1285 Auxiliariamr
707 1245 750 1284 in
775 1243 985 1296 Pannonia
1009 1243 1204 1296 inferiori,
1231 1251 1412 1298 quartam
1434 1243 1477 1282 in
1504 1241 1614 1297 Syria
1634 1239 1825 1293 Flavium„
1851 1240 1950 1281 Haec
1967 1239 2044 1281 sola
2060 1237 2312 1284 ex-omnibus

191 1300 430 1356 Legionibus
451 1299 724 1341 sub'Gallieno
744 1298 1004 1352 superstitibus
1026 1296 1098 1353 pro
1124 1297 1262 1354 insigni
1280 1298 1455 1346 Leonem
1481 1298 1581 1353 gerit
1613 1312 1621 1337 ε
1650 1296 1712 1337 hic
1729 1309 1867 1350 ¹autem
1894 1296 2313 1350 Imperatorznummos

190 1355 520 1410 cum'chionum
538 1355 762 1397 nominibus
779 1356 815 1394 Sc
833 1368 965 1395 earum
986 1355 1108 1410 typis,
1137 1367 1239 1410 quos
1261 1368 1334 1408 pro
1350 1350 1524 1408 symbolo
1543 1367 1788 1408 unaquaeque
1803 1353 1849 1393 in
1860 1352 2005 1394 vexillis
2019 1352 2198 1409 gerebat,
2225 1367 2313 1410 perq·

192 1410 312 1452 cussit.
920 1408 922 1411 ’
1733 1427 1738 1438 1
2027 1438 2029 1440 -
2253 1436 2259 1442 -

204 1512 223 1540 ;-
244 1490 331 1537 ‚llic
345 1503 518 1530 nummus
537 1489 808 1544 tertiaefhrmae
827 1491 928 1532 inter
948 1490 1110 1529 rariores
1125 1487 1332 1528 habendus.
1417 1523 1419 1525 .
1441 1536 1444 1540 Α
1493 1525 1495 1528 ,
1749 1504 1752 1507 ·
1939 1503 1942 1506 ⁴
2003 1503 2006 1507 ·
2095 1517 2108 1537 -ῐ
2147 1501 2173 1539 22'.

806 1594 963 1657 HE
992 1598 1033 1640 L
1065 1597 1293 1655 10Ῥο
1324 1598 1363 1639 L
1394 1598 1417 1640 1
1443 1598 1481 1640 S
1533 1587 1661 1653 Syriae.

197 2173 249 2204 Μ.
280 2173 295 2200 1
309 2174 334 2200 v
346 2172 385 2200 L.
418 2173 439 2199 ι’
450 2173 479 2199 H
490 2172 544 2199 η
557 2169 604 2196 11³
616 2169 638 2196 Ρ
651 2170 678 2197 v
692 2169 725 2196 s,
757 2169 781 2196 c
795 2169 822 2195 A
836 2170 861 2195 E
873 2169 907 2196 s.
937 2158 1074 2210 Caput
1093 2149 1266 2212 Philippi
1284 2156 1453 2198 nudum:
1485 2170 1490 2174 ’
1808 2174 1813 2177 ·

253 2232 277 2258 c
290 2231 315 2256 0
330 2232 367 2257 L.
399 2230 427 2256 n
442 2230 464 2255 E
479 2229 515 2254 L.
547 2213 703 2253 Colonia
719 2211 953 2265 Heliopolbs,
982 2212 1048 2253 seu
1066 2212 1364 2267 Heliopolitana.
1396 2213 1500 2271 Dua}
1514 2209 1668 2266 Aquilae
1687 2209 1926 2266 Legionariae
1942 2210 1983 2251 in·
1999 2209 2141 2254 laurea?

253 2293 475 2346 Heliopolis
496 2291 586 2331 urbs
604 2289 825 2343 Coelesyriae
841 2289 1030 2343 plurimos
1047 2289 1277 2344 Imperatori
1297 2289 1482 2342 Philippo
1499 2303 1682 2330 nummos
1699 2289 1752 2329 ob
1771 2290 1912 2330 bellum
1935 2289 1984 2330 ab
2008 2304 2058 2331 eo
2082 2302 2216 2332 contra
2231 2287 2323 2333 Peri

196 2352 253 2391 sas
272 2349 495 2390 confestum
515 2344 715 2401 perculsu,
744 2346 850 2385 hunc
865 2346 982 2385 etiam
1000 2346 1038 2385 in
1056 2344 1194 2385 laetitiae
1222 2356 1520 2385 monumentum
1544 2344 1727 2399 Philippo
1757 2345 1874 2399 ipfius
1903 2344 2004 2392 filio,
2031 2346 2172 2388 Caesari
2195 2347 2244 2388 ab
2270 2361 2323 2389 eo

197 2406 416 2462 appellato,
446 2402 660 2449 consecrat,
688 2402 727 2441 in
745 2415 794 2442 eo
818 2401 914 2441 duas
937 2400 1100 2455 Aquilas
1118 2401 1345 2455 legionarias
1365 2399 1412 2441 ad
1430 2401 1699 2455 antiquitatem
1720 2401 1901 2442 Coloniae
1916 2401 2151 2455 arguendam
2169 2403 2321 2456 percus-

198 2465 253 2505 fit.
284 2460 527 2516 Heliopolim
544 2458 705 2514 quidem
724 2458 935 2498 Coloniam
954 2458 975 2497 a
997 2458 1012 2507 J
1019 2457 1097 2497 ulio
1119 2455 1269 2497 Caelare
1284 2456 1530 2496 constitutam
1545 2456 1626 2508 jam
1643 2457 1733 2496 ante
1754 2456 1940 2504 diximus,
1972 2468 2015 2497 ut
2037 2455 2161 2508 Juliae
2176 2471 2324 2499 nomen

197 2520 381 2564 denotat,
410 2516 590 2570 Aussuslae
608 2515 702 2555 vero
718 2514 926 2568 appellatio
943 2513 991 2553 ab
1010 2513 1188 2568 Augusto
1206 2512 1410 2552 Veteranis
1427 2511 1709 2565 frequentatam
1725 2513 1851 2568 arguit
1870 2528 1878 2552 :
1907 2512 1970 2553 sed
1989 2526 2036 2552 ex
2051 2527 2130 2567 qua
2146 2513 2324 2569 Legione

199 2574 444 2617 Heliopolim
464 2568 517 2612 illi
532 2571 675 2612 fuerint
691 2569 888 2611 transmissi
901 2597 912 2616 ,
942 2569 1055 2623 plane
1073 2570 1336 2624 ignoraremus
1352 2594 1363 2614 ‚
1393 2567 1432 2607 ni
1449 2567 1603 2623 infignis
1618 2568 1680 2608 ille
1697 2582 1822 2623 nuper
1836 2568 2006 2624 Philippi
2021 2568 2189 2610 Senioris
2203 2582 2323 2610 num-

200 2646 286 2672 mus
303 2618 439 2671 eorum
458 2628 618 2668 nomina
634 2626 845 2668 exhiberet.
876 2641 902 2666 L
915 2640 937 2665 E
951 2639 989 2665 G.
1021 2639 1061 2665 v.
1094 2639 1131 2664 M
1145 2639 1172 2664 A
1188 2639 1209 2664 c
1223 2639 1246 2663 E
1259 2638 1284 2663 D
1298 2638 1323 2663 0
1337 2637 1378 2662 N.
1413 2637 1439 2662 v
1457 2637 1471 2663 1
1492 2638 1507 2663 1
1529 2638 1560 2663 1.
1595 2637 1621 2663 A
1638 2637 1665 2664 v
1677 2638 1717 2664 G.
1749 2625 1936 2679 Legiones
1956 2625 2123 2680 Qintae
2138 2623 2323 2667 Macedo-

197 2691 293 2728 mm
310 2715 322 2735 ,
352 2687 518 2727 Oc‘lavae
543 2683 737 2738 Augustae.
792 2682 971 2733 Qarum
996 2680 1215 2735 Legionum
1244 2692 1391 2734 partem
1422 2679 1623 2733 praeclarus
1646 2679 1739 2720 alter
1763 2694 1810 2719 ex
1838 2679 1971 2720 museo
1998 2679 2130 2721 nostro
2154 2679 2322 2735 Augusti

199 2757 383 2784 nummus
404 2743 588 2795 Berytum
609 2737 856 2779 transmissam
880 2752 954 2778 nos
978 2737 1119 2778 edocet
1135 2763 1147 2783 ‚
1177 2735 1287 2790 quod
1303 2734 1506 2775 confirmat
1521 2735 1585 2775 hic
1601 2749 1690 2776 cum
1708 2735 1856 2776 duabus
1877 2735 2014 2789 aquilis
2030 2735 2246 2790 legionariis
2261 2745 2321 2789 ty-

200 2814 296 2853 pus,
327 2813 402 2838 una
417 2798 565 2851 quippe
587 2795 729 2850 Aquila
746 2794 787 2834 in
805 2793 1060 2834 Coloniarum
1076 2792 1266 2838 nummis,
1297 2791 1516 2832 Veteranos
1545 2791 1727 2847 Legionis
1750 2790 1947 2845 cujusdam
1970 2791 2010 2830 in
2035 2804 2100 2832 eas
2123 2789 2322 2833 traduxstos

200 2854 366 2901 indicat,
394 2866 433 2894 at
451 2853 548 2893 binae
565 2851 738 2905 Aquilae,
769 2851 932 2890 duarum
949 2849 1169 2904 Legionum
1188 2848 1370 2888 emeritos
1387 2847 1428 2887 in
1443 2846 1523 2888 illas
1540 2845 1770 2889 transmissos
1791 2847 2066 2890 demonstrant.

259 2933 340 2974 Hic
356 2945 530 2973 nummus
544 2930 676 2971 medice
693 2928 742 2975 ὅγ’
757 2927 1066 2981 minimaeformae
1081 2940 1190 2970 rarus
1205 2925 1255 2978 cst
1271 2924 1318 2969 ὠ
1335 2925 1494 2980 elegans.

814 3028 1390 3081 ,NEA‘POLIS
1443 3028 1635 3077 Samariae.

215 3662 233 3688 1
245 3662 279 3688 M
292 3660 323 3685 ιτ.
355 3658 389 3684 c.
418 3654 469 3681 M.
500 3653 515 3679 1
528 3654 552 3679 v
567 3655 605 3681 L.
636 3653 657 3680 P
668 3655 696 3681 Η
709 3653 723 3680 1
733 3653 759 3680 L
771 3653 786 3679 1
798 3651 819 3678 P
831 3651 853 3677 P
864 3651 899 3678 o.
932 3651 958 3677 A
973 3650 999 3676 v
1012 3650 1053 3676 G.
1082 3636 1214 3690 Caput
1232 3633 1400 3690 Philippi
1411 3631 1584 3690 junioris
1599 3632 1821 3673 laureatum.

273 3719 295 3744 c
308 3716 333 3741 o
348 3715 386 3740 L.
422 3711 448 3737 N
462 3710 486 3736 E
503 3711 526 3736 A
542 3709 562 3734 P
574 3710 598 3736 o
610 3710 644 3735 L.
677 3710 707 3735 N
724 3711 745 3735 Ε
758 3712 783 3736 0
793 3710 815 3735 c
827 3709 853 3733 ο
867 3707 896 3733 R
907 3708 942 3733 0.
975 3692 1131 3733 Colonia
1146 3690 1332 3744 Neapolis
1352 3690 1554 3730 Neocoros.
1593 3689 1735 3742 Aquila
1757 3686 1826 3726 alis
1842 3681 2019 3738 expansis
2028 3709 2040 3730 ,
2067 3680 2177 3736 supra
2196 3697 2315 3738 quam

326 3767 461 3799 mons,
491 3753 531 3791 in
547 3751 655 3802 cujus
672 3753 813 3791 vertice
830 3749 1017 3804 templum
1029 3775 1041 3795 ‚
1071 3762 1118 3788 ex
1136 3746 1295 3788 adverso
1311 3747 1458 3788 Silenus
1474 3745 1648 3786 dextram
1667 3743 1707 3784 in
1722 3742 1839 3782 altum
1855 3739 2012 3786 attollit,
2041 3737 2206 3780 humero
2220 3740 2318 3784 laevo

325 3823 451 3850 utrem
466 3808 652 3848 hircinum
670 3807 775 3859 gerit.

265 3888 458 3943 Neapolis
482 3885 658 3928 Samariae
682 3883 746 3924 seu
771 3883 884 3938 Syriae
909 3882 1115 3925 Palaestinae
1139 3880 1230 3922 urbs
1245 3907 1258 3930 ,
1287 3880 1308 3921 ἐι
1322 3878 1506 3935 Philippo
1525 3876 1695 3919 Colonia
1715 3874 1919 3916 constituta
1938 3872 1992 3914 est
2007 3899 2020 3920 ‚
2049 3875 2089 3913 &
2107 3871 2318 3976 Νεοὲεέἱξῗ
