<?xml version="1.0" encoding="UTF-8"?>
<!DOCTYPE html PUBLIC "-//W3C//DTD XHTML 1.0 Transitional//EN"
    "http://www.w3.org/TR/xhtml1/DTD/xhtml1-transitional.dtd">
<html xmlns="http://www.w3.org/1999/xhtml" xml:lang="en" lang="en">
 <head>
  <title>
</title>
<meta http-equiv="Content-Type" content="text/html;charset=utf-8" />
  <meta name='ocr-system' content='tesseract 3.04.00' />
  <meta name='ocr-capabilities' content='ocr_page ocr_carea ocr_par ocr_line ocrx_word'/>
</head>
<body>
  <div class='ocr_page' id='page_1' title='image "./numismatareaim00foyv_0157.png"; bbox 0 0 2574 4214; ppageno 0'>
   <div class='ocr_carea' id='block_1_1' title="bbox 5 636 32 2370">
    <p class='ocr_par' dir='ltr' id='par_1_1' title="bbox 5 636 32 2370">
     <span class='ocr_line' id='line_1_1' title="bbox 5 636 32 2370; baseline 0 0"><span class='ocrx_word' id='word_1_1' title='bbox 5 636 32 2370; x_wconf 95' lang='lat' dir='ltr'> </span> 
     </span>
    </p>
   </div>
   <div class='ocr_carea' id='block_1_2' title="bbox 2193 177 2286 235">
    <p class='ocr_par' dir='ltr' id='par_1_2' title="bbox 2193 177 2286 235">
     <span class='ocr_line' id='line_1_2' title="bbox 2193 177 2286 235; baseline 0.022 -13"><span class='ocrx_word' id='word_1_2' title='bbox 2193 177 2286 235; x_wconf 60' lang='lat' dir='ltr'>igf‘i&#39;</span> 
     </span>
    </p>
   </div>
   <div class='ocr_carea' id='block_1_3' title="bbox 1213 277 2271 424">
    <p class='ocr_par' dir='ltr' id='par_1_3' title="bbox 1213 277 2271 424">
     <span class='ocr_line' id='line_1_3' title="bbox 1213 277 2271 424; baseline -0.004 0"><span class='ocrx_word' id='word_1_3' title='bbox 1213 277 2271 424; x_wconf 28' lang='lat' dir='ltr'>ssfaaassaasaaaasa</span> 
     </span>
    </p>
   </div>
   <div class='ocr_carea' id='block_1_4' title="bbox 202 272 1303 431">
    <p class='ocr_par' dir='ltr' id='par_1_4' title="bbox 202 272 1303 431">
     <span class='ocr_line' id='line_1_4' title="bbox 202 272 1303 431; baseline 0 0"><span class='ocrx_word' id='word_1_4' title='bbox 202 272 209 305; x_wconf 95' lang='lat' dir='ltr'> </span> <span class='ocrx_word' id='word_1_5' title='bbox 251 272 1303 305; x_wconf 95' lang='lat' dir='ltr'>  </span> <span class='ocrx_word' id='word_1_6' title='bbox 322 302 1303 431; x_wconf 95' lang='lat' dir='ltr'>  </span> 
     </span>
    </p>
   </div>
   <div class='ocr_carea' id='block_1_5' title="bbox 201 361 408 434">
    <p class='ocr_par' dir='ltr' id='par_1_5' title="bbox 201 348 408 434">
     <span class='ocr_line' id='line_1_5' title="bbox 201 361 408 434; baseline -0.019 0"><span class='ocrx_word' id='word_1_7' title='bbox 201 361 408 434; x_wconf 47' lang='lat' dir='ltr'>35&amp;ss</span> 
     </span>
    </p>
   </div>
   <div class='ocr_carea' id='block_1_6' title="bbox 518 482 1952 1031">
    <p class='ocr_par' dir='ltr' id='par_1_6' title="bbox 518 482 1952 1031">
     <span class='ocr_line' id='line_1_6' title="bbox 518 482 1952 1031; baseline 0 3183"><span class='ocrx_word' id='word_1_8' title='bbox 518 482 1952 1031; x_wconf 95' lang='lat' dir='ltr'> </span> 
     </span>
    </p>
   </div>
   <div class='ocr_carea' id='block_1_7' title="bbox 174 1165 2290 1675">
    <p class='ocr_par' dir='ltr' id='par_1_7' title="bbox 174 1165 2290 1675">
     <span class='ocr_line' id='line_1_7' title="bbox 189 1165 2273 1228; baseline -0.004 -12"><span class='ocrx_word' id='word_1_9' title='bbox 189 1179 199 1192; x_wconf 64' lang='grc'>“’</span> <span class='ocrx_word' id='word_1_10' title='bbox 213 1187 214 1191; x_wconf 74' lang='grc'>’</span> <span class='ocrx_word' id='word_1_11' title='bbox 294 1177 351 1201; x_wconf 63' lang='lat' dir='ltr'><em>W</em></span> <span class='ocrx_word' id='word_1_12' title='bbox 370 1170 400 1216; x_wconf 80' lang='lat' dir='ltr'>&#39;E</span> <span class='ocrx_word' id='word_1_13' title='bbox 411 1189 429 1216; x_wconf 88' lang='lat' dir='ltr'>s</span> <span class='ocrx_word' id='word_1_14' title='bbox 442 1189 463 1216; x_wconf 74' lang='lat' dir='ltr'>p</span> <span class='ocrx_word' id='word_1_15' title='bbox 475 1188 498 1215; x_wconf 82' lang='lat' dir='ltr'>A</span> <span class='ocrx_word' id='word_1_16' title='bbox 517 1187 535 1214; x_wconf 91' lang='lat' dir='ltr'>s</span> <span class='ocrx_word' id='word_1_17' title='bbox 549 1188 564 1214; x_wconf 96' lang='lat'>1</span> <span class='ocrx_word' id='word_1_18' title='bbox 577 1187 601 1214; x_wconf 80' lang='lat' dir='ltr'>A</span> <span class='ocrx_word' id='word_1_19' title='bbox 616 1176 646 1214; x_wconf 65' lang='lat' dir='ltr'>n</span> <span class='ocrx_word' id='word_1_20' title='bbox 657 1187 684 1214; x_wconf 87' lang='lat' dir='ltr'><strong>v</strong></span> <span class='ocrx_word' id='word_1_21' title='bbox 696 1186 715 1213; x_wconf 90' lang='lat' dir='ltr'>s</span> <span class='ocrx_word' id='word_1_22' title='bbox 744 1172 794 1213; x_wconf 86' lang='lat' dir='ltr'>ad</span> <span class='ocrx_word' id='word_1_23' title='bbox 809 1173 1018 1228; x_wconf 85' lang='lat' dir='ltr'>Imperium</span> <span class='ocrx_word' id='word_1_24' title='bbox 1034 1169 1210 1220; x_wconf 59' lang='lat' dir='ltr'>evectus,</span> <span class='ocrx_word' id='word_1_25' title='bbox 1236 1171 1320 1226; x_wconf 88' lang='lat' dir='ltr'>ejus</span> <span class='ocrx_word' id='word_1_26' title='bbox 1328 1170 1415 1226; x_wconf 88' lang='lat' dir='ltr'>jura</span> <span class='ocrx_word' id='word_1_27' title='bbox 1426 1181 1564 1224; x_wconf 87' lang='lat' dir='ltr'>augere</span> <span class='ocrx_word' id='word_1_28' title='bbox 1576 1165 1732 1210; x_wconf 77' lang='lat' dir='ltr'>studens</span> <span class='ocrx_word' id='word_1_29' title='bbox 1741 1194 1753 1214; x_wconf 84' lang='lat'>‚</span> <span class='ocrx_word' id='word_1_30' title='bbox 1781 1165 1970 1209; x_wconf 86' lang='lat' dir='ltr'>Colonias</span> <span class='ocrx_word' id='word_1_31' title='bbox 1985 1166 2146 1210; x_wconf 84' lang='lat' dir='ltr'>deduxit</span> <span class='ocrx_word' id='word_1_32' title='bbox 2158 1165 2273 1208; x_wconf 73' lang='lat' dir='ltr'>Abel-</span> 
     </span>
     <span class='ocr_line' id='line_1_8' title="bbox 184 1223 2272 1284; baseline -0.004 -12"><span class='ocrx_word' id='word_1_33' title='bbox 184 1232 231 1281; x_wconf 51' lang='lat' dir='ltr'>jjff-</span> <span class='ocrx_word' id='word_1_34' title='bbox 255 1229 290 1283; x_wconf 46' lang='grc' dir='ltr'>ᾖξ’</span> <span class='ocrx_word' id='word_1_35' title='bbox 301 1232 328 1281; x_wconf 49' lang='grc' dir='ltr'>ξ’</span> <span class='ocrx_word' id='word_1_36' title='bbox 343 1250 353 1277; x_wconf 59' lang='lat'>5</span> <span class='ocrx_word' id='word_1_37' title='bbox 364 1231 442 1272; x_wconf 86' lang='lat' dir='ltr'>lam</span> <span class='ocrx_word' id='word_1_38' title='bbox 465 1230 723 1284; x_wconf 82' lang='lat' dir='ltr'>Municipium</span> <span class='ocrx_word' id='word_1_39' title='bbox 742 1231 782 1269; x_wconf 91' lang='lat' dir='ltr'>in</span> <span class='ocrx_word' id='word_1_40' title='bbox 801 1229 1055 1283; x_wconf 82' lang='lat' dir='ltr'>Campaniam</span> <span class='ocrx_word' id='word_1_41' title='bbox 1073 1256 1085 1276; x_wconf 91' lang='lat'>,</span> <span class='ocrx_word' id='word_1_42' title='bbox 1115 1231 1323 1281; x_wconf 60' lang='lat' dir='ltr'>Caesaream</span> <span class='ocrx_word' id='word_1_43' title='bbox 1347 1227 1386 1267; x_wconf 92' lang='lat' dir='ltr'>in</span> <span class='ocrx_word' id='word_1_44' title='bbox 1410 1226 1641 1266; x_wconf 78' lang='lat' dir='ltr'>Palaestinam</span> <span class='ocrx_word' id='word_1_45' title='bbox 1654 1253 1666 1272; x_wconf 87' lang='lat'>,</span> <span class='ocrx_word' id='word_1_46' title='bbox 1695 1224 1891 1264; x_wconf 79' lang='lat' dir='ltr'>Deultum</span> <span class='ocrx_word' id='word_1_47' title='bbox 1911 1227 1949 1264; x_wconf 74' lang='grc' dir='ltr'>δε</span> <span class='ocrx_word' id='word_1_48' title='bbox 1966 1223 2217 1279; x_wconf 78' lang='lat' dir='ltr'>Flaviopolim</span> <span class='ocrx_word' id='word_1_49' title='bbox 2236 1223 2272 1264; x_wconf 85' lang='lat' dir='ltr'>in</span> 
     </span>
     <span class='ocr_line' id='line_1_9' title="bbox 184 1276 2270 1339; baseline -0.003 -12"><span class='ocrx_word' id='word_1_50' title='bbox 184 1276 232 1301; x_wconf 39' lang='lat'>“⁸³“</span> <span class='ocrx_word' id='word_1_51' title='bbox 279 1281 353 1328; x_wconf 46' lang='grc' dir='ltr'>[Ἐξ</span> <span class='ocrx_word' id='word_1_52' title='bbox 365 1287 570 1327; x_wconf 81' lang='lat' dir='ltr'>Thraciam</span> <span class='ocrx_word' id='word_1_53' title='bbox 588 1311 600 1332; x_wconf 92' lang='lat'><strong><em>,</em></strong></span> <span class='ocrx_word' id='word_1_54' title='bbox 627 1283 780 1336; x_wconf 82' lang='lat' dir='ltr'>Jcofium</span> <span class='ocrx_word' id='word_1_55' title='bbox 797 1311 807 1331; x_wconf 89' lang='lat'>‚</span> <span class='ocrx_word' id='word_1_56' title='bbox 836 1284 945 1339; x_wconf 93' lang='lat' dir='ltr'>quod</span> <span class='ocrx_word' id='word_1_57' title='bbox 966 1284 1065 1324; x_wconf 89' lang='lat' dir='ltr'>Latii</span> <span class='ocrx_word' id='word_1_58' title='bbox 1084 1283 1172 1336; x_wconf 87' lang='lat' dir='ltr'>jure</span> <span class='ocrx_word' id='word_1_59' title='bbox 1194 1283 1355 1324; x_wconf 87' lang='lat' dir='ltr'>donavit</span> <span class='ocrx_word' id='word_1_60' title='bbox 1376 1296 1424 1322; x_wconf 84' lang='lat' dir='ltr'>ex</span> <span class='ocrx_word' id='word_1_61' title='bbox 1441 1281 1562 1322; x_wconf 87' lang='lat' dir='ltr'>Plinio</span> <span class='ocrx_word' id='word_1_62' title='bbox 1579 1309 1591 1329; x_wconf 88' lang='lat'>,</span> <span class='ocrx_word' id='word_1_63' title='bbox 1619 1282 1659 1321; x_wconf 91' lang='lat' dir='ltr'>in</span> <span class='ocrx_word' id='word_1_64' title='bbox 1676 1280 1960 1322; x_wconf 87' lang='lat' dir='ltr'>Mauretaniam</span> <span class='ocrx_word' id='word_1_65' title='bbox 1980 1279 2270 1327; x_wconf 80' lang='lat' dir='ltr'>Caesariensem‚</span> 
     </span>
     <span class='ocr_line' id='line_1_10' title="bbox 212 1330 2270 1395; baseline -0.003 -12"><span class='ocrx_word' id='word_1_66' title='bbox 212 1334 217 1345; x_wconf 82' lang='grc'><strong>’</strong></span> <span class='ocrx_word' id='word_1_67' title='bbox 281 1330 316 1347; x_wconf 55' lang='lat'>“¹</span> <span class='ocrx_word' id='word_1_68' title='bbox 369 1341 514 1383; x_wconf 86' lang='lat' dir='ltr'>Nolam</span> <span class='ocrx_word' id='word_1_69' title='bbox 531 1342 570 1381; x_wconf 90' lang='lat' dir='ltr'>in</span> <span class='ocrx_word' id='word_1_70' title='bbox 587 1340 842 1395; x_wconf 84' lang='lat' dir='ltr'>Campaniam</span> <span class='ocrx_word' id='word_1_71' title='bbox 859 1353 907 1382; x_wconf 86' lang='lat' dir='ltr'>ex</span> <span class='ocrx_word' id='word_1_72' title='bbox 927 1339 1142 1385; x_wconf 86' lang='lat' dir='ltr'>Frontino,</span> <span class='ocrx_word' id='word_1_73' title='bbox 1172 1339 1462 1379; x_wconf 83' lang='lat' dir='ltr'>‘Panormitanae</span> <span class='ocrx_word' id='word_1_74' title='bbox 1477 1337 1657 1378; x_wconf 80' lang='lat' dir='ltr'>Coloniae</span> <span class='ocrx_word' id='word_1_75' title='bbox 1679 1335 1913 1378; x_wconf 87' lang='lat' dir='ltr'>territorium</span> <span class='ocrx_word' id='word_1_76' title='bbox 1932 1335 2136 1378; x_wconf 88' lang='lat' dir='ltr'>Veteranis</span> <span class='ocrx_word' id='word_1_77' title='bbox 2157 1340 2196 1377; x_wconf 86' lang='lat'><strong>&amp;</strong></span> <span class='ocrx_word' id='word_1_78' title='bbox 2215 1335 2270 1376; x_wconf 80' lang='lat' dir='ltr'>fa·</span> 
     </span>
     <span class='ocr_line' id='line_1_11' title="bbox 177 1390 2270 1452; baseline -0.003 -13"><span class='ocrx_word' id='word_1_79' title='bbox 177 1396 289 1443; x_wconf 81' lang='lat' dir='ltr'>miliae</span> <span class='ocrx_word' id='word_1_80' title='bbox 309 1397 382 1439; x_wconf 85' lang='lat' dir='ltr'>suae</span> <span class='ocrx_word' id='word_1_81' title='bbox 404 1396 610 1452; x_wconf 84' lang='lat' dir='ltr'>affignavir.</span> <span class='ocrx_word' id='word_1_82' title='bbox 646 1395 831 1436; x_wconf 86' lang='lat' dir='ltr'>Eusebius</span> <span class='ocrx_word' id='word_1_83' title='bbox 848 1396 887 1436; x_wconf 91' lang='lat' dir='ltr'>in</span> <span class='ocrx_word' id='word_1_84' title='bbox 905 1391 1107 1436; x_wconf 91' lang='lat' dir='ltr'>Chronico</span> <span class='ocrx_word' id='word_1_85' title='bbox 1132 1408 1191 1433; x_wconf 78' lang='lat' dir='ltr'>an.</span> <span class='ocrx_word' id='word_1_86' title='bbox 1212 1390 1325 1434; x_wconf 90' lang='lat' dir='ltr'>CHr.</span> <span class='ocrx_word' id='word_1_87' title='bbox 1345 1396 1406 1442; x_wconf 89' lang='lat'>69.</span> <span class='ocrx_word' id='word_1_88' title='bbox 1435 1393 1513 1439; x_wconf 85' lang='lat' dir='ltr'>ait,</span> <span class='ocrx_word' id='word_1_89' title='bbox 1542 1392 1720 1433; x_wconf 76' lang='lat' dir='ltr'>Colonias</span> <span class='ocrx_word' id='word_1_90' title='bbox 1739 1391 1912 1432; x_wconf 79' lang='lat' dir='ltr'>deduxit.</span> <span class='ocrx_word' id='word_1_91' title='bbox 1951 1391 2139 1432; x_wconf 87' lang='lat' dir='ltr'>Achaiam</span> <span class='ocrx_word' id='word_1_92' title='bbox 2155 1419 2167 1439; x_wconf 91' lang='lat'>,</span> <span class='ocrx_word' id='word_1_93' title='bbox 2197 1392 2270 1446; x_wconf 84' lang='lat' dir='ltr'>Ly-</span> 
     </span>
     <span class='ocr_line' id='line_1_12' title="bbox 176 1447 2271 1503; baseline -0.003 -8"><span class='ocrx_word' id='word_1_94' title='bbox 176 1455 295 1501; x_wconf 89' lang='lat' dir='ltr'>ciam,</span> <span class='ocrx_word' id='word_1_95' title='bbox 324 1452 513 1494; x_wconf 89' lang='lat' dir='ltr'>Rhodum</span> <span class='ocrx_word' id='word_1_96' title='bbox 531 1457 569 1493; x_wconf 74' lang='grc' dir='ltr'>δε</span> <span class='ocrx_word' id='word_1_97' title='bbox 583 1451 778 1493; x_wconf 88' lang='lat' dir='ltr'>Samnium</span> <span class='ocrx_word' id='word_1_98' title='bbox 797 1451 953 1498; x_wconf 89' lang='lat' dir='ltr'>insulas,</span> <span class='ocrx_word' id='word_1_99' title='bbox 972 1454 1010 1491; x_wconf 85' lang='lat'>&amp;</span> <span class='ocrx_word' id='word_1_100' title='bbox 1024 1449 1255 1503; x_wconf 85' lang='lat' dir='ltr'>Byzantium</span> <span class='ocrx_word' id='word_1_101' title='bbox 1271 1450 1445 1490; x_wconf 88' lang='lat' dir='ltr'>libertate</span> <span class='ocrx_word' id='word_1_102' title='bbox 1462 1448 1621 1503; x_wconf 90' lang='lat' dir='ltr'>privavit</span> <span class='ocrx_word' id='word_1_103' title='bbox 1628 1466 1641 1495; x_wconf 75' lang='lat'>5</span> <span class='ocrx_word' id='word_1_104' title='bbox 1667 1447 1898 1494; x_wconf 90' lang='lat' dir='ltr'>Thraciam,</span> <span class='ocrx_word' id='word_1_105' title='bbox 1911 1447 2086 1487; x_wconf 85' lang='lat' dir='ltr'>Ciliciam</span> <span class='ocrx_word' id='word_1_106' title='bbox 2097 1450 2136 1487; x_wconf 87' lang='lat'>&amp;</span> <span class='ocrx_word' id='word_1_107' title='bbox 2149 1447 2271 1488; x_wconf 90' lang='lat' dir='ltr'>Com·</span> 
     </span>
     <span class='ocr_line' id='line_1_13' title="bbox 174 1502 2272 1564; baseline -0.003 -14"><span class='ocrx_word' id='word_1_108' title='bbox 174 1522 376 1564; x_wconf 86' lang='lat' dir='ltr'>magenam</span> <span class='ocrx_word' id='word_1_109' title='bbox 390 1508 544 1549; x_wconf 85' lang='lat' dir='ltr'>ditionis</span> <span class='ocrx_word' id='word_1_110' title='bbox 566 1507 748 1548; x_wconf 87' lang='lat' dir='ltr'>Antiochi</span> <span class='ocrx_word' id='word_1_111' title='bbox 770 1507 889 1561; x_wconf 83' lang='lat' dir='ltr'>Regis</span> <span class='ocrx_word' id='word_1_112' title='bbox 907 1507 947 1546; x_wconf 89' lang='lat' dir='ltr'>in</span> <span class='ocrx_word' id='word_1_113' title='bbox 965 1505 1249 1560; x_wconf 88' lang='lat' dir='ltr'>provinciarum</span> <span class='ocrx_word' id='word_1_114' title='bbox 1266 1504 1431 1545; x_wconf 91' lang='lat' dir='ltr'>formam</span> <span class='ocrx_word' id='word_1_115' title='bbox 1447 1503 1592 1559; x_wconf 79' lang='lat' dir='ltr'>redegit</span> <span class='ocrx_word' id='word_1_116' title='bbox 1607 1523 1619 1550; x_wconf 78' lang='lat'>3</span> <span class='ocrx_word' id='word_1_117' title='bbox 1649 1517 1729 1544; x_wconf 91' lang='lat' dir='ltr'>non</span> <span class='ocrx_word' id='word_1_118' title='bbox 1750 1515 1881 1544; x_wconf 88' lang='lat' dir='ltr'>autem</span> <span class='ocrx_word' id='word_1_119' title='bbox 1898 1502 2106 1543; x_wconf 89' lang='lat' dir='ltr'>Thraciam</span> <span class='ocrx_word' id='word_1_120' title='bbox 2119 1530 2132 1550; x_wconf 84' lang='lat'>‚</span> <span class='ocrx_word' id='word_1_121' title='bbox 2162 1511 2205 1544; x_wconf 81' lang='lat' dir='ltr'>ut</span> <span class='ocrx_word' id='word_1_122' title='bbox 2225 1515 2272 1544; x_wconf 87' lang='lat' dir='ltr'>ex</span> 
     </span>
     <span class='ocr_line' id='line_1_14' title="bbox 174 1557 2274 1618; baseline -0.003 -12"><span class='ocrx_word' id='word_1_123' title='bbox 174 1565 361 1606; x_wconf 89' lang='lat' dir='ltr'>Suetonio</span> <span class='ocrx_word' id='word_1_124' title='bbox 378 1564 512 1618; x_wconf 85' lang='lat' dir='ltr'>legitur</span> <span class='ocrx_word' id='word_1_125' title='bbox 530 1577 611 1617; x_wconf 89' lang='lat' dir='ltr'>cap.</span> <span class='ocrx_word' id='word_1_126' title='bbox 635 1565 669 1603; x_wconf 92' lang='lat'>8.</span> <span class='ocrx_word' id='word_1_127' title='bbox 689 1561 784 1602; x_wconf 86' lang='lat' dir='ltr'>ficut</span> <span class='ocrx_word' id='word_1_128' title='bbox 799 1576 846 1603; x_wconf 88' lang='lat' dir='ltr'>ex</span> <span class='ocrx_word' id='word_1_129' title='bbox 864 1562 986 1617; x_wconf 86' lang='lat' dir='ltr'>Regis</span> <span class='ocrx_word' id='word_1_130' title='bbox 1001 1562 1279 1616; x_wconf 85' lang='lat' dir='ltr'>Commagenae</span> <span class='ocrx_word' id='word_1_131' title='bbox 1294 1561 1460 1601; x_wconf 89' lang='lat' dir='ltr'>nummis</span> <span class='ocrx_word' id='word_1_132' title='bbox 1474 1561 1513 1600; x_wconf 91' lang='lat' dir='ltr'>in</span> <span class='ocrx_word' id='word_1_133' title='bbox 1530 1559 1700 1601; x_wconf 90' lang='lat' dir='ltr'>secundo</span> <span class='ocrx_word' id='word_1_134' title='bbox 1718 1570 1828 1600; x_wconf 91' lang='lat' dir='ltr'>tomo</span> <span class='ocrx_word' id='word_1_135' title='bbox 1846 1557 1897 1598; x_wconf 91' lang='lat' dir='ltr'>de</span> <span class='ocrx_word' id='word_1_136' title='bbox 1913 1559 2028 1612; x_wconf 84' lang='lat' dir='ltr'>Syriae</span> <span class='ocrx_word' id='word_1_137' title='bbox 2045 1557 2274 1599; x_wconf 80' lang='lat' dir='ltr'>Praefidibus</span> 
     </span>
     <span class='ocr_line' id='line_1_15' title="bbox 174 1613 2290 1675; baseline -0.002 -15"><span class='ocrx_word' id='word_1_138' title='bbox 174 1620 380 1675; x_wconf 81' lang='lat' dir='ltr'>aliquando</span> <span class='ocrx_word' id='word_1_139' title='bbox 406 1619 531 1659; x_wconf 88' lang='lat' dir='ltr'>sumus</span> <span class='ocrx_word' id='word_1_140' title='bbox 554 1617 856 1668; x_wconf 87' lang='lat' dir='ltr'>demonstraturi.</span> <span class='ocrx_word' id='word_1_141' title='bbox 896 1617 1150 1671; x_wconf 77' lang='lat' dir='ltr'>Vespasianus</span> <span class='ocrx_word' id='word_1_142' title='bbox 1168 1630 1241 1658; x_wconf 89' lang='lat' dir='ltr'>tres</span> <span class='ocrx_word' id='word_1_143' title='bbox 1261 1617 1453 1672; x_wconf 88' lang='lat' dir='ltr'>Legiones</span> <span class='ocrx_word' id='word_1_144' title='bbox 1469 1615 1652 1662; x_wconf 83' lang='lat' dir='ltr'>instituit,</span> <span class='ocrx_word' id='word_1_145' title='bbox 1686 1628 1747 1656; x_wconf 79' lang='lat'>11,</span> <span class='ocrx_word' id='word_1_146' title='bbox 1766 1613 2032 1655; x_wconf 76' lang='lat' dir='ltr'>Auxiliariam</span> <span class='ocrx_word' id='word_1_147' title='bbox 2051 1615 2092 1655; x_wconf 89' lang='lat' dir='ltr'>in</span> <span class='ocrx_word' id='word_1_148' title='bbox 2108 1615 2290 1666; x_wconf 61' lang='lat' dir='ltr'>Germa-s</span> 
     </span>
    </p>
   </div>
   <div class='ocr_carea' id='block_1_8' title="bbox 172 1669 2096 1729">
    <p class='ocr_par' dir='ltr' id='par_1_8' title="bbox 172 1669 2096 1729">
     <span class='ocr_line' id='line_1_16' title="bbox 172 1669 2096 1729; baseline -0.003 -13"><span class='ocrx_word' id='word_1_149' title='bbox 172 1688 257 1722; x_wconf 83' lang='lat' dir='ltr'>ma,</span> <span class='ocrx_word' id='word_1_150' title='bbox 289 1688 351 1715; x_wconf 81' lang='lat' dir='ltr'>lv.</span> <span class='ocrx_word' id='word_1_151' title='bbox 373 1672 551 1715; x_wconf 81' lang='lat' dir='ltr'>Flaviam</span> <span class='ocrx_word' id='word_1_152' title='bbox 563 1672 723 1713; x_wconf 63' lang='lat' dir='ltr'>Felicem</span> <span class='ocrx_word' id='word_1_153' title='bbox 741 1672 781 1712; x_wconf 90' lang='lat' dir='ltr'>in</span> <span class='ocrx_word' id='word_1_154' title='bbox 798 1673 924 1729; x_wconf 90' lang='lat' dir='ltr'>Syria,</span> <span class='ocrx_word' id='word_1_155' title='bbox 953 1687 1041 1713; x_wconf 85' lang='lat' dir='ltr'>xvi.</span> <span class='ocrx_word' id='word_1_156' title='bbox 1066 1671 1248 1713; x_wconf 73' lang='lat' dir='ltr'>flaviam</span> <span class='ocrx_word' id='word_1_157' title='bbox 1263 1671 1426 1713; x_wconf 84' lang='lat' dir='ltr'>Felicem</span> <span class='ocrx_word' id='word_1_158' title='bbox 1440 1669 1606 1712; x_wconf 82' lang='lat' dir='ltr'>Fidelem</span> <span class='ocrx_word' id='word_1_159' title='bbox 1625 1672 1665 1711; x_wconf 91' lang='lat' dir='ltr'>in</span> <span class='ocrx_word' id='word_1_160' title='bbox 1679 1670 1889 1712; x_wconf 87' lang='lat' dir='ltr'>Germania</span> <span class='ocrx_word' id='word_1_161' title='bbox 1904 1669 2096 1712; x_wconf 78' lang='lat' dir='ltr'>inferiore.</span> 
     </span>
    </p>
   </div>
   <div class='ocr_carea' id='block_1_9' title="bbox 169 1757 2270 1858">
    <p class='ocr_par' dir='ltr' id='par_1_9' title="bbox 169 1757 2270 1858">
     <span class='ocr_line' id='line_1_17' title="bbox 225 1757 2270 1857; baseline -0.001 -55"><span class='ocrx_word' id='word_1_162' title='bbox 225 1760 267 1802; x_wconf 96' lang='lat' dir='ltr'>V</span> <span class='ocrx_word' id='word_1_163' title='bbox 276 1774 318 1857; x_wconf 50' lang='lat'>12]</span> <span class='ocrx_word' id='word_1_164' title='bbox 311 1776 330 1800; x_wconf 81' lang='lat' dir='ltr'>s</span> <span class='ocrx_word' id='word_1_165' title='bbox 343 1770 364 1800; x_wconf 76' lang='grc' dir='ltr'>Ρ</span> <span class='ocrx_word' id='word_1_166' title='bbox 378 1775 403 1800; x_wconf 84' lang='lat' dir='ltr'>A</span> <span class='ocrx_word' id='word_1_167' title='bbox 419 1772 438 1799; x_wconf 89' lang='lat' dir='ltr'>s</span> <span class='ocrx_word' id='word_1_168' title='bbox 453 1775 468 1800; x_wconf 92' lang='lat'>1</span> <span class='ocrx_word' id='word_1_169' title='bbox 484 1771 506 1800; x_wconf 78' lang='grc' dir='ltr'><strong>Α</strong></span> <span class='ocrx_word' id='word_1_170' title='bbox 523 1774 553 1800; x_wconf 79' lang='lat' dir='ltr'>N</span> <span class='ocrx_word' id='word_1_171' title='bbox 566 1774 582 1800; x_wconf 94' lang='lat'>1</span> <span class='ocrx_word' id='word_1_172' title='bbox 612 1759 850 1801; x_wconf 77' lang='lat' dir='ltr'>Coloniarum</span> <span class='ocrx_word' id='word_1_173' title='bbox 866 1762 1008 1802; x_wconf 78' lang='lat' dir='ltr'>nummi</span> <span class='ocrx_word' id='word_1_174' title='bbox 1009 1759 1191 1812; x_wconf 73' lang='lat' dir='ltr'>ficundae</span> <span class='ocrx_word' id='word_1_175' title='bbox 1205 1758 1254 1804; x_wconf 58' lang='grc' dir='ltr'>ἐφ’</span> <span class='ocrx_word' id='word_1_176' title='bbox 1268 1758 1575 1814; x_wconf 71' lang='lat' dir='ltr'>minimaefhrmae</span> <span class='ocrx_word' id='word_1_177' title='bbox 1590 1758 1774 1801; x_wconf 68' lang='lat' dir='ltr'>hatJenus</span> <span class='ocrx_word' id='word_1_178' title='bbox 1787 1757 1980 1811; x_wconf 82' lang='lat' dir='ltr'>observati</span> <span class='ocrx_word' id='word_1_179' title='bbox 1996 1785 2009 1807; x_wconf 82' lang='grc'>,</span> <span class='ocrx_word' id='word_1_180' title='bbox 2035 1759 2135 1800; x_wconf 77' lang='lat' dir='ltr'>inter</span> <span class='ocrx_word' id='word_1_181' title='bbox 2153 1758 2270 1811; x_wconf 63' lang='lat' dir='ltr'>raria-n</span> 
     </span>
     <span class='ocr_line' id='line_1_18' title="bbox 169 1825 478 1858; baseline 0.003 -3"><span class='ocrx_word' id='word_1_182' title='bbox 169 1829 229 1855; x_wconf 78' lang='lat' dir='ltr'>tes</span> <span class='ocrx_word' id='word_1_183' title='bbox 243 1830 284 1856; x_wconf 89' lang='lat' dir='ltr'>co</span> <span class='ocrx_word' id='word_1_184' title='bbox 313 1825 478 1858; x_wconf 85' lang='lat' dir='ltr'>ocantur.</span> 
     </span>
    </p>
   </div>
   <div class='ocr_carea' id='block_1_10' title="bbox 177 1176 359 1348">
    <p class='ocr_par' dir='ltr' id='par_1_10' title="bbox 177 1176 359 1348">
     <span class='ocr_line' id='line_1_19' title="bbox 177 1176 359 1348; baseline 0 -135"><span class='ocrx_word' id='word_1_185' title='bbox 177 1176 359 1348; x_wconf 95' lang='lat' dir='ltr'>   </span> 
     </span>
    </p>
   </div>
   <div class='ocr_carea' id='block_1_11' title="bbox 177 1176 314 1213">
    <p class='ocr_par' dir='ltr' id='par_1_11' title="bbox 177 1176 314 1213">
     <span class='ocr_line' id='line_1_20' title="bbox 177 1176 314 1213; baseline 0 3001"><span class='ocrx_word' id='word_1_186' title='bbox 177 1176 314 1213; x_wconf 95' lang='lat' dir='ltr'> </span> 
     </span>
    </p>
   </div>
   <div class='ocr_carea' id='block_1_12' title="bbox 849 1881 1586 1934">
    <p class='ocr_par' dir='ltr' id='par_1_12' title="bbox 849 1881 1586 1934">
     <span class='ocr_line' id='line_1_21' title="bbox 849 1881 1586 1934; baseline -0.001 -9"><span class='ocrx_word' id='word_1_187' title='bbox 849 1881 1146 1924; x_wconf 80' lang='lat' dir='ltr'><em>ANTIO</em></span> <span class='ocrx_word' id='word_1_188' title='bbox 1176 1881 1408 1923; x_wconf 81' lang='lat' dir='ltr'><em>CHJA</em></span> <span class='ocrx_word' id='word_1_189' title='bbox 1459 1881 1586 1934; x_wconf 75' lang='lat' dir='ltr'>Syriae.</span> 
     </span>
    </p>
   </div>
   <div class='ocr_carea' id='block_1_13' title="bbox 1130 2041 1457 2333">
    <p class='ocr_par' dir='ltr' id='par_1_13' title="bbox 1130 2041 1457 2333">
     <span class='ocr_line' id='line_1_22' title="bbox 1130 2041 1457 2333; baseline 0 1881"><span class='ocrx_word' id='word_1_190' title='bbox 1130 2041 1457 2333; x_wconf 95' lang='lat' dir='ltr'> </span> 
     </span>
    </p>
   </div>
   <div class='ocr_carea' id='block_1_14' title="bbox 166 2413 1738 2538">
    <p class='ocr_par' dir='ltr' id='par_1_14' title="bbox 166 2413 1738 2538">
     <span class='ocr_line' id='line_1_23' title="bbox 166 2413 1738 2484; baseline 0.003 -14"><span class='ocrx_word' id='word_1_191' title='bbox 166 2438 184 2473; x_wconf 68' lang='lat'>2</span> <span class='ocrx_word' id='word_1_192' title='bbox 197 2441 230 2471; x_wconf 82' lang='lat' dir='ltr'><strong>M</strong></span> <span class='ocrx_word' id='word_1_193' title='bbox 242 2441 278 2469; x_wconf 78' lang='grc' dir='ltr'>ι’.</span> <span class='ocrx_word' id='word_1_194' title='bbox 309 2442 332 2469; x_wconf 90' lang='lat' dir='ltr'>c</span> <span class='ocrx_word' id='word_1_195' title='bbox 346 2441 372 2468; x_wconf 81' lang='lat' dir='ltr'>A</span> <span class='ocrx_word' id='word_1_196' title='bbox 385 2441 410 2467; x_wconf 85' lang='lat' dir='ltr'><strong>E</strong></span> <span class='ocrx_word' id='word_1_197' title='bbox 423 2440 456 2468; x_wconf 85' lang='lat' dir='ltr'>s.</span> <span class='ocrx_word' id='word_1_198' title='bbox 488 2440 623 2468; x_wconf 63' lang='lat' dir='ltr'>vesp,</span> <span class='ocrx_word' id='word_1_199' title='bbox 653 2440 679 2468; x_wconf 76' lang='lat' dir='ltr'>A</span> <span class='ocrx_word' id='word_1_200' title='bbox 696 2441 722 2469; x_wconf 91' lang='lat' dir='ltr'>v</span> <span class='ocrx_word' id='word_1_201' title='bbox 734 2439 774 2467; x_wconf 82' lang='lat' dir='ltr'>G.</span> <span class='ocrx_word' id='word_1_202' title='bbox 803 2440 837 2467; x_wconf 88' lang='lat' dir='ltr'>P.</span> <span class='ocrx_word' id='word_1_203' title='bbox 862 2439 912 2467; x_wconf 91' lang='lat' dir='ltr'>M.</span> <span class='ocrx_word' id='word_1_204' title='bbox 944 2439 970 2467; x_wconf 81' lang='grc' dir='ltr'>τ</span> <span class='ocrx_word' id='word_1_205' title='bbox 981 2439 1022 2467; x_wconf 77' lang='lat' dir='ltr'>R.</span> <span class='ocrx_word' id='word_1_206' title='bbox 1053 2433 1086 2466; x_wconf 73' lang='grc' dir='ltr'>Ρ.</span> <span class='ocrx_word' id='word_1_207' title='bbox 1127 2413 1260 2483; x_wconf 88' lang='lat' dir='ltr'>Caput</span> <span class='ocrx_word' id='word_1_208' title='bbox 1275 2426 1499 2484; x_wconf 82' lang='lat' dir='ltr'>Vespasiani</span> <span class='ocrx_word' id='word_1_209' title='bbox 1513 2416 1738 2475; x_wconf 61' lang='lat' dir='ltr'>laureatum}</span> 
     </span>
     <span class='ocr_line' id='line_1_24' title="bbox 221 2481 1416 2538; baseline -0.001 -14"><span class='ocrx_word' id='word_1_210' title='bbox 221 2497 248 2523; x_wconf 76' lang='lat' dir='ltr'>A</span> <span class='ocrx_word' id='word_1_211' title='bbox 263 2497 293 2524; x_wconf 89' lang='lat' dir='ltr'>N</span> <span class='ocrx_word' id='word_1_212' title='bbox 307 2498 331 2524; x_wconf 81' lang='grc' dir='ltr'>τ</span> <span class='ocrx_word' id='word_1_213' title='bbox 344 2498 359 2523; x_wconf 95' lang='lat'>1</span> <span class='ocrx_word' id='word_1_214' title='bbox 369 2497 395 2523; x_wconf 92' lang='lat'><em>0</em></span> <span class='ocrx_word' id='word_1_215' title='bbox 409 2498 431 2524; x_wconf 87' lang='lat' dir='ltr'>c</span> <span class='ocrx_word' id='word_1_216' title='bbox 441 2497 468 2523; x_wconf 77' lang='lat' dir='ltr'>H</span> <span class='ocrx_word' id='word_1_217' title='bbox 480 2497 495 2522; x_wconf 89' lang='lat'>1</span> <span class='ocrx_word' id='word_1_218' title='bbox 508 2497 549 2523; x_wconf 76' lang='lat' dir='ltr'>A.</span> <span class='ocrx_word' id='word_1_219' title='bbox 586 2483 718 2538; x_wconf 90' lang='lat' dir='ltr'>Caput</span> <span class='ocrx_word' id='word_1_220' title='bbox 734 2482 917 2524; x_wconf 84' lang='lat' dir='ltr'>muliebre</span> <span class='ocrx_word' id='word_1_221' title='bbox 934 2481 1121 2525; x_wconf 87' lang='lat' dir='ltr'>turritum.</span> <span class='ocrx_word' id='word_1_222' title='bbox 1410 2508 1416 2513; x_wconf 93' lang='lat'>-</span> 
     </span>
    </p>
   </div>
   <div class='ocr_carea' id='block_1_15' title="bbox 154 2560 2264 3269">
    <p class='ocr_par' dir='ltr' id='par_1_15' title="bbox 154 2560 2264 3269">
     <span class='ocr_line' id='line_1_25' title="bbox 216 2560 2264 2615; baseline 0.004 -14"><span class='ocrx_word' id='word_1_223' title='bbox 216 2561 282 2602; x_wconf 90' lang='lat' dir='ltr'>Ad</span> <span class='ocrx_word' id='word_1_224' title='bbox 300 2560 545 2602; x_wconf 87' lang='lat' dir='ltr'>Antiochiam</span> <span class='ocrx_word' id='word_1_225' title='bbox 562 2561 675 2615; x_wconf 87' lang='lat' dir='ltr'>Syriae</span> <span class='ocrx_word' id='word_1_226' title='bbox 690 2561 890 2602; x_wconf 87' lang='lat' dir='ltr'>Tristanus</span> <span class='ocrx_word' id='word_1_227' title='bbox 907 2565 944 2602; x_wconf 92' lang='lat'>&amp;</span> <span class='ocrx_word' id='word_1_228' title='bbox 963 2560 1117 2602; x_wconf 89' lang='lat' dir='ltr'>Patinus</span> <span class='ocrx_word' id='word_1_229' title='bbox 1140 2561 1247 2602; x_wconf 91' lang='lat' dir='ltr'>hunc</span> <span class='ocrx_word' id='word_1_230' title='bbox 1270 2577 1474 2606; x_wconf 90' lang='lat' dir='ltr'>nummum</span> <span class='ocrx_word' id='word_1_231' title='bbox 1495 2577 1680 2608; x_wconf 89' lang='lat' dir='ltr'>revocant</span> <span class='ocrx_word' id='word_1_232' title='bbox 1696 2582 1709 2614; x_wconf 71' lang='grc' dir='ltr'><strong><em>ς</em></strong></span> <span class='ocrx_word' id='word_1_233' title='bbox 1738 2565 1777 2607; x_wconf 91' lang='grc' dir='ltr'>Ρ.</span> <span class='ocrx_word' id='word_1_234' title='bbox 1796 2565 1890 2608; x_wconf 73' lang='lat' dir='ltr'>vero</span> <span class='ocrx_word' id='word_1_235' title='bbox 1909 2565 2138 2610; x_wconf 79' lang='lat' dir='ltr'>Harduinus</span> <span class='ocrx_word' id='word_1_236' title='bbox 2155 2567 2264 2610; x_wconf 81' lang='lat' dir='ltr'>illum</span> 
     </span>
     <span class='ocr_line' id='line_1_26' title="bbox 162 2615 2263 2677; baseline 0.005 -22"><span class='ocrx_word' id='word_1_237' title='bbox 162 2615 212 2677; x_wconf 80' lang='lat' dir='ltr'>ad</span> <span class='ocrx_word' id='word_1_238' title='bbox 231 2617 477 2656; x_wconf 87' lang='lat' dir='ltr'>Antiochiam</span> <span class='ocrx_word' id='word_1_239' title='bbox 499 2615 646 2656; x_wconf 86' lang='lat' dir='ltr'>Pisidiae</span> <span class='ocrx_word' id='word_1_240' title='bbox 662 2616 871 2657; x_wconf 89' lang='lat' dir='ltr'>Coloniam</span> <span class='ocrx_word' id='word_1_241' title='bbox 889 2631 935 2658; x_wconf 87' lang='lat' dir='ltr'>ex</span> <span class='ocrx_word' id='word_1_242' title='bbox 955 2617 1038 2670; x_wconf 83' lang='lat' dir='ltr'>ejus</span> <span class='ocrx_word' id='word_1_243' title='bbox 1054 2617 1266 2672; x_wconf 81' lang='lat' dir='ltr'>epigraphe</span> <span class='ocrx_word' id='word_1_244' title='bbox 1287 2620 1424 2661; x_wconf 84' lang='lat' dir='ltr'>Latina</span> <span class='ocrx_word' id='word_1_245' title='bbox 1439 2622 1631 2676; x_wconf 82' lang='lat' dir='ltr'>pertinere</span> <span class='ocrx_word' id='word_1_246' title='bbox 1646 2623 1851 2664; x_wconf 90' lang='lat' dir='ltr'>contendit</span> <span class='ocrx_word' id='word_1_247' title='bbox 1867 2650 1880 2670; x_wconf 89' lang='lat'>,</span> <span class='ocrx_word' id='word_1_248' title='bbox 1907 2622 1975 2663; x_wconf 93' lang='lat' dir='ltr'>sed</span> <span class='ocrx_word' id='word_1_249' title='bbox 1991 2623 2074 2664; x_wconf 86' lang='lat' dir='ltr'>haec</span> <span class='ocrx_word' id='word_1_250' title='bbox 2092 2625 2134 2664; x_wconf 92' lang='lat' dir='ltr'>in</span> <span class='ocrx_word' id='word_1_251' title='bbox 2151 2638 2263 2665; x_wconf 91' lang='lat' dir='ltr'>num-</span> 
     </span>
     <span class='ocr_line' id='line_1_27' title="bbox 159 2670 2263 2731; baseline 0.005 -21"><span class='ocrx_word' id='word_1_252' title='bbox 159 2683 233 2714; x_wconf 88' lang='lat' dir='ltr'>mis</span> <span class='ocrx_word' id='word_1_253' title='bbox 251 2670 405 2711; x_wconf 82' lang='lat' dir='ltr'>Colonia</span> <span class='ocrx_word' id='word_1_254' title='bbox 423 2670 684 2722; x_wconf 77' lang='lat' dir='ltr'>Antiochensts</span> <span class='ocrx_word' id='word_1_255' title='bbox 708 2672 749 2712; x_wconf 87' lang='lat' dir='ltr'>in</span> <span class='ocrx_word' id='word_1_256' title='bbox 774 2672 953 2712; x_wconf 88' lang='lat' dir='ltr'>omnibus</span> <span class='ocrx_word' id='word_1_257' title='bbox 981 2672 1053 2712; x_wconf 94' lang='lat' dir='ltr'>suis</span> <span class='ocrx_word' id='word_1_258' title='bbox 1079 2674 1247 2713; x_wconf 90' lang='lat' dir='ltr'>nummis</span> <span class='ocrx_word' id='word_1_259' title='bbox 1271 2675 1483 2717; x_wconf 89' lang='lat' dir='ltr'>inscribitur</span> <span class='ocrx_word' id='word_1_260' title='bbox 1500 2697 1512 2724; x_wconf 77' lang='lat'><em>3</em></span> <span class='ocrx_word' id='word_1_261' title='bbox 1539 2678 1601 2718; x_wconf 85' lang='lat' dir='ltr'>illa</span> <span class='ocrx_word' id='word_1_262' title='bbox 1621 2679 1715 2718; x_wconf 78' lang='lat' dir='ltr'>vero</span> <span class='ocrx_word' id='word_1_263' title='bbox 1733 2679 1833 2719; x_wconf 90' lang='lat' dir='ltr'>Latii</span> <span class='ocrx_word' id='word_1_264' title='bbox 1849 2679 1937 2731; x_wconf 91' lang='lat' dir='ltr'>jure</span> <span class='ocrx_word' id='word_1_265' title='bbox 1956 2680 2106 2719; x_wconf 75' lang='lat' dir='ltr'>tantum</span> <span class='ocrx_word' id='word_1_266' title='bbox 2119 2706 2132 2726; x_wconf 89' lang='lat'><strong>,</strong></span> <span class='ocrx_word' id='word_1_267' title='bbox 2160 2692 2203 2720; x_wconf 91' lang='lat' dir='ltr'>ut</span> <span class='ocrx_word' id='word_1_268' title='bbox 2221 2680 2263 2720; x_wconf 87' lang='lat' dir='ltr'>in</span> 
     </span>
     <span class='ocr_line' id='line_1_28' title="bbox 159 2724 2263 2783; baseline 0.004 -17"><span class='ocrx_word' id='word_1_269' title='bbox 159 2726 334 2766; x_wconf 85' lang='lat' dir='ltr'>Othonis</span> <span class='ocrx_word' id='word_1_270' title='bbox 353 2738 513 2765; x_wconf 90' lang='lat' dir='ltr'>nummo</span> <span class='ocrx_word' id='word_1_271' title='bbox 531 2724 696 2766; x_wconf 89' lang='lat' dir='ltr'>diximus</span> <span class='ocrx_word' id='word_1_272' title='bbox 712 2753 724 2773; x_wconf 92' lang='lat'><em>‚</em></span> <span class='ocrx_word' id='word_1_273' title='bbox 753 2740 898 2767; x_wconf 90' lang='lat' dir='ltr'>nomen</span> <span class='ocrx_word' id='word_1_274' title='bbox 926 2727 1028 2766; x_wconf 90' lang='lat' dir='ltr'>urbis</span> <span class='ocrx_word' id='word_1_275' title='bbox 1047 2726 1201 2779; x_wconf 33' lang='lat' dir='ltr'>&#39;nudum</span> <span class='ocrx_word' id='word_1_276' title='bbox 1230 2731 1415 2783; x_wconf 86' lang='lat' dir='ltr'>apponit,</span> <span class='ocrx_word' id='word_1_277' title='bbox 1444 2743 1488 2772; x_wconf 93' lang='lat' dir='ltr'>ut</span> <span class='ocrx_word' id='word_1_278' title='bbox 1506 2735 1544 2771; x_wconf 91' lang='lat'>&amp;</span> <span class='ocrx_word' id='word_1_279' title='bbox 1564 2732 1721 2772; x_wconf 88' lang='lat' dir='ltr'>Abdera</span> <span class='ocrx_word' id='word_1_280' title='bbox 1737 2759 1749 2779; x_wconf 91' lang='lat'>,</span> <span class='ocrx_word' id='word_1_281' title='bbox 1778 2734 1908 2773; x_wconf 88' lang='lat' dir='ltr'>Ebora</span> <span class='ocrx_word' id='word_1_282' title='bbox 1924 2760 1937 2780; x_wconf 89' lang='lat'>,</span> <span class='ocrx_word' id='word_1_283' title='bbox 1968 2732 2070 2775; x_wconf 88' lang='lat' dir='ltr'>Osca</span> <span class='ocrx_word' id='word_1_284' title='bbox 2085 2761 2098 2781; x_wconf 91' lang='lat'>,</span> <span class='ocrx_word' id='word_1_285' title='bbox 2123 2739 2162 2775; x_wconf 74' lang='grc' dir='ltr'>ὃς</span> <span class='ocrx_word' id='word_1_286' title='bbox 2181 2734 2263 2776; x_wconf 87' lang='lat' dir='ltr'>aliae</span> 
     </span>
     <span class='ocr_line' id='line_1_29' title="bbox 160 2780 2259 2844; baseline 0.005 -23"><span class='ocrx_word' id='word_1_287' title='bbox 160 2781 271 2821; x_wconf 90' lang='lat' dir='ltr'>urbes</span> <span class='ocrx_word' id='word_1_288' title='bbox 288 2781 361 2820; x_wconf 89' lang='lat' dir='ltr'>hac</span> <span class='ocrx_word' id='word_1_289' title='bbox 378 2781 617 2822; x_wconf 83' lang='lat' dir='ltr'>immunitate</span> <span class='ocrx_word' id='word_1_290' title='bbox 635 2781 857 2836; x_wconf 88' lang='lat' dir='ltr'>gaudentes.</span> <span class='ocrx_word' id='word_1_291' title='bbox 898 2780 1176 2823; x_wconf 87' lang='lat' dir='ltr'>Antiochenses</span> <span class='ocrx_word' id='word_1_292' title='bbox 1198 2783 1297 2824; x_wconf 83' lang='lat' dir='ltr'>inter</span> <span class='ocrx_word' id='word_1_293' title='bbox 1316 2785 1461 2838; x_wconf 83' lang='lat' dir='ltr'>primos</span> <span class='ocrx_word' id='word_1_294' title='bbox 1478 2786 1714 2840; x_wconf 83' lang='lat' dir='ltr'>Vespasiano</span> <span class='ocrx_word' id='word_1_295' title='bbox 1736 2789 1757 2828; x_wconf 75' lang='lat' dir='ltr'>a</span> <span class='ocrx_word' id='word_1_296' title='bbox 1774 2788 2011 2843; x_wconf 89' lang='lat' dir='ltr'>Legionibus</span> <span class='ocrx_word' id='word_1_297' title='bbox 2029 2790 2259 2844; x_wconf 85' lang='lat' dir='ltr'>Imperatori</span> 
     </span>
     <span class='ocr_line' id='line_1_30' title="bbox 160 2834 2259 2897; baseline 0.004 -20"><span class='ocrx_word' id='word_1_298' title='bbox 160 2837 283 2877; x_wconf 66' lang='lat' dir='ltr'>ele&amp;o</span> <span class='ocrx_word' id='word_1_299' title='bbox 307 2834 495 2876; x_wconf 79' lang='lat' dir='ltr'>adhaesere</span> <span class='ocrx_word' id='word_1_300' title='bbox 510 2863 522 2883; x_wconf 91' lang='lat'>,</span> <span class='ocrx_word' id='word_1_301' title='bbox 551 2847 594 2877; x_wconf 91' lang='lat' dir='ltr'>ut</span> <span class='ocrx_word' id='word_1_302' title='bbox 613 2850 660 2876; x_wconf 88' lang='lat' dir='ltr'>ex</span> <span class='ocrx_word' id='word_1_303' title='bbox 679 2837 819 2878; x_wconf 91' lang='lat' dir='ltr'>Tacito</span> <span class='ocrx_word' id='word_1_304' title='bbox 842 2837 971 2878; x_wconf 89' lang='lat' dir='ltr'>histor.</span> <span class='ocrx_word' id='word_1_305' title='bbox 992 2837 1054 2878; x_wconf 90' lang='lat' dir='ltr'>lib.</span> <span class='ocrx_word' id='word_1_306' title='bbox 1075 2850 1111 2877; x_wconf 89' lang='lat'>2.</span> <span class='ocrx_word' id='word_1_307' title='bbox 1131 2840 1284 2880; x_wconf 83' lang='lat' dir='ltr'>eruitur.</span> <span class='ocrx_word' id='word_1_308' title='bbox 1313 2841 1423 2881; x_wconf 86' lang='lat' dir='ltr'>Ante</span> <span class='ocrx_word' id='word_1_309' title='bbox 1443 2841 1540 2882; x_wconf 76' lang='lat' dir='ltr'>Idm</span> <span class='ocrx_word' id='word_1_310' title='bbox 1556 2841 1641 2895; x_wconf 79' lang='lat' dir='ltr'>Jul.</span> <span class='ocrx_word' id='word_1_311' title='bbox 1663 2843 1772 2889; x_wconf 78' lang='lat' dir='ltr'>Syria</span> <span class='ocrx_word' id='word_1_312' title='bbox 1793 2846 1912 2885; x_wconf 88' lang='lat' dir='ltr'>omnis</span> <span class='ocrx_word' id='word_1_313' title='bbox 1931 2847 1973 2884; x_wconf 82' lang='lat' dir='ltr'>in</span> <span class='ocrx_word' id='word_1_314' title='bbox 1993 2845 2259 2897; x_wconf 81' lang='lat' dir='ltr'>eodemsacra-</span> 
     </span>
     <span class='ocr_line' id='line_1_31' title="bbox 158 2890 2259 2954; baseline 0.006 -23"><span class='ocrx_word' id='word_1_315' title='bbox 158 2899 290 2931; x_wconf 85' lang='lat' dir='ltr'>mento.</span> <span class='ocrx_word' id='word_1_316' title='bbox 330 2892 380 2932; x_wconf 89' lang='lat' dir='ltr'>Et</span> <span class='ocrx_word' id='word_1_317' title='bbox 398 2903 440 2931; x_wconf 91' lang='lat' dir='ltr'>ut</span> <span class='ocrx_word' id='word_1_318' title='bbox 457 2890 560 2944; x_wconf 89' lang='lat' dir='ltr'>apud</span> <span class='ocrx_word' id='word_1_319' title='bbox 583 2904 649 2932; x_wconf 91' lang='lat' dir='ltr'>eos</span> <span class='ocrx_word' id='word_1_320' title='bbox 672 2891 758 2933; x_wconf 86' lang='lat' dir='ltr'>duae</span> <span class='ocrx_word' id='word_1_321' title='bbox 778 2919 790 2939; x_wconf 87' lang='lat'>,</span> <span class='ocrx_word' id='word_1_322' title='bbox 820 2904 862 2934; x_wconf 93' lang='lat' dir='ltr'>ut</span> <span class='ocrx_word' id='word_1_323' title='bbox 882 2892 1073 2939; x_wconf 80' lang='lat' dir='ltr'>diximus,-</span> <span class='ocrx_word' id='word_1_324' title='bbox 1100 2904 1269 2934; x_wconf 85' lang='lat' dir='ltr'>monetae</span> <span class='ocrx_word' id='word_1_325' title='bbox 1291 2895 1480 2938; x_wconf 82' lang='lat' dir='ltr'>cudendae</span> <span class='ocrx_word' id='word_1_326' title='bbox 1505 2910 1613 2940; x_wconf 89' lang='lat' dir='ltr'>erant</span> <span class='ocrx_word' id='word_1_327' title='bbox 1637 2891 1801 2940; x_wconf 82' lang='lat' dir='ltr'>officinae</span> <span class='ocrx_word' id='word_1_328' title='bbox 1818 2927 1831 2947; x_wconf 86' lang='lat'>‚</span> <span class='ocrx_word' id='word_1_329' title='bbox 1859 2901 2023 2954; x_wconf 87' lang='lat' dir='ltr'>pecunia</span> <span class='ocrx_word' id='word_1_330' title='bbox 2046 2901 2095 2941; x_wconf 88' lang='lat' dir='ltr'>ad</span> <span class='ocrx_word' id='word_1_331' title='bbox 2116 2901 2259 2943; x_wconf 83' lang='lat' dir='ltr'>bellum</span> 
     </span>
     <span class='ocr_line' id='line_1_32' title="bbox 157 2946 2259 3010; baseline 0.005 -24"><span class='ocrx_word' id='word_1_332' title='bbox 157 2958 289 2987; x_wconf 89' lang='lat' dir='ltr'>contra</span> <span class='ocrx_word' id='word_1_333' title='bbox 306 2946 502 2987; x_wconf 88' lang='lat' dir='ltr'>Vitellium</span> <span class='ocrx_word' id='word_1_334' title='bbox 523 2946 732 3002; x_wconf 90' lang='lat' dir='ltr'>gerendum</span> <span class='ocrx_word' id='word_1_335' title='bbox 752 2949 790 2988; x_wconf 91' lang='lat' dir='ltr'>in</span> <span class='ocrx_word' id='word_1_336' title='bbox 811 2948 903 2989; x_wconf 92' lang='lat' dir='ltr'>urbe</span> <span class='ocrx_word' id='word_1_337' title='bbox 921 2948 985 2988; x_wconf 89' lang='lat' dir='ltr'>sua</span> <span class='ocrx_word' id='word_1_338' title='bbox 1001 2947 1144 3003; x_wconf 87' lang='lat' dir='ltr'>fignata</span> <span class='ocrx_word' id='word_1_339' title='bbox 1165 2949 1242 2996; x_wconf 83' lang='lat' dir='ltr'>est,</span> <span class='ocrx_word' id='word_1_340' title='bbox 1271 2964 1318 2991; x_wconf 92' lang='lat' dir='ltr'>ex</span> <span class='ocrx_word' id='word_1_341' title='bbox 1334 2951 1475 2994; x_wconf 88' lang='lat' dir='ltr'>eodem</span> <span class='ocrx_word' id='word_1_342' title='bbox 1492 2953 1687 2995; x_wconf 88' lang='lat' dir='ltr'>Historico</span> <span class='ocrx_word' id='word_1_343' title='bbox 1705 2971 1713 2996; x_wconf 91' lang='lat'>:</span> <span class='ocrx_word' id='word_1_344' title='bbox 1741 2955 1882 2996; x_wconf 79' lang='lat' dir='ltr'>Prima</span> <span class='ocrx_word' id='word_1_345' title='bbox 1900 2955 1988 2996; x_wconf 85' lang='lat' dir='ltr'>belli</span> <span class='ocrx_word' id='word_1_346' title='bbox 2002 2971 2093 2997; x_wconf 88' lang='lat' dir='ltr'>cura</span> <span class='ocrx_word' id='word_1_347' title='bbox 2107 2983 2120 3003; x_wconf 72' lang='lat'>³</span> <span class='ocrx_word' id='word_1_348' title='bbox 2149 2971 2259 3010; x_wconf 85' lang='lat' dir='ltr'>agere</span> 
     </span>
     <span class='ocr_line' id='line_1_33' title="bbox 155 3002 2258 3067; baseline 0.005 -25"><span class='ocrx_word' id='word_1_349' title='bbox 155 3002 317 3042; x_wconf 50' lang='lat' dir='ltr'>dileb‘t&#39;us</span> <span class='ocrx_word' id='word_1_350' title='bbox 326 3029 338 3049; x_wconf 88' lang='lat'>,</span> <span class='ocrx_word' id='word_1_351' title='bbox 365 3015 538 3041; x_wconf 87' lang='lat' dir='ltr'>revocare</span> <span class='ocrx_word' id='word_1_352' title='bbox 553 3011 749 3044; x_wconf 84' lang='lat' dir='ltr'>veteranos</span> <span class='ocrx_word' id='word_1_353' title='bbox 762 3030 774 3051; x_wconf 85' lang='lat'>‚</span> <span class='ocrx_word' id='word_1_354' title='bbox 800 3003 1033 3056; x_wconf 72' lang='lat' dir='ltr'>destinantur</span> <span class='ocrx_word' id='word_1_355' title='bbox 1049 3003 1192 3043; x_wconf 70' lang='lat' dir='ltr'>validae‘</span> <span class='ocrx_word' id='word_1_356' title='bbox 1207 3007 1392 3046; x_wconf 86' lang='lat' dir='ltr'>civitates</span> <span class='ocrx_word' id='word_1_357' title='bbox 1409 3007 1625 3050; x_wconf 50' lang='lat' dir='ltr'>exercendis</span> <span class='ocrx_word' id='word_1_358' title='bbox 1642 3025 1826 3051; x_wconf 81' lang='lat' dir='ltr'>armorum</span> <span class='ocrx_word' id='word_1_359' title='bbox 1841 3010 2000 3062; x_wconf 73' lang='lat' dir='ltr'>qfficinis</span> <span class='ocrx_word' id='word_1_360' title='bbox 2018 3027 2030 3051; x_wconf 87' lang='lat'>.·</span> <span class='ocrx_word' id='word_1_361' title='bbox 2058 3014 2162 3067; x_wconf 86' lang='lat' dir='ltr'>apud</span> <span class='ocrx_word' id='word_1_362' title='bbox 2169 3013 2258 3053; x_wconf 88' lang='lat' dir='ltr'>An-</span> 
     </span>
     <span class='ocr_line' id='line_1_34' title="bbox 155 3057 2255 3120; baseline 0.006 -23"><span class='ocrx_word' id='word_1_363' title='bbox 155 3057 358 3109; x_wconf 68' lang='lat' dir='ltr'>tiochenses</span> <span class='ocrx_word' id='word_1_364' title='bbox 377 3071 508 3097; x_wconf 85' lang='lat' dir='ltr'>aurum</span> <span class='ocrx_word' id='word_1_365' title='bbox 526 3067 792 3114; x_wconf 83' lang='lat' dir='ltr'>argentumque</span> <span class='ocrx_word' id='word_1_366' title='bbox 795 3058 981 3114; x_wconf 72' lang='lat' dir='ltr'>ſjgnatur.</span> <span class='ocrx_word' id='word_1_367' title='bbox 1020 3058 1092 3099; x_wconf 95' lang='lat' dir='ltr'>Nil</span> <span class='ocrx_word' id='word_1_368' title='bbox 1112 3060 1251 3103; x_wconf 89' lang='lat' dir='ltr'>mirum</span> <span class='ocrx_word' id='word_1_369' title='bbox 1265 3061 1294 3102; x_wconf 86' lang='lat' dir='ltr'>fi</span> <span class='ocrx_word' id='word_1_370' title='bbox 1309 3063 1520 3105; x_wconf 89' lang='lat' dir='ltr'>Antiochia</span> <span class='ocrx_word' id='word_1_371' title='bbox 1539 3079 1610 3119; x_wconf 91' lang='lat' dir='ltr'>pro</span> <span class='ocrx_word' id='word_1_372' title='bbox 1626 3065 1734 3107; x_wconf 89' lang='lat' dir='ltr'>solita</span> <span class='ocrx_word' id='word_1_373' title='bbox 1756 3081 1786 3106; x_wconf 91' lang='lat' dir='ltr'>s.</span> <span class='ocrx_word' id='word_1_374' title='bbox 1803 3081 1836 3107; x_wconf 88' lang='lat' dir='ltr'>c.</span> <span class='ocrx_word' id='word_1_375' title='bbox 1855 3078 1969 3113; x_wconf 87' lang='lat' dir='ltr'>nota,</span> <span class='ocrx_word' id='word_1_376' title='bbox 1997 3081 2114 3120; x_wconf 88' lang='lat' dir='ltr'>quam</span> <span class='ocrx_word' id='word_1_377' title='bbox 2131 3067 2181 3109; x_wconf 89' lang='lat' dir='ltr'>ad</span> <span class='ocrx_word' id='word_1_378' title='bbox 2198 3069 2255 3109; x_wconf 87' lang='lat' dir='ltr'>in-</span> 
     </span>
     <span class='ocr_line' id='line_1_35' title="bbox 154 3111 2256 3175; baseline 0.007 -24"><span class='ocrx_word' id='word_1_379' title='bbox 154 3112 356 3152; x_wconf 86' lang='lat' dir='ltr'>dicandam</span> <span class='ocrx_word' id='word_1_380' title='bbox 374 3111 588 3153; x_wconf 87' lang='lat' dir='ltr'>facultatem</span> <span class='ocrx_word' id='word_1_381' title='bbox 606 3113 672 3154; x_wconf 87' lang='lat' dir='ltr'>fibi</span> <span class='ocrx_word' id='word_1_382' title='bbox 689 3115 711 3154; x_wconf 74' lang='lat' dir='ltr'>a</span> <span class='ocrx_word' id='word_1_383' title='bbox 729 3115 868 3156; x_wconf 89' lang='lat' dir='ltr'>Senatu</span> <span class='ocrx_word' id='word_1_384' title='bbox 887 3113 1076 3155; x_wconf 86' lang='lat' dir='ltr'>cudendae</span> <span class='ocrx_word' id='word_1_385' title='bbox 1091 3127 1256 3158; x_wconf 85' lang='lat' dir='ltr'>monetae</span> <span class='ocrx_word' id='word_1_386' title='bbox 1271 3118 1485 3160; x_wconf 82' lang='lat' dir='ltr'>concessam</span> <span class='ocrx_word' id='word_1_387' title='bbox 1506 3122 1747 3175; x_wconf 88' lang='lat' dir='ltr'>apponebat,</span> <span class='ocrx_word' id='word_1_388' title='bbox 1776 3122 1878 3162; x_wconf 89' lang='lat' dir='ltr'>urbis</span> <span class='ocrx_word' id='word_1_389' title='bbox 1896 3136 2039 3162; x_wconf 90' lang='lat' dir='ltr'>nomen</span> <span class='ocrx_word' id='word_1_390' title='bbox 2059 3124 2099 3162; x_wconf 89' lang='lat' dir='ltr'>in</span> <span class='ocrx_word' id='word_1_391' title='bbox 2119 3133 2256 3165; x_wconf 60' lang='lat' dir='ltr'>mone-⁴</span> 
     </span>
     <span class='ocr_line' id='line_1_36' title="bbox 154 3167 2254 3233; baseline 0.007 -25"><span class='ocrx_word' id='word_1_392' title='bbox 154 3177 193 3208; x_wconf 88' lang='lat' dir='ltr'>ta</span> <span class='ocrx_word' id='word_1_393' title='bbox 212 3168 303 3228; x_wconf 84' lang='lat' dir='ltr'>novi</span> <span class='ocrx_word' id='word_1_394' title='bbox 324 3167 566 3228; x_wconf 76' lang='lat' dir='ltr'>Imperatoris</span> <span class='ocrx_word' id='word_1_395' title='bbox 585 3169 811 3223; x_wconf 76' lang='lat' dir='ltr'>percusserit.</span> <span class='ocrx_word' id='word_1_396' title='bbox 848 3170 982 3225; x_wconf 90' lang='lat' dir='ltr'>Caput</span> <span class='ocrx_word' id='word_1_397' title='bbox 1000 3170 1185 3211; x_wconf 87' lang='lat' dir='ltr'>muliebre</span> <span class='ocrx_word' id='word_1_398' title='bbox 1201 3173 1379 3216; x_wconf 87' lang='lat' dir='ltr'>turritum</span> <span class='ocrx_word' id='word_1_399' title='bbox 1394 3193 1408 3222; x_wconf 83' lang='lat'>,··</span> <span class='ocrx_word' id='word_1_400' title='bbox 1435 3175 1589 3218; x_wconf 89' lang='lat' dir='ltr'>urbium</span> <span class='ocrx_word' id='word_1_401' title='bbox 1606 3178 1823 3233; x_wconf 89' lang='lat' dir='ltr'>principum</span> <span class='ocrx_word' id='word_1_402' title='bbox 1841 3177 2058 3232; x_wconf 86' lang='lat' dir='ltr'>symbolum</span> <span class='ocrx_word' id='word_1_403' title='bbox 2073 3178 2130 3221; x_wconf 87' lang='lat' dir='ltr'>est</span> <span class='ocrx_word' id='word_1_404' title='bbox 2143 3206 2159 3229; x_wconf 76' lang='lat'><strong><em>³</em></strong></span> <span class='ocrx_word' id='word_1_405' title='bbox 2186 3189 2254 3224; x_wconf 63' lang='lat' dir='ltr'>eas</span> 
     </span>
     <span class='ocr_line' id='line_1_37' title="bbox 156 3222 918 3269; baseline 0.001 -5"><span class='ocrx_word' id='word_1_406' title='bbox 156 3222 360 3269; x_wconf 72' lang='lat' dir='ltr'>fortissimis</span> <span class='ocrx_word' id='word_1_407' title='bbox 377 3224 565 3264; x_wconf 81' lang='lat' dir='ltr'>moenibus</span> <span class='ocrx_word' id='word_1_408' title='bbox 581 3225 721 3266; x_wconf 61' lang='lat' dir='ltr'>cinctas</span> <span class='ocrx_word' id='word_1_409' title='bbox 736 3225 918 3266; x_wconf 89' lang='lat' dir='ltr'>indicans.</span> 
     </span>
    </p>
   </div>
   <div class='ocr_carea' id='block_1_16' title="bbox 151 3300 1903 3366">
    <p class='ocr_par' dir='ltr' id='par_1_16' title="bbox 151 3300 1903 3366">
     <span class='ocr_line' id='line_1_38' title="bbox 151 3300 1903 3366; baseline 0.009 -26"><span class='ocrx_word' id='word_1_410' title='bbox 151 3329 165 3347; x_wconf 69' lang='lat'>.‚</span> <span class='ocrx_word' id='word_1_411' title='bbox 207 3300 290 3345; x_wconf 86' lang='lat' dir='ltr'>Hic</span> <span class='ocrx_word' id='word_1_412' title='bbox 305 3314 476 3342; x_wconf 82' lang='lat' dir='ltr'>nummus</span> <span class='ocrx_word' id='word_1_413' title='bbox 493 3304 639 3344; x_wconf 82' lang='lat' dir='ltr'>minimi</span> <span class='ocrx_word' id='word_1_414' title='bbox 659 3303 820 3352; x_wconf 80' lang='lat' dir='ltr'>moduli,</span> <span class='ocrx_word' id='word_1_415' title='bbox 847 3302 871 3344; x_wconf 75' lang='grc' dir='ltr'><em>ὰ</em></span> <span class='ocrx_word' id='word_1_416' title='bbox 887 3303 1036 3345; x_wconf 78' lang='lat' dir='ltr'>Patina</span> <span class='ocrx_word' id='word_1_417' title='bbox 1044 3309 1134 3362; x_wconf 83' lang='lat' dir='ltr'>pag.</span> <span class='ocrx_word' id='word_1_418' title='bbox 1153 3320 1242 3360; x_wconf 87' lang='lat'><em>142.</em></span> <span class='ocrx_word' id='word_1_419' title='bbox 1260 3300 1465 3365; x_wconf 62' lang='lat' dir='ltr'>vulgatus,</span> <span class='ocrx_word' id='word_1_420' title='bbox 1494 3312 1612 3353; x_wconf 79' lang='lat' dir='ltr'>tritus</span> <span class='ocrx_word' id='word_1_421' title='bbox 1627 3310 1675 3356; x_wconf 61' lang='grc' dir='ltr'><strong><em>ὠ</em></strong></span> <span class='ocrx_word' id='word_1_422' title='bbox 1691 3311 1829 3362; x_wconf 79' lang='lat' dir='ltr'>obvius</span> <span class='ocrx_word' id='word_1_423' title='bbox 1842 3311 1903 3366; x_wconf 73' lang='lat' dir='ltr'>est.</span> 
     </span>
    </p>
   </div>
   <div class='ocr_carea' id='block_1_17' title="bbox 871 3401 1518 3453">
    <p class='ocr_par' dir='ltr' id='par_1_17' title="bbox 871 3401 1518 3453">
     <span class='ocr_line' id='line_1_39' title="bbox 871 3401 1518 3453; baseline 0.017 -11"><span class='ocrx_word' id='word_1_424' title='bbox 871 3401 1518 3453; x_wconf 76' lang='lat' dir='ltr'><em>CASSANDRIA.</em></span> 
     </span>
    </p>
   </div>
   <div class='ocr_carea' id='block_1_18' title="bbox 1034 3510 1396 3856">
    <p class='ocr_par' dir='ltr' id='par_1_18' title="bbox 1034 3510 1396 3856">
     <span class='ocr_line' id='line_1_40' title="bbox 1034 3510 1396 3856; baseline 0 358"><span class='ocrx_word' id='word_1_425' title='bbox 1034 3510 1396 3856; x_wconf 95' lang='lat' dir='ltr'> </span> 
     </span>
    </p>
   </div>
   <div class='ocr_carea' id='block_1_19' title="bbox 183 3981 1528 4047">
    <p class='ocr_par' dir='ltr' id='par_1_19' title="bbox 183 3981 1528 4047">
     <span class='ocr_line' id='line_1_41' title="bbox 183 3981 1528 4047; baseline 0.002 -18"><span class='ocrx_word' id='word_1_426' title='bbox 183 3984 305 4044; x_wconf 61' lang='lat' dir='ltr'>tom.</span> <span class='ocrx_word' id='word_1_427' title='bbox 331 3981 368 4032; x_wconf 80' lang='grc' dir='ltr'>Ῐ,</span> <span class='ocrx_word' id='word_1_428' title='bbox 1431 4002 1474 4047; x_wconf 75' lang='lat' dir='ltr'>R</span> <span class='ocrx_word' id='word_1_429' title='bbox 1506 4016 1528 4046; x_wconf 82' lang='lat'><em>2</em></span> 
     </span>
    </p>
   </div>
  </div>
 </body>
</html>
