2491 4219
261 174 320 203 ro
895 155 1163 207 SEPT.
1247 155 1741 208 SEVERUS.

310 222 494 278 Figuram
517 221 619 263 hanc
647 221 904 270 seminudam,
929 224 985 264 ob
1010 237 1168 264 urceum
1184 236 1304 277 quem
1319 224 1380 265 issa
1394 225 1510 280 gerit,
1538 226 1582 266 P.
1605 224 1831 266 Harduinus
1850 237 1938 279 pag.
1950 227 2045 285 ⁴126.
2064 223 2263 265 Bacchum
2274 225 2354 267 effe
2412 279 2416 287 ἱ
2470 192 2471 245 l

257 290 391 332 putat,
416 284 529 332 cujus
557 277 640 318 duo
661 277 778 332 ipfius
800 278 1014 325 simulacra,
1043 279 1204 320 alterum
1234 279 1394 320 nomine
1411 283 1514 319 Au'mov
1529 286 1561 320 ἃ
1578 290 1735 332 Βακχεῖον,
1763 280 1926 321 alterum
1949 294 1987 319 in
2002 278 2090 320 foro
2106 279 2214 322 fuiss'e
2231 293 2356 323 narrat

255 332 458 374 Pausanias
474 354 487 381 ς
513 332 580 373 sed
596 331 718 388 figura
733 334 892 388 rupibus
907 333 1098 380 insidens,
1127 333 1178 374 ad
1198 335 1522 376 Acrocorinthum
1537 337 1705 391 spestare
1720 336 1894 382 videtur,
1920 335 2011 375 ideo
2030 336 2105 376 effe
2125 335 2356 391 Nymphaia

255 388 420 430 Pirenen
436 389 692 443 suspicamur:
718 391 808 430 cum
825 389 928 429 enim
944 389 1006 429 illa
1024 389 1142 429 filium
1161 389 1397 430 Cenchriam
1412 389 1582 451 lugeret,
1606 407 1727 447 quem
1744 392 1870 454 Diana
1886 405 1955 446 per
1977 391 2273 445 imprudentiam
2292 406 2359 433 oc·
2417 402 2421 412 ¹

253 444 419 492 ciderat,
450 456 596 486 tantam
612 443 824 498 profiidisse
840 445 1089 498 lacrymarum
1105 445 1184 485 vim
1200 443 1341 492 fertur,
1369 455 1414 485 ut
1429 460 1469 486 m
1487 446 1636 488 fontem
1653 448 1706 489 sui
1725 449 1891 489 nominis
1905 447 2084 488 conversa
2099 446 2220 488 fuerit.
2249 447 2358 489 Fons
2410 439 2433 487 T'

253 500 317 541 ille
332 501 373 541 in
398 498 685 541 Acrocorintho
701 500 724 540 a
744 513 853 555 tergo
874 499 1038 541 Veneris
1058 499 1205 540 delubri
1225 499 1280 540 est
1296 527 1309 546 ,
1336 500 1388 540 de
1403 514 1487 554 quo
1502 501 1702 544 Pausanias
1720 504 1741 543 l.
1763 518 1798 545 2.
1817 518 1855 557 p.
1878 517 1944 556 93.
1976 515 2073 541 naxon
2088 508 2108 552 5*
2123 507 2174 547 ἤδη
2189 505 2245 542 τίω*
2258 507 2358 555 nefa-

251 559 308 593 vlw
323 559 470 605 φαμὶρέων
485 557 551 596 εἶναι
567 558 696 598 «αὐτὴν,
722 559 771 604 219}
787 559 816 594 -ιιὶ
831 559 908 606 ὕδωρ
923 558 1040 601 άυήῇευ
1058 560 1199 605 ἐπηρβεῑν
1214 562 1244 593 ἀι
1261 562 1299 604 τῇ
1316 557 1394 598 aria<-
1426 557 1582 597 Audivi
1593 562 1711 598 etiam
1726 562 1791 614 qui
1806 562 1974 598 dicerent
1989 574 2072 599 eum
2085 560 2227 609 fontem
2244 561 2356 601 Pire-
2427 569 2432 576 '

250 626 325 652 nen
339 611 430 665 esse,
459 608 508 656 ό*
525 625 664 668 aquam
679 626 730 652 ex
745 626 785 651 eo
799 614 842 652 in
858 611 1031 666 oppidum
1043 612 1090 652 de
1117 626 1212 652 uere.
1243 611 1515 665 Qamobrem
1542 626 1724 654 nummus
1752 615 1912 654 Pirenen
1931 613 1974 653 N
1978 615 2158 671 ympham
2175 630 2266 658 cum
2285 631 2357 672 po-

251 667 342 709 culo
361 668 648 709 Acrocorintho
667 667 895 708 insidentem
911 666 1087 714 exhibet,
1115 668 1226 721 cujus
1242 668 1398 709 iconem
1413 667 1503 708 vide
1519 668 1644 710 rursus
1661 668 1758 710 infra
1775 670 1815 710 in
1830 669 2012 711 Plautilla.

305 745 391 787 Hic
407 760 581 790 nummus
597 749 749 789 mim'mi
762 745 904 787 moduli
919 746 1024 786 inter
1033 746 1315 802 praestantiores
1329 746 1594 788 numerandus.

250 1317 271 1347 1
282 1316 319 1344 M
332 1316 367 1344 r,
398 1315 437 1344 L.
470 1315 490 1342 s
504 1316 527 1342 E
539 1315 573 1343 P.
604 1313 624 1341 s
638 1314 662 1341 E
674 1314 702 1341 v
715 1315 739 1341 ε
752 1314 784 1342 R
797 1314 824 1341 v
837 1313 872 1341 s.
905 1314 934 1340 A
950 1314 978 1341 v
989 1315 1030 1341 c.
1061 1299 1196 1355 Caput
1212 1300 1342 1341 Severi
1360 1298 1585 1342 laureatum.

306 1374 346 1401 c.
376 1372 416 1399 L.
448 1371 477 1398 1.
508 1372 532 1398 c
545 1372 571 1397 o
585 1371 627 1397 a.
658 1356 815 1398 Colonia
834 1356 946 1397 Laus
958 1355 1076 1409 Julia
1093 1356 1315 1397 Corinthus.
1346 1357 1452 1413 Bigae
1468 1359 1666 1414 aurigante
1683 1355 1879 1403 Vibioria,
1908 1356 2051 1398 sinistra
2076 1355 2249 1415 flagrum.

306 1436 484 1478 Vffloria
509 1436 549 1475 in
567 1436 666 1491 bigis
689 1449 780 1475 cum
803 1434 932 1489 palma
949 1436 970 1474 ἒι
986 1435 1199 1476 Corinthiis
1215 1436 1409 1490 percufla,
1437 1450 1519 1476 non
1535 1435 1584 1476 ad
1601 1435 1730 1476 Severi
1746 1436 1795 1476 de
1816 1436 1990 1477 hostibus
2006 1437 2203 1484 vidtorias,
2231 1435 2296 1477 fied
2312 1432 2364 1477 ad
2427 1435 2430 1437 ’

250 1493 454 1549 praemium
478 1490 530 1532 de
557 1492 654 1546 bigis
680 1491 721 1531 in
746 1504 872 1545 agone
898 1490 1124 1546 Capitolino
1143 1492 1163 1531 ὲ
1181 1492 1375 1532 Caracalla
1396 1491 1465 1533 suo
1482 1496 1521 1532 &
1539 1491 1654 1545 patris
1671 1492 1829 1533 nomine
1844 1492 2004 1533 relatum
2023 1492 2175 1546 spestat.
2189 1485 2365 1533 ‘Severus
2427 1471 2441 1547 3⁵

251 1561 422 1605 agonem
438 1547 705 1600 Capitolinum
721 1560 784 1586 an.
806 1547 857 1586 U.
878 1546 927 1587 C.
946 1549 1039 1597 958.
1071 1547 1267 1588 Caracalla
1284 1551 1324 1587 &
1342 1548 1446 1588 Geta
1463 1547 1571 1589 Coss.
1587 1547 1812 1594 celebravit,
1843 1548 2123 1589 Mediobarbus
2140 1548 2245 1588 hunc
2261 1547 2366 1602 vige·
2416 1555 2424 1562 ”

251 1604 558 1645 fimum-nonum
589 1603 610 1642 ὲ
640 1601 804 1642 Nerone
829 1602 898 1656 qui
922 1601 962 1642 id
981 1601 1170 1643 ludicrum
1189 1617 1248 1643 an.
1270 1603 1326 1644 U.
1344 1603 1394 1643 C.
1416 1606 1507 1657 813.
1525 1602 1705 1648 instituit,
1733 1602 1842 1643 fuisle
1860 1603 1986 1644 refert.
2019 1605 2198 1658 Bigarum
2213 1603 2367 1653 cursum
2424 1607 2425 1610 ’

252 1658 316 1700 his
333 1660 374 1699 in
390 1658 490 1699 ludis
499 1657 660 1713 Olymp.
679 1671 743 1711 93.
755 1669 952 1710 receptum
963 1670 1088 1698 narrat
1105 1658 1303 1699 Diodorus
1319 1659 1342 1699 l.
1360 1672 1470 1713 13.p.
1485 1668 1576 1712 370.
1608 1662 1762 1709 [προσετέθη
1778 1664 1811 1696 δὲ
1825 1663 1873 1709 ’tel
1891 1663 2019 1705 sumo}
2035 1664 2070 1710 »ξς
2086 1662 2139 1698 τὼ)
2155 1662 2365 1709 ολυμπωίδα.
2426 1653 2432 1684 1

251 1714 347 1755 Hac
372 1713 594 1769 Olympiade
621 1713 773 1759 synam
791 1712 812 1768 (
830 1725 1006 1767 equorum
1020 1713 1178 1753 duorum
1194 1714 1324 1769 jugum
1340 1714 1518 1767 dixeris)
1544 1716 1586 1754 in
1605 1727 1694 1769 uper
1715 1716 1974 1770 adjeHafuit.
2005 1716 2199 1759 Corinthii
2220 1716 2365 1757 Severo
2424 1710 2436 1767 ,ξῗ

250 1769 489 1827 gratulantes
515 1768 627 1822 quod
651 1768 692 1808 hi
719 1768 800 1808 ludi
816 1768 866 1807 ad
892 1769 1120 1809 Graecorum
1140 1770 1394 1810 imitationem
1414 1769 1717 1817 celebrarentur,
1747 1771 1811 1812 seu
1831 1772 1941 1825 quod
1959 1773 2152 1813 Caracalla
2168 1772 2250 1818 eius
2267 1771 2366 1812 filius
2420 1786 2432 1810 f

252 1826 377 1867 vinstor
392 1838 442 1864 ex
460 1824 506 1864 iis
522 1822 740 1870 receffiffet,
774 1838 978 1865 nummum
1003 1823 1162 1865 fimilem
1193 1825 1381 1866 Romanis
1400 1839 1449 1866 ex
1472 1827 1580 1867 omni
1597 1825 1753 1868 metallo
1771 1840 1861 1869 cum
1880 1828 1958 1869 hoc
1979 1840 2074 1883 typo
2095 1832 2134 1869 &
2154 1827 2365 1884 epigraphe

255 1895 284 1922 v
297 1895 312 1922 t
324 1896 348 1921 c
363 1893 387 1920 τ
399 1894 427 1920 o
440 1894 472 1921 R
484 1893 500 1920 1
514 1894 542 1920 A
555 1894 579 1919 E
609 1894 638 1920 A
651 1893 679 1920 v
691 1894 719 1920 G
731 1895 769 1921 G.
796 1879 950 1935 signatis
966 1880 1239 1935 percusserunt.

307 1959 394 2001 Hic
408 1971 585 2001 nummus
600 1957 730 2001 mediae
744 1958 1025 2015 magnitudinis
1030 1969 1100 2016 pro
1118 1973 1205 2001 raro
1224 1957 1273 2004 ἴθ’
1288 1959 1481 2015 conspicuo
1492 1959 1702 2002 habendus.

1134 2063 1478 2106 DIUM.

254 2611 366 2653 imi».
396 2607 438 2649 ιζ
468 2618 612 2647 serr.
644 2617 902 2646 SEVERVS.
936 2616 1056 2645 nvn.
1086 2602 1219 2657 Caput
1234 2601 1365 2644 Severi
1383 2600 1606 2642 laureatum.
2376 2632 2379 2637 .
2431 2634 2436 2651 .-

309 2681 335 2708 c
347 2679 374 2706 o
388 2679 428 2705 L.
460 2677 476 2704 1
489 2677 516 2704 v
528 2678 568 2704 L.
596 2676 623 2703 D
634 2675 650 2701 1
662 2676 686 2701 E
699 2675 730 2701 N
743 2676 762 2701 s
777 2675 792 2700 1
806 2675 838 2701 s.
869 2675 908 2701 n.
941 2674 978 2700 n.
1023 2657 1180 2701 Calama
1209 2658 1325 2712 Julia
1353 2656 1531 2707 Dienses,
1561 2656 1734 2699 ‘Decreta
1759 2653 2036 2695 Decurionum.
2065 2651 2220 2708 Jupiter
2244 2653 2367 2704 stans,
2440 2675 2447 2688 ι

365 2720 504 2761 dextra
519 2729 714 2774 pateram,
743 2717 838 2756 laeva
855 2715 1024 2762 hastam,
1052 2715 1092 2756 in
1111 2715 1190 2756 imo
1206 2728 1318 2769 prora
1335 2713 1443 2754 navis
1466 2726 1475 2752 :
1501 2712 1540 2752 in
1559 2711 1639 2752 aliis
1657 2709 1797 2765 aquila.

310 2799 455 2844 Dium,
482 2797 572 2838 urbs
591 2797 645 2838 est
664 2793 913 2836 Macedoniae
931 2793 1103 2835 littoralis
1122 2795 1162 2834 in
1172 2794 1301 2835 Pieria
1316 2793 1497 2848 regione,
1527 2790 1579 2831 de
1595 2803 1673 2844 qua
1693 2788 1826 2829 Livius
1841 2787 1939 2851 Dec.
1965 2800 1995 2839 5.
2013 2786 2036 2826 l.
2058 2799 2091 2840 3.
2131 2786 2217 2842 Ipse
2236 2788 2370 2831 ‘Dium

253 2855 386 2897 urbem
400 2852 602 2907 ingr-effus,
624 2852 719 2900 sicut
738 2865 811 2890 non
833 2864 1028 2904 magnam,
1058 2852 1117 2890 ita
1135 2857 1362 2890 exornatam
1372 2846 1535 2902 publica·
1551 2846 1641 2885 locu·
1657 2843 1705 2889 ό*
1731 2842 2220 2904 multitudmestattfarum,
2247 2847 2371 2886 muni·
2446 2883 2463 2903 ,-

255 2921 412 2966 tamque
425 2907 583 2964 egregie.
615 2906 776 2947 Dienses
793 2906 935 2946 Severo
955 2919 1138 2945 nummos
1154 2904 1382 2957 obsequium
1398 2901 1506 2942 suum
1525 2901 1704 2942 testantes
1727 2899 1902 2940 dicarunt
1929 2914 1938 2938 ;
1966 2911 2054 2937 nam
2075 2897 2134 2938 ille
2152 2899 2366 2954 Legionem
2383 2952 2385 2954 Ι
2448 2911 2451 2918 '

255 2969 298 3009 in
320 2964 596 3007 Macedoniam
616 2967 655 3002 ὅ(
674 2962 863 3001 Graeciam
884 2974 931 3000 ne
950 2962 1019 3001 has
1035 2961 1251 3013 provincias
1265 2969 1476 3012 occuparet
1492 2956 1742 3002 Pescennius,
1771 2955 1929 2996 miserat.
1943 2954 2083 3015 'Dium
2108 2953 2318 2997 Coloniam
2344 2960 2367 2999 a
2443 2970 2451 2978 ’

257 3023 359 3076 Julio
378 3019 624 3062 constitutam
637 3045 648 3064 ,
678 3021 716 3056 ὃ(
732 3018 780 3055 ab
803 3016 976 3069 Augusto
993 3015 1160 3056 Colonis
1177 3015 1315 3055 iterum
1331 3012 1610 3067 frequentatam
1626 3012 1666 3051 in
1687 3012 1891 3051 Antonino
1909 3010 1979 3050 Ριο
1996 3009 2162 3049 diximus
2180 3025 2188 3049 :
2206 3012 2311 3053 unde
2325 3013 2366 3055 in

256 3075 487 3132 quibusdam
510 3074 593 3128 ejus
622 3073 788 3113 nummis
812 3070 937 3123 Jultae
964 3075 1004 3110 &
1031 3069 1211 3124 Augusta·
1239 3068 1417 3113 nomina,
1448 3067 1513 3107 sed
1541 3067 1580 3106 in
1597 3067 1673 3108 hoc
1689 3065 1814 3119 Juliae
1831 3066 1982 3107 tantum
2001 3064 2298 3119 appellationem
2309 3067 2366 3111 >ad

257 3134 529 3185 antiquitatem
545 3127 789 3169 indicandam
809 3125 971 3180 prrtfert.
992 3126 1147 3180 Jupiter
1161 3125 1305 3165 cultum
1323 3123 1431 3163 suum
1450 3124 1489 3162 in
1508 3122 1580 3162 hac
1597 3122 1692 3163 urbe
1708 3121 1887 3168 denotat,
1915 3120 2024 3175 quod
2041 3121 2199 3162 innuere
2215 3123 2368 3166 videtur

258 3188 477 3241 Stephanus
489 3214 501 3233 ,
531 3187 600 3240 qui
615 3197 808 3225 certamen
820 3182 1095 3236 Olympiacum
1110 3181 1151 3221 in
1168 3194 1217 3221 eo
1234 3179 1424 3220 celebrare
1440 3178 1590 3219 solitum
1609 3176 1734 3218 tradit.
1765 3186 1829 3212 Δῖον
1843 3177 1919 3211 πόλις
1937 3178 2122 3211 Μακεδονίας
2137 3177 2202 3218 ,ἔνθα
2219 3180 2239 3212 l-
2257 3186 2367 3234 φλυμ-

258 3246 367 3284 ma&
383 3250 492 3292 ἀγῶνα
506 3244 613 3279 {viarm
646 3241 776 3279 ·Dium
794 3250 882 3278 urbs
903 3238 1158 3283 Macedonia»,
1186 3236 1252 3276 ubi
1269 3234 1527 3289 Olympiacam
1543 3232 1782 3273 celebrabant
1797 3235 1996 3267 certamen·
2038 3225 2183 3278 Magna
2206 3227 2366 3285 quidem

258 3301 307 3341 ab
324 3299 495 3340 Hercule
512 3298 606 3339 Pisae
625 3296 723 3337 circa
741 3294 966 3349 Olympiam
988 3293 1090 3333 Elea:
1107 3292 1273 3348 regionis
1294 3292 1448 3337 urbem,
1477 3290 1626 3331 minora
1643 3288 1736 3329 vero
1756 3285 1836 3328 Dio
1853 3281 2140 3322 celebrabantur
2155 3282 2203 3343 ab
2220 3283 2366 3345 Arche·

257 3356 321 3397 lao
342 3354 456 3409 Rege
472 3355 659 3398 instituta,
688 3352 799 3406 quod
817 3364 890 3391 nos
908 3349 1026 3390 docet
1045 3347 1315 3388 Demosthenis
1331 3346 1557 3387 Scholiastes
1575 3345 1626 3385 ad
1646 3344 1755 3384 Orat.
1785 3342 1849 3379 w&
1872 3340 2122 3385 ωἵὲμπΐὲσὲεἷαή,
2149 3339 2209 3380 his
2226 3340 2362 3380 verbis.

260 3413 309 3446 Tol
319 3409 471 3453 Ολῦμσηοι
486 3410 519 3442 δὲ
535 3414 641 3445 πεῶπς
658 3412 812 3453 Αρχέλοιος
829 3409 860 3441 ὀν
870 3408 927 3450 Δίῳ
938 3405 965 3441 ‘13
978 3407 1163 3440 Μακεδονίας
1178 3404 1343 3444 κατέδετξεν
1353 3426 1362 3440 -,
1374 3401 1450 3449 ἥγπ
1468 3402 1501 3435 δὲ
1516 3403 1560 3435 ἐπ’
1576 3403 1677 3439 ema,
1693 3401 1731 3435 ῶς
1746 3396 1853 3443 φησὶν,
1868 3397 1974 3440 ἠμέρας
1989 3393 2147 3449 ι’πξόθμες
2160 3402 2222 3431 ’ταῖς
2232 3393 2360 3431 Mimas.
2408 3443 2414 3447 .
2427 3403 2431 3409 '
2446 3410 2466 3442 3—

260 3457 460 3514 Olympici
478 3471 606 3498 autem
620 3457 701 3498 ludi
720 3455 806 3511 lovi
821 3466 930 3495 erant
946 3453 1072 3495 dicati.
1102 3453 1218 3494 Prora
1235 3451 1341 3492 navis
1357 3451 1460 3513 urbis
1479 3449 1591 3491 fitum
1609 3448 1660 3490 ad
1678 3447 1790 3488 maris
1805 3444 1911 3486 littus
1927 3455 2057 3498 arguit.

316 3538 399 3580 Hic
415 3549 587 3578 nummus
602 3538 766 3578 minimae
773 3534 915 3590 formae
931 3535 1033 3576 inter
1048 3545 1155 3574 raros
1169 3529 1412 3585 adscribitur.
