2491 4219
669 99 1705 159 ELAGABALus.
2197 106 2268 183 *339

202 679 238 715 c.
270 684 311 708 A.
343 683 363 708 P
381 682 405 707 1.
437 681 508 707 ME
524 680 561 706 r.
592 680 610 706 s
625 680 688 706 11).
719 666 876 706 Colonia
898 663 1061 707 Aurelia
1077 664 1161 704 ‘Pia
1176 663 1403 719 Metropolis
1426 663 1552 705 Sidon.
1583 663 1740 719 Europa
1755 678 1844 706 cum
1859 663 1998 721 peplo,
2027 668 2123 709 tauri
2138 665 2252 710 dorso

255 725 376 764 vesta.

199 801 348 842 Sidonii
364 803 559 855 Europam
580 802 600 840 a
618 813 726 841 tauro
743 811 890 854 raptam
902 828 912 846 ‚
941 799 991 841 ad
1008 800 1111 840 urbis
1128 799 1396 853 antiquitatem
1414 799 1660 840 indicandam
1680 801 1879 847 caelarunt,
1909 802 1992 854 ejus
2008 804 2156 843 nummi
2175 812 2254 845 me-

147 859 260 899 minit
281 859 470 897 Lucianus
485 857 534 896 de
552 857 635 896 Dea
648 856 763 904 SVria.
794 862 849 897 Kx?
865 861 896 894 τό
913 861 1045 907 νόμισμα,
1057 865 1099 906 τῷ
1115 859 1244 894 Σιδώνιοι
1259 863 1410 907 χρέοντιᾳ,
1437 862 1457 893 ‘'1“
1474 860 1607 908 Eugw'mqv
1625 863 1796 909 ἐφεζομένην
1810 863 1866 909 ’έχᾹ
1880 867 1923 907 τῷ
1937 863 2031 910 maigeo
2048 869 2089 909 τῷ
2108 868 2155 897 Διί
2194 862 2253 901 Et

145 927 318 954 nummus
340 927 410 968 qno
432 912 579 952 Sidonii
594 905 776 956 annitar,
805 913 920 952 habet
939 914 1277 967 Europamtanro,
1306 913 1410 965 Jovi
1425 914 1606 954 videlicet
1622 914 1849 962 insidentem.
1889 916 2045 969 Europa
2063 917 2255 972 Agenoris

145 967 354 1009 Phoeniciae
372 968 493 1022 Regis
510 966 584 1007 filia
603 966 695 1013 fuit,
724 981 770 1006 ex
787 982 865 1021 qua
883 969 990 1008 tcrtia
1005 982 1091 1020 pars
1108 968 1227 1009 Orbis
1246 969 1347 1009 dieta
1362 969 1417 1009 est
1434 969 1602 1024 Europa.
1631 969 1752 1010 Ovid.
1771 971 1808 1009 in
1827 984 1888 1025 cp.
1901 984 1982 1024 pro.
1995 985 2028 1011 2.

476 1025 608 1065 Tertia
620 1034 714 1076 pars
733 1023 850 1062 Orbis
879 1023 953 1077 (stc
968 1022 1075 1062 dic‘Ja
1092 1023 1140 1063 ab
1161 1026 1334 1079 Agenore
1353 1024 1482 1079 nata)

476 1078 641 1131 Europa.
940 1107 947 1114 .

148 1132 318 1187 Ur-appcz
339 1133 453 1175 tradit
472 1134 685 1175 Bochartus
708 1133 770 1173 lib.
787 1145 826 1184 4.
848 1148 930 1187 cap.
956 1147 1018 1187 33.
1039 1132 1146 1187 quafi
1168 1144 1307 1174 terram
1325 1137 1584 1177 Adaoevedcwm,
1613 1137 1704 1191 quia
1727 1135 1905 1191 Europaei
1935 1135 2146 1189 Africanos
2162 1139 2257 1177 canss

145 1190 233 1229 dore
237 1190 363 1242 faciei
379 1189 540 1229 multiim
545 1190 732 1244 superant
744 1215 756 1234 ,
785 1189 883 1228 unde
903 1188 950 1232 (ἐν
971 1189 1126 1244 Europa
1142 1189 1246 1229 dicia
1261 1189 1311 1242 est
1327 1189 1463 1230 Cadmi
1471 1190 1577 1242 soror
1585 1217 1598 1236 ,
1626 1190 1731 1245 quast
1746 1205 1771 1230 A
1786 1207 1812 1232 L
1826 1206 1848 1232 B
1862 1206 1889 1231 A
1922 1206 1944 1234 F
1961 1207 1987 1231 A
2000 1207 2023 1232 c
2035 1205 2050 1231 1
2062 1206 2096 1231 E.
2127 1193 2253 1248 Virgo.

146 1243 250 1284 Illius
273 1245 465 1285 historiam
486 1244 536 1284 fic
554 1257 679 1286 narrat
695 1244 878 1300 Hyginus
899 1243 973 1284 fab.
997 1248 1083 1296 178.
1121 1244 1277 1298 Europa
1297 1246 1486 1298 Agenoris
1508 1243 1556 1289 ὠ·
1585 1246 1797 1301 Argyropes
1812 1247 1918 1294 filia,
1948 1247 2125 1294 Sidonia,
2153 1248 2254 1288 hanc

145 1299 307 1353 Jupiter
325 1303 366 1340 in
383 1310 536 1340 taurum
552 1314 690 1340 conver
709 1313 773 1344 ns,
802 1299 826 1338 ιὶ
843 1299 980 1339 Sidone
999 1300 1155 1339 Cretam
1170 1300 1463 1355 transportavit.
1493 1300 1573 1341 Alii
1587 1301 1785 1356 Europam
1798 1301 1907 1355 fuiffe
1924 1315 2070 1357 raptam
2088 1304 2128 1344 in
2145 1304 2232 1344 navi
2243 1330 2255 1349 ³

145 1365 210 1397 cui
227 1355 347 1396 Tauri
362 1370 507 1396 nornen
523 1369 623 1403 erat,
651 1367 965 1396 commemorant.

201 1433 286 1475 Hic
302 1448 472 1476 nummus
487 1437 634 1477 minimi
651 1434 791 1476 moduli
808 1435 908 1475 inter
923 1447 1027 1474 raros
1043 1433 1285 1488 adscribitur,

145 2023 167 2062 ι,
179 2025 213 2056 M
226 2028 258 2054 P.
289 2027 337 2054 ο..
355 2025 403 2052 M.
434 2026 461 2052 A
476 2025 517 2051 v.
548 2024 575 2051 A
589 2024 620 2050 N
633 2024 658 2051 T
669 2026 695 2051 o
705 2023 736 2050 N
749 2024 764 2050 1
777 2022 808 2050 N
821 2024 848 2051 v
861 2023 882 2050 s
914 2003 998 2052 Axv.
1028 2013 1164 2066 Caput
1179 2011 1371 2067 Elagabali
1386 2012 1612 2054 lau1·eatum.'
1939 2061 1941 2064 ι
2139 2063 2141 2066 .

203 2085 226 2111 c
239 2085 265 2110 o
278 2085 315 2110 L.
347 2083 384 2108 M
397 2082 419 2107 E
433 2082 471 2108 T.
504 2082 531 2108 A
547 2079 571 2103 v
586 2081 630 2106 R.
660 2082 682 2106 p
695 2081 710 2106 1
724 2081 765 2107 A.
797 2080 815 2106 s
831 2081 846 2106 1
858 2081 895 2106 D.
944 2069 1046 2108 Duae
1073 2069 1243 2108 triremes
1253 2095 1265 2113 ‚
1292 2069 1331 2108 in
1356 2082 1520 2123 quarum
1546 2067 1763 2109 dexteriore
1790 2068 1891 2109 stans
1917 2067 2039 2124 figura
2062 2068 2258 2113 muliebris

257 2138 413 2165 manum
432 2121 604 2163 extendit
623 2122 751 2163 versus
765 2123 862 2164 duas
881 2123 1052 2165 minores
1070 2123 1111 2163 in
1126 2124 1243 2164 altera
1261 2123 1423 2178 positas,
1448 2124 1492 2164 in
1510 2124 1654 2165 vertice
1675 2126 1827 2165 nummi
1842 2138 1975 2166 currus
1998 2125 2188 2175 Astartes,
2216 2129 2257 2168 in

257 2181 341 2234 ejus
355 2180 436 2220 imo
453 2178 625 2232 delphin.
1713 2203 1717 2206 -

159 2291 164 2304 ,-
197 2259 298 2304 Haec
315 2258 470 2298 historia
487 2256 536 2297 ad
554 2255 724 2298 Didonis
746 2258 768 2298 ὲ
782 2257 929 2298 Sidone
945 2257 1078 2312 fugam
1101 2256 1272 2312 speritate
1287 2257 1451 2299 videtur.
1480 2258 1588 2300 Cum
1605 2258 1833 2315 Pygmalion
1854 2259 2065 2302 Phoeniciae
2086 2262 2180 2303 Rex
2202 2261 2260 2304 Si-¹

139 2309 294 2368 ghaeum
323 2314 490 2354 Didonis
517 2312 696 2352 maritum
721 2312 805 2365 ejus
829 2313 1013 2352 thesauris
1038 2312 1189 2353 inhians
1213 2313 1431 2360 occidiflet‚
1458 2310 1521 2354 illa
1543 2315 1582 2354 in
1611 2314 1765 2356 somniis
1782 2315 1930 2358 monita
1947 2316 2021 2363 est,
2051 2329 2094 2358 ut
2114 2318 2258 2361 effoffis

142 2372 241 2415 clam
257 2371 440 2411 thesauris
460 2368 619 2422 fugeret.
651 2367 727 2407 Alii
746 2380 919 2413 narrant,
946 2368 1036 2408 curn
1053 2367 1251 2408 Phoenicia
1269 2371 1420 2423 urgenti
1435 2369 1649 2423 pestilentia
1666 2370 1874 2418 laboraret,
1901 2373 2062 2413 navibus
2076 2373 2257 2414 conscen-

145 2426 193 2466 sis
217 2427 256 2466 in
275 2426 444 2467 Africam
463 2436 544 2463 tran
552 2422 664 2469 fiiss‘e,
691 2422 770 2477 ipsa
786 2424 826 2463 in
844 2437 944 2463 nave
959 2424 1139 2463 mandata
1156 2438 1228 2477 pro
1243 2425 1378 2465 itinere
1394 2425 1582 2478 imperare
1598 2426 1760 2468 videtur.
1790 2427 1881 2468 Nec
1900 2441 2056 2469 moveat
2071 2429 2255 2472 letiorem

143 2481 345 2525 Didonem
366 2482 387 2520 a
408 2478 637 2533 quibusdam
660 2478 821 2532 Tyriam
849 2479 1055 2533 appellari,
1083 2482 1173 2519 cum
1191 2491 1353 2534 utraque
1373 2480 1462 2520 urbs
1481 2480 1603 2521 Sidon
1624 2485 1664 2522 &
1681 2481 1811 2537 Tyrus
1834 2483 1934 2526 illam
1958 2484 2028 2526 fibi
2046 2485 2255 2530 vindicenn

145 2536 331 2591 Virgilius
351 2535 444 2575 AEn.
467 2548 501 2574 1.
525 2547 612 2574 eam
628 2534 827 2573 Sidoniam
844 2534 1023 2587 appellat.
1978 2557 1980 2561 ·

224 2605 226 2607 >
631 2589 837 2629 Phoenices
856 2589 974 2630 Sidon
988 2588 1099 2633 urbs,
1127 2590 1220 2630 hinc
1235 2589 1393 2631 Sidonia
1412 2591 1534 2631 Dido.

201 2667 285 2713 Hic
303 2682 474 2711 nummus
477 2667 658 2721 secundae
680 2667 957 2724 magnitudinis
974 2671 1076 2711 inter
1083 2668 1365 2725 praestantiores
1379 2678 1609 2725 numeratur⁴

143 3247 161 3283 1
172 3245 209 3279 Μ
221 3246 256 3272 1².
288 3245 323 3271 c.
354 3242 405 3270 M.
438 3242 465 3269 A
477 3238 505 3269 v
519 3243 559 3270 R.
590 3243 618 3271 A
633 3243 664 3270 N
676 3242 700 3270 T
710 3244 737 3271 o
747 3242 778 3269 N
791 3243 806 3269 1
819 3243 850 3270 N
862 3244 888 3270 v
903 3241 937 3269 s.
965 3229 1100 3285 Caput
1119 3229 1315 3287 Elagabali
1331 3230 1554 3272 laureatum.

198 3304 222 3330 c
233 3301 258 3328 ο
270 3301 308 3327 L.
341 3300 378 3326 M
391 3299 414 3324 E
428 3299 466 3324 T.
500 3299 526 3325 A
541 3299 567 3324 v
582 3298 624 3325 R.
658 3300 679 3326 P
691 3300 706 3325 1
719 3300 760 3326 A.
793 3299 811 3325 s
826 3299 840 3325 1
851 3300 891 3326 D.
920 3286 1075 3326 Colonia
1091 3287 1314 3342 Metropolis
1329 3287 1491 3327 Aurelia
1508 3287 1592 3328 Pia
1608 3284 1736 3326 Sidon.
1775 3282 1921 3326 Mulier
1940 3284 2140 3329 seminuda
2158 3300 2248 3331 cum

251 3342 369 3438 paiiio
391 3340 566 3402 oblongo
583 3341 682 3381 stans
697 3341 809 3396 supra
828 3342 1022 3383 triremem
1043 3341 1182 3384 dextra
1206 3344 1382 3391 extensa,
1409 3342 1552 3384 sinistra
1579 3342 1787 3397 scipionem
1813 3340 2062 3392 transversum
2090 3344 2250 3388 collefita

252 3412 302 3440 ve
335 3411 358 3437 e
374 3407 483 3452 gerit.

197 3477 274 3518 Alii
300 3475 460 3531 figuram
488 3474 589 3515 hanc
612 3474 721 3530 supra
748 3476 960 3523 triremem,
988 3475 1189 3518 Didonem
1213 3477 1357 3519 Sidone
1375 3476 1610 3533 fugientem,
1639 3477 1711 3518 iter
1727 3474 1884 3518 brachio
1899 3477 2057 3520 extenso
2072 3479 2244 3520 indican-

140 3542 241 3579 tem,
268 3536 306 3571 &
331 3531 472 3571 finistra
495 3530 687 3586 sceptrum
711 3531 926 3587 oblongum
944 3559 955 3578 ‚
995 3543 1036 3571 ut
1062 3531 1102 3571 in
1124 3531 1335 3587 Tyriorum
1361 3534 1528 3575 nummis
1545 3562 1557 3581 ,
1591 3544 1787 3590 gerentem
1815 3533 2005 3576 affirmant
2029 3551 2037 3576 :
2066 3535 2127 3576 alii
2151 3536 2245 3575 vero

140 3588 320 3631 Astarten
345 3586 583 3632 existimant,
612 3586 733 3640 qualis
760 3587 802 3626 in
830 3586 998 3627 nummis
1024 3586 1212 3629 Demetrii
1227 3589 1425 3630 Nicatoris
1442 3589 1621 3630 Historiae
1637 3589 1773 3630 nostrae
1788 3589 1903 3644 Syriae
1919 3605 1967 3646 pa
1997 3623 2003 3629 .
2026 3604 2116 3644 273.
2138 3591 2244 3631 exhi-

141 3644 276 3688 betur:
303 3642 384 3681 haec
400 3641 532 3682 dextra
549 3643 705 3683 extensa
721 3641 917 3683 Venerem
934 3641 1076 3683 stellam
1091 3641 1256 3692 indicat,
1284 3644 1396 3698 quod
1413 3645 1539 3685 Graeci
1555 3648 1656 3695 ᾰέςρον,
1685 3643 1794 3686 unde
1806 3645 1908 3687 illam
1925 3650 1961 3686 A
1997 3659 2101 3687 arten
2116 3646 2242 3686 nomi-

140 3709 270 3742 natam
288 3696 439 3743 dicunt,
468 3697 577 3750 cujus
597 3698 637 3738 in
653 3698 795 3738 vertice
814 3697 915 3738 sacer
933 3712 1064 3738 currus
1087 3696 1138 3737 ad
1158 3711 1243 3739 eam
1263 3699 1505 3741 indicandam
1532 3700 1698 3755 signatus
1723 3700 1874 3744 videtur
1894 3722 1906 3749 3
1933 3702 1993 3742 illa
2010 3701 2121 3755 supra
2139 3702 2243 3742 trire-

140 3765 244 3798 mem
278 3752 368 3798 stat‚
395 3763 578 3806 tanquam
608 3753 696 3793 urbs
721 3752 844 3794 Sidon
872 3753 1082 3796 Phoeniciae
1109 3758 1284 3808 Νοωοέςχις,
1313 3755 1374 3801 vel
1401 3767 1443 3797 ut
1463 3757 1672 3806 triremium
1686 3758 1898 3808 inventrix,
1926 3757 2019 3800 teste
2036 3756 2243 3812 Clemente

142 3807 406 3854 Alexandrino
424 3808 562 3849 Strom.
579 3808 642 3848 lib.
666 3823 726 3849 10.
747 3824 835 3866 pag.
858 3822 949 3864 307.
2194 3812 2196 3814 ’

194 3873 278 3920 Hic
297 3886 470 3913 nummus
486 3874 700 3924 mediocris,
726 3890 794 3918 nec
810 3885 920 3918 rarus
936 3890 1003 3919 nec
1022 3877 1158 3920 obvius
1174 3878 1236 3940 est.

290 3938 391 3987 Tom-
422 3940 485 3982 ΙΙ.
1599 3938 1649 3995 Μ,
