2491 4219
239 173 332 208 ωε
881 170 1676 230 QHERENNIUS.

240 283 248 290 .
291 229 497 271 Antiochia
515 231 629 285 Syriae
645 231 875 287 Metropolis
894 237 933 274 &
950 234 1117 276 Colonia
1134 235 1291 277 fimilem
1309 239 1457 278 nummi
1473 251 1608 294 typum
1631 238 1831 281 Etruscillae
1847 238 2060 289 dedicavit,
2088 255 2204 296 quem
2224 244 2341 288 etiam

237 297 276 322 m
296 284 440 325 Etrusci
457 287 539 339 ejus
561 286 625 325 filii
641 287 829 328 honorem
852 302 1034 336 renovat,
1063 291 1224 345 quando
1240 292 1300 332 ille
1317 293 1356 332 in
1373 306 1507 333 eorum
1531 296 1664 336 urbem
1684 310 1772 336 cum
1793 296 1917 336 Decio
1931 309 2038 350 patre
2056 302 2168 340 venit.
2199 300 2342 342 Trista-

236 352 309 379 nus
325 354 525 381 nummum
543 341 730 396 vulgavit,
757 342 821 383 sed
838 345 1024 398 templum
1047 347 1164 387 Matri
1183 347 1310 387 Deum
1332 347 1390 387 vel
1410 347 1504 388 Deae
1519 350 1633 402 Syriae
1651 351 1800 397 tribuit,
1829 352 1917 390 cum
1945 352 2003 391 illa
2030 353 2163 394 mulier
2191 358 2342 403 turrita,

239 393 391 453 Genius
414 396 459 436 sit
477 396 600 442 urbis,
627 398 690 437 cui
714 398 900 450 templum
921 400 970 440 ab
993 401 1320 442 Antiochensibus
1344 403 1574 444 exstructum
1604 407 1681 451 est,
1710 405 1900 460 ipsiusque
1917 407 2091 449 meminit
2111 410 2342 452 Ammianus

237 447 301 489 hb.
323 464 384 490 22.
415 451 512 490 Ciam
527 451 701 500 transtret
710 464 781 505 per
789 454 999 507 speciosum
1017 457 1131 496 Genii
1149 456 1325 510 templum
1343 472 1355 495 .·
1383 461 1420 497 &
1437 458 1498 498 lib.
1521 472 1585 512 23.
1613 461 1852 512 Ascendente
1868 454 1921 501 'eo
1933 462 2085 515 gradile
2115 464 2229 505 Genii
2248 474 2342 506 tem-

226 503 349 557 plum.
379 505 576 545 Tristanus
596 507 768 547 Leonem
788 508 828 548 in
847 510 988 550 vertice
1008 512 1156 553 nummi
1174 526 1246 565 pro
1264 512 1393 553 Ariete
1410 513 1522 567 scalpi
1539 518 1707 558 curavit,
1737 530 1854 571 quem
1878 517 2155 561 Antiochenses
2176 521 2224 560 ad
2242 520 2340 562 indi-

235 560 401 621 candum
422 559 490 600 sub
508 560 584 622 lioc
602 561 710 616 signo
728 577 871 604 annum
887 564 926 607 se
941 565 1147 614 inchoare,
1173 567 1410 610 caelaverunt.
1438 568 1596 612 Patinus
1615 571 1690 614 hos
1706 571 1871 612 Tristani
1890 586 2036 614 errores
2052 573 2197 622 hausit,
2225 579 2264 616 ὃ(
2285 590 2341 631 ty-

233 627 329 668 pum
346 614 415 669 1ps1
434 614 593 657 similem
612 616 801 671 percussit.
898 635 927 669 a

287 705 372 746 Hic
386 721 560 748 nummus
578 710 736 764 majoris
752 709 912 756 moduli,
941 711 965 752 ἁ
981 713 1154 765 Trisz‘ano
1173 723 1258 755 tom.
1280 729 1312 756 2.
1326 726 1415 771 pag.
1436 721 1528 765 652.
1547 717 1693 765 editus,
1716 729 1784 771 pro
1799 734 1884 761 raro
1900 730 2139 777 computatur
2158 742 2173 769 ³
2192 720 2342 775 sedfi'ff

230 760 535 818 cundaeformae‚
562 764 587 805 a*
607 765 757 806 Patina
768 776 857 822 pag.
879 779 971 822 394.
989 769 1194 827 vulgatus,
1220 773 1320 813 inter
1339 774 1499 814 rariores
1518 773 1771 826 recensendus.

285 1411 490 1440 AHMAPX·
518 1412 772 1442 EEOTchc·
797 1412 989 1455 Δημαρχικῆς
1006 1410 1142 1452 Bisa-fac·
1169 1408 1216 1448 In
1233 1407 1315 1448 imo
1332 1420 1366 1447 s.
1389 1420 1426 1449 c.
1464 1405 1610 1462 Aquila
1627 1392 1959 1461 insistens=palmae
1973 1419 2102 1454 ramo,
2129 1404 2252 1448 rostr'o
2279 1407 2345 1457 c0-'¹

343 1472 479 1499 ronam
503 1471 611 1513 gerit.
2112 1477 2114 1480 ’

282 1548 452 1589 Similem
479 1565 680 1592 nummum
708 1551 758 1592 ad
782 1553 1027 1594 Antiochiam
1047 1553 1162 1607 Syriae
1178 1550 1369 1608 pertinere
1390 1554 1429 1594 in
1447 1555 1642 1595 Etruscilla
1660 1553 1848 1597 diximus:
1875 1555 1913 1595 in
1929 1555 2003 1597 hac
2020 1549 2261 1597 autemurbe
2276 1555 2349 1596 du-'

227 1603 316 1658 plex
334 1619 490 1646 moneta
509 1606 746 1662 signabatur,
777 1621 853 1648 una
868 1609 982 1662 Syriae
1000 1609 1171 1649 Praefidis
1189 1608 1288 1661 jussu
1301 1634 1313 1656 ,
1342 1610 1457 1650 altera
1476 1611 1579 1651 urbis
1591 1638 1603 1657 ,
1632 1611 1944 1667 ob-pri-vilegium
1963 1612 2073 1665 quod
2086 1613 2154 1652 illa·
2166 1613 2189 1652 a
2205 1612 2350 1653 Senatu

228 1660 469 1708 obtinuerat,
498 1664 587 1703 cum
604 1663 708 1716 Syria
724 1663 764 1702 in
780 1664 1017 1716 provinciam
1041 1665 1261 1705 Romanam
1280 1665 1433 1705 reda&
1450 1664 1544 1712 fuit,
1572 1667 1664 1707 ideo
1681 1662 1742 1706 illa
1761 1681 1793 1706 s.
1810 1682 1843 1707 c.
1863 1680 1973 1707 notas
1990 1668 2030 1707 in
2045 1667 2212 1707 nummis
2228 1681 2351 1722 appo-

227 1714 321 1761 suit,
351 1717 431 1756 imo
448 1720 487 1756 &
504 1732 540 1758 Δ.
556 1733 593 1757 E.
615 1726 807 1769 Quamuis
820 1725 964 1764 Ἑξεσίως,
991 1721 1044 1760 ob
1062 1720 1306 1761 Plebiscitum
1324 1735 1407 1774 quo
1428 1721 1477 1761 ad
1494 1721 1595 1762 hanc
1611 1722 1690 1762 rem
1708 1735 1808 1775 opus
1825 1722 1981 1763 habuit:
2008 1721 2226 1763 Tribunitia
2243 1723 2350 1764 enim

228 1771 397 1824 potestas
413 1772 619 1814 Herennio
630 1774 791 1821 Caesari,
821 1789 938 1829 quam
956 1776 1101 1817 Decius
1117 1776 1272 1817 Senatui
1288 1775 1500 1824 remiserat,
1530 1777 1689 1818 minime
1705 1791 1917 1833 congruere
1933 1778 2058 1832 potest
2068 1797 2080 1824 3
2109 1778 2250 1819 idcirco
2270 1781 2350 1818 An-

228 1826 394 1874 tiochia,
423 1839 633 1884 antequam
650 1829 819 1870 Colonia
837 1829 962 1874 fuisset
979 1832 1147 1873 dedu&a
1161 1860 1172 1879 ,
1202 1834 1223 1872 a
1242 1831 1366 1873 Plinio
1385 1833 1526 1873 Libera
1545 1833 1777 1888 appellatur,
1807 1834 1896 1873 cum
1914 1833 1992 1887 ipsa
2008 1838 2179 1882 ἀντινομίαν
2197 1834 2218 1874 ὲ
2234 1833 2349 1874 Pom·

227 1883 320 1937 peio
346 1897 485 1939 magna
505 1886 671 1940 pecunia
692 1887 787 1927 teste
802 1886 1021 1944 Porphyrio
1039 1888 1255 1930 redemisset
1272 1916 1284 1935 ,
1313 1903 1431 1943 quam
1448 1890 1583 1944 postea
1601 1889 1762 1930 Senatus
1782 1893 1819 1929 &
1840 1888 2012 1943 Populus
2033 1889 2234 1929 Romanus
2252 1887 2351 1930 seor-

229 1937 594 1986 sirmconfirmarunt
610 1970 622 1989 ,
650 1953 694 1983 ut
708 1943 881 1984 indicant
906 1957 938 1984 s.
956 1959 989 1985 c.
1008 1948 1046 1985 ὃ(
1064 1958 1099 1985 Δ.
1115 1959 1152 1985 E.
1175 1958 1290 1986 notae.
1325 1946 1449 1986 Porro
1467 1944 1617 1985 Gellius
1633 1944 1695 1988 lib.
1714 1959 1774 1985 10.
1792 1959 1874 1999 cap.
1896 1959 1954 1993 19.
1986 1944 2141 1986 Plebem
2160 1947 2181 1983 a
2197 1944 2351 2000 Populo

229 1994 371 2036 dividit
388 2012 397 2036 z
426 1996 624 2053 Qoniam
643 2000 686 2039 in
702 1999 850 2053 Populo
866 2002 986 2040 omnis
992 2010 1090 2054 pars
1104 2002 1286 2040 civitatis
1303 2027 1315 2046 ,
1342 2000 1538 2056 omnesque
1554 2001 1638 2055 ejus·
1655 2001 1803 2041 ordines
1818 2001 2094 2040 contineantur.
2125 1999 2246 2042 ‘Plebs
2259 1999 2350 2053 vert}

229 2064 275 2092 ea
291 2050 437 2091 dicitur
447 2079 459 2099 ‚
484 2055 527 2092 in
540 2068 616 2109 qua
623 2063 763 2110 gentes
779 2057 925 2096 civium
934 2057 1112 2111 paviciae
1128 2070 1202 2097 non
1217 2055 1360 2109 insunt.
1402 2057 1524 2098 Unde
1540 2056 1784 2099 Plebiscitum
1805 2055 1957 2099 videtur
1972 2055 2134 2111 di&um2

285 2140 372 2198 ῌίι*
389 2155 563 2185 nummus
581 2143 779 2200 mediacris
797 2149 937 2186 moduli
944 2173 957 2194 ‚
985 2148 1010 2186 ὰ
1026 2149 1178 2189 Patina
1184 2160 1275 2204 pag.
1288 2162 1382 2201 494.
1398 2149 1547 2196 editus,
1575 2149 1752 2203 vagaris
1766 2147 1830 2205 est,

1079 2253 1507 2297 DACIA.

220 2893 282 2945 ''2ss
306 2903 372 2932 ur,
385 2902 427 2930 R.
456 2902 482 2928 E
493 2880 583 2945 1²¹³(
601 2893 638 2930 M
650 2903 675 2931 E
687 2902 722 2930 s.
751 2903 779 2930 n
790 2903 814 2931 ι’,
829 2905 865 2930 c.
898 2903 921 2930 c
936 2904 962 2930 A
976 2904 999 2930 Ε
1014 2904 1047 2931 s.
1075 2890 1220 2946 Caput
1236 2890 1499 2944 QHerennii
1516 2889 1595 2932 fine
1611 2891 1749 2932 laurea.
1845 2936 1849 2945 ¹
2232 2914 2249 2919 ›-

290 2959 312 2988 Ρ
324 2960 355 2986 R
369 2960 395 2984 o
409 2959 436 2984 v
448 2958 464 2984 1
476 2950 506 2984 N
520 2942 569 2984 ξι
582 2951 608 2984 A
641 2959 668 2984 D
682 2960 707 2984 A
722 2960 745 2985 c
757 2959 772 2984 1
785 2960 825 2985 A.
855 2945 893 2984 in
909 2946 989 2985 imo
1021 2951 1106 2985 A'N.
1129 2960 1144 2986 1
1158 2960 1171 2984 1
1186 2960 1200 2985 1
1213 2960 1245 2984 1.
1274 2948 1313 2986 in
1332 2947 1412 2987 aliis
1443 2961 1470 2986 A
1483 2959 1527 2986 N.
1552 2961 1592 2987 v.
1629 2946 1778 2987 Mulier·
1790 2945 1915 3000 patrio
1930 2946 2068 2988 vestitu
2083 2957 2217 2990 ornata
2233 2950 2348 3000 stans,

346 3012 510 3053 utraque
526 3013 643 3039 manu
661 3000 810 3055 signum
828 3000 988 3044 militare
1007 3014 1097 3040 curn
1113 3003 1216 3041 notis
1237 3015 1276 3040 v.
1297 3006 1337 3042 &
1354 3015 1405 3042 xl
1417 3015 1433 3041 1
1445 3015 1475 3042 1.
1505 3016 1579 3056 pro
1596 3001 1762 3056 pedibus
1777 3003 1861 3055 ejus
1875 3001 1967 3043 hinc
1981 3003 2125 3057 Aquila
2141 3003 2265 3047 rostro
2281 3021 2348 3059 cof

346 3069 481 3097 ronam
493 3082 506 3102 ,
534 3054 626 3095 inde
642 3055 737 3096 Leo.

289 3149 411 3191 Dacia
424 3149 514 3189 cum
531 3147 771 3189 intellexisset
788 3146 957 3189 Decium
976 3160 1143 3203 cogente
1159 3150 1300 3190 Senatu
1318 3149 1520 3191 Etruscum
1538 3147 1657 3189 filium
1674 3148 1865 3189 Caesarem
1883 3148 2107 3203 appellasse,
2133 3150 2347 3207 Imperato4

237 3206 267 3248 ri
287 3205 478 3259 gratulans
496 3230 508 3249 ,
536 3217 719 3243 nummos
735 3216 778 3243 ut
794 3204 892 3258 patri
908 3230 920 3249 ,
948 3207 1000 3246 ita
1018 3204 1096 3245 filio
1114 3205 1313 3260 percuflit3
1341 3206 1378 3246 in
1400 3205 1516 3260 priori
1533 3218 1676 3244 annum
1702 3216 1880 3258 quartum
1898 3205 2099 3260 apposuit,
2126 3206 2306 3248 libertatis
2322 3208 2346 3249 ὲ

236 3260 419 3314 Philippo
443 3270 610 3312 acceptat
635 3271 931 3299 monumentum
949 3288 960 3306 ‚
991 3262 1100 3315 quod
1117 3275 1238 3302 annus
1254 3263 1369 3302 etiam
1388 3262 1546 3315 quintus
1568 3261 1606 3300 in
1626 3260 1744 3301 altero
1760 3274 1922 3301 nummo
1939 3261 2081 3302 indicat
2101 3277 2110 3302 z
2138 3277 2259 3304 annus
2275 3277 2344 3303 au-

239 3326 316 3357 tem
336 3330 416 3356 aerae
436 3315 594 3369 quintus
607 3342 619 3361 ‚
646 3315 803 3370 Imperii
820 3315 932 3356 Decii
949 3316 1137 3357 secundus
1155 3317 1207 3357 est
1227 3344 1237 3363 ‚
1266 3331 1384 3371 quem
1404 3316 1552 3357 felicem
1571 3315 1815 3370 faustumque
1835 3317 1873 3356 in
1892 3316 1971 3356 filio
1987 3331 2193 3372 auguratur
2210 3318 2342 3359 Dacia.

239 3371 338 3413 Haec
354 3384 516 3421 utraque
533 3385 648 3411 manu
665 3371 845 3412 vexillum
862 3371 958 3427 gerit
970 3400 980 3416 ‚
1008 3373 1199 3414 ,denotans
1215 3371 1310 3413 duas
1327 3373 1518 3427 Legiones
1535 3372 1572 3412 in
1590 3371 1663 3412 hac
1683 3372 1880 3426 provincia
1896 3371 1944 3412 ad
1961 3372 2043 3418 eius
2060 3385 2190 3413 contra
2208 3374 2343 3414 barba-

240 3440 304 3470 ros
320 3427 530 3467 custodiam
549 3428 803 3474 commorari,
825 3440 870 3469 ut
883 3427 922 3466 in
938 3427 1121 3483 Philippo
1135 3428 1320 3481 diximus,
1349 3424 1511 3484 quarum
1529 3427 1685 3468 nomina
1703 3429 1740 3467 in
1760 3427 1904 3467 vexillis
1921 3428 2054 3481 scripta
2070 3427 2176 3474 sunt,
2203 3427 2345 3484 Legio-

241 3483 300 3525 nis
320 3482 498 3522 nimirum
516 3496 555 3522 v.
575 3482 864 3529 Macedonicae‚
894 3486 933 3522 &
952 3498 1001 3523 XI
1016 3498 1074 3524 11.
1093 3483 1288 3531 Geminae,
1316 3496 1359 3525 ut
1374 3483 1621 3538 adstipulatur
1639 3483 1718 3524 Dio
1735 3483 1797 3522 lib.
1815 3497 1876 3533 55.
1893 3497 1978 3538 pag.
1994 3490 2080 3534 564.
2108 3486 2254 3531 Πὲμὴῖον,
2270 3497 2343 3523 Μοι-

243 3539 384 3579 κεὸονικέν
399 3563 407 3577 =
432 3544 462 3574 ἂν
480 3544 589 3585 Δακίᾳ-
619 3540 777 3594 Qinta
794 3538 1045 3580 Macedonica
1060 3543 1101 3579 in
1118 3540 1266 3580 Dacia.
1297 3542 1337 3578 Τό
1350 3558 1378 3577 π
1394 3546 1480 3582 ‘tes-mv
1498 3546 1521 3592 v}
1539 3544 1656 3577 δὲκοιπν
1671 3565 1681 3581 ‚
1706 3541 1734 3576 'ni
1750 3546 1782 3577 όν
1798 3545 1897 3586 Δακίῳ
1912 3566 1923 3581 ,
1947 3542 1976 3576 ‘ni
1989 3544 2127 3588 Δίδυμον.
2167 3538 2338 3580 DeCima

242 3596 362 3638 tertia
379 3592 538 3633 Gemina
556 3597 597 3635 in
613 3595 764 3635 Dacia.
801 3594 944 3650 Aquila
962 3595 1122 3650 quidem
1137 3594 1292 3648 Imperii
1307 3595 1474 3651 insigne,
1502 3597 1586 3635 Leo
1603 3607 1733 3636 autem
1749 3595 1956 3650 provinciae
1974 3593 2186 3649 symbolum
2205 3593 2272 3635 est.

298 3693 467 3749 Uterque
481 3704 652 3733 nummus
658 3693 839 3746 ficundae
854 3693 1128 3750 magnitudinis
1142 3694 1243 3734 inter
1257 3696 1418 3736 rariores
1433 3694 1668 3749 reponendus.
