2491 4219
2171 174 2226 213 43

134 857 199 895 gM
210 857 244 884 P.
275 857 299 885 c
312 856 338 883 A
351 856 376 883 E
389 855 422 883 s.
453 855 504 883 M.
535 856 564 882 A
578 855 655 883 va.
689 855 717 882 A
729 855 760 883 N
773 854 798 882 1·
810 856 837 883 o
849 855 880 882 N
892 855 908 882 1
921 855 950 882 N
964 856 991 883 v
1003 856 1022 883 s
1057 856 1084 882 A
1097 856 1125 882 v
1137 856 1177 884 G.
1207 843 1342 899 Caput
1358 844 1561 885 Caracallae
1586 846 1807 888 laureatum.
2140 894 2144 901 ⁵
2216 895 2219 898 .

185 914 224 942 Μ
236 913 263 940 ν
275 912 306 938 Ν
318 912 334 938 1
347 913 370 940 c
381 912 397 938 1
411 913 446 938 Ρ.
477 912 496 939 s
511 911 536 938 r
546 912 573 944 o
585 911 609 938 Β
620 911 643 937 Ε
656 910 685 937 N
699 912 731 938 s.
761 897 1018 951 Municipium
1040 897 1280 950 Stobenstum.
1317 899 1490 941 ViCtoria
1521 901 1697 955 gradiens
1706 928 1718 948 ,
1745 903 1880 944 dextra
1904 907 2089 945 coronam
2099 928 2111 952 2
2138 904 2233 948 1aeva

240 953 415 1010 palmam.

183 1032 292 1073 Stobi
316 1032 406 1073 urbs
435 1031 697 1078 Macedoniae,
726 1028 777 1071 de
803 1042 881 1085 qua
902 1030 942 1071 in
964 1029 1223 1085 Vespafiano,
1251 1031 1348 1073 Tito
1372 1035 1411 1073 Sc
1438 1033 1668 1074 Domitiano
1694 1035 1840 1076 distum
1857 1064 1870 1084 ‚
1908 1037 2074 1084 Severo,
2097 1037 2233 1092 Juliae3

128 1087 332 1130 Caracallae
344 1115 356 1135 ‚
384 1092 423 1127 &
443 1088 557 1128 Getae
574 1099 755 1128 nummos
774 1086 1030 1133 consecravit,
1058 1100 1194 1127 omnes
1210 1087 1370 1140 quidem
1385 1102 1475 1128 cum
1493 1087 1676 1130 Vhstoriae
1692 1091 1820 1146 figno,
1851 1103 1893 1132 ut
1913 1092 1992 1144 jam
2009 1092 2106 1133 vidit
2127 1092 2230 1133 Pati-

128 1156 214 1184 nus.
243 1143 444 1185 Stobenses
461 1155 591 1184 autem
606 1142 865 1197 Imperatoriae
882 1141 1032 1182 familiae
1050 1141 1100 1183 fic
1118 1143 1293 1198 gratulati
1313 1142 1419 1189 sunt,
1447 1144 1558 1197 quud
1573 1145 1660 1198 post
1675 1146 1917 1197 vietoriasde
1940 1146 2113 1187 hostibus
2134 1147 2230 1188 rela-

127 1208 187 1246 tas
201 1198 411 1253 Imperium
427 1199 653 1240 Romanum
670 1211 749 1238 non
766 1197 889 1237 modo
905 1195 971 1236 fibi
988 1196 1193 1253 asseruiss‘et
1211 1197 1372 1238 Severus
1383 1224 1396 1244 ,
1422 1197 1488 1239 sed
1505 1198 1671 1241 barbaris
1688 1201 1805 1257 longe
1822 1202 1977 1256 lateque
1995 1203 2231 1258 profligatis,

127 1253 379 1301 Adiabenici‚
408 1255 586 1301 Arabici,
612 1252 802 1299 Parthici,
831 1255 870 1292 δε
895 1252 1099 1293 Britannici
1115 1253 1272 1294 nomina
1292 1253 1384 1293 esset
1401 1253 1632 1307 assequutus.
1663 1257 1868 1297 Caracallae
1885 1272 2048 1312 quoque
2064 1259 2234 1298 nummis

126 1309 264 1358 oblatis
279 1309 423 1351 adulati
438 1309 546 1356 sunt,
573 1309 683 1364 quod
697 1308 759 1349 ille
775 1309 911 1362 pacata
925 1307 1134 1348 Germania
1156 1308 1305 1348 Parthis
1326 1308 1466 1348 bellum
1483 1309 1672 1358 illaturus,
1699 1313 1739 1352 iu
1766 1311 2043 1353 Macedoniam
2067 1313 2232 1366 provin-

126 1365 223 1406 ciam
241 1364 344 1406 suam
361 1364 595 1422 perveniffet.
627 1364 680 1404 Di
722 1374 851 1404 autem
870 1364 1105 1404 Caracallam
1122 1360 1363 1404 Macedones
1380 1376 1539 1418 propter
1556 1366 1820 1408 Alexandrum
1835 1367 1950 1408 valde
1964 1368 2131 1409 dilexisse
2148 1383 2233 1408 nar-

127 1431 185 1461 rat
206 1419 268 1460 lib.
289 1434 350 1473 77.
372 1435 457 1476 pag.
485 1424 575 1473 874.
608 1423 672 1459 οὔτ
711 1425 750 1466 dL’
764 1422 796 1458 ἓν
813 1422 878 1470 2132
893 1424 913 1457 ἒ
928 1425 1128 1470 Αλὲξοωδῂον,
1154 1426 1179 1472 >g
1196 1423 1249 1459 τές
1266 1424 1441 1461 Μακεδίνας
1458 1428 1555 1466 {olma
1584 1421 1712 1477 Igitur
1727 1431 1836 1463 tanto
1851 1437 1976 1463 amore
1984 1423 2231 1479 prosequeba-

95 1520 97 1523 ,
125 1486 191 1516 tur
207 1485 362 1530 propter
387 1476 654 1517 Alexandrum
730 1477 920 1516 acedones.
955 1476 1027 1516 Nil
1055 1477 1194 1517 mirum
1221 1476 1248 1516 fi
1274 1477 1454 1517 Coloniae
1479 1482 1518 1518 δε
1545 1477 1762 1532 Municipia
1782 1479 1900 1532 hujus
1917 1479 2127 1534 provinciae
2142 1479 2230 1520 suos

126 1530 218 1581 huic
234 1531 461 1586 Imperatori
477 1545 657 1579 nummos
732 1532 829 1587 grati
845 1533 962 1573 animi
977 1544 1274 1573 monumentum
1290 1532 1514 1575 dedicarint.
2003 1531 2007 1535 ’
2198 1534 2205 1538 ”

179 1608 263 1649 Hic
278 1622 450 1651 nummus
453 1609 615 1662 ficundi
630 1609 769 1652 moduli
777 1639 790 1660 ,
817 1613 840 1653 a
858 1613 1007 1666 Patina
1025 1611 1210 1666 vuggatu's
1216 1621 1308 1667 pag.
1333 1615 1422 1663 298.
1440 1620 1507 1653 nec
1526 1622 1635 1653 rarus
1650 1624 1719 1653 nec
1734 1613 1872 1655 obvius
1889 1613 1951 1664 est.

964 1713 1385 1757 TROAs,

103 2239 175 2294 ,ᾐζζ
200 2239 231 2284 Ἀ
243 2257 270 2285 v
280 2242 324 2284 ng
352 2242 382 2285 Ἀ
394 2255 427 2284 Ν
439 2255 464 2285 τ
475 2256 500 2285 0
511 2249 543 2284 N
555 2256 571 2285 1
583 2257 615 2285 N
627 2252 683 2285 vs
713 2256 734 2284 ι’
747 2256 764 2284 1
777 2256 804 2283 v
816 2255 836 2284 s
867 2258 896 2284 A
909 2253 937 2286 v
949 2257 991 2286 G.
1020 2244 1156 2300 Caput
1173 2243 1378 2286 Caracallae
1397 2245 1617 2299 laureatum,
2192 2295 2194 2297 ‚

177 2303 288 2349 cot..
319 2311 347 2340 Α
361 2313 437 2340 ve.
469 2313 495 2340 T
508 2313 539 2340 R
550 2314 577 2339 o
589 2314 629 2340 A.
659 2299 816 2341 Colonia
831 2300 1006 2354 Augusta
1031 2300 1259 2350 Troadenfis.
1297 2300 1344 2340 In
1363 2301 1443 2341 aliis
1461 2316 1484 2341 c
1496 2316 1523 2341 o
1536 2317 1572 2342 L.
1606 2317 1633 2344 A
1649 2316 1674 2344 L
1685 2315 1710 2344 E
1723 2316 1759 2344 x.
1793 2313 1821 2344 A
1836 2318 1863 2344 v
1876 2318 1918 2344 G.
1947 2304 2103 2346 Colonia
2133 2305 2229 2346 Ale-

230 2356 398 2395 xandria
416 2355 590 2408 Augusta
611 2354 837 2406 Troadenszs.
866 2354 913 2394 In
932 2354 1012 2394 aliis
1037 2369 1094 2395 co
1105 2370 1141 2395 L.
1176 2369 1202 2394 A
1217 2369 1243 2395 v
1257 2369 1298 2396 G.
1330 2369 1357 2395 A
1372 2371 1398 2396 L
1411 2371 1434 2395 E
1448 2370 1487 2395 x.
1518 2371 1543 2396 T
1556 2369 1587 2398 R
1598 2371 1637 2397 o.
1670 2359 1825 2398 Colonia
1849 2361 2023 2414 Augusta
2045 2361 2224 2402 Alexan-

228 2408 316 2450 dria
333 2409 560 2460 Troadenfis.
590 2409 739 2465 Apollo
761 2409 936 2451 muliebri
959 2409 1094 2451 habitu
1114 2410 1212 2450 flans
1232 2411 1270 2452 in
1296 2413 1414 2466 cippo
1433 2422 1523 2452 ante
1545 2427 1649 2454 aram
1662 2431 1674 2460 3
1703 2413 1838 2455 dextra
1862 2428 2056 2469 pateram,
2084 2416 2227 2458 finistra

229 2472 370 2506 arcum

171 2539 249 2588 Hae
271 2556 408 2585 omnes
429 2544 541 2584 variae
566 2543 828 2598 inscriptiones
853 2543 904 2584 ad
929 2543 1137 2585 Coloniam
1153 2543 1418 2585 Troadensem
1439 2546 1652 2599 pertinent,
1681 2561 1769 2601 quae
1786 2547 1906 2587 Troas
1923 2551 1961 2586 &
1980 2547 2226 2590 Alexandria

116 2597 348 2651 appellatur,
375 2610 419 2638 ut
443 2598 567 2638 innuit
593 2598 736 2639 Plinius
762 2599 825 2639 lib.
855 2611 889 2649 5.
915 2613 997 2654 cap.
1028 2613 1092 2653 30.
1131 2599 1253 2640 Troas
1270 2601 1486 2654 Antigonia
1500 2601 1627 2648 dicia,
1656 2616 1757 2642 nunc
1772 2602 2039 2650 Alexandria,
2068 2605 2225 2644 Colonia
2263 2626 2273 2637 ·

117 2651 302 2694 Romana.
325 2653 415 2708 Jam
431 2664 520 2694 ante
535 2652 645 2694 Plinii
663 2666 838 2708 tempora
853 2665 1062 2710 utrumque
1078 2669 1223 2695 nomen
1240 2655 1409 2696 habuisse
1426 2655 1578 2696 videtur
1593 2657 1697 2711 apud
1714 2657 1918 2712 Polybium
1934 2658 1995 2698 lib.
2021 2672 2050 2707 ς.
2070 2674 2106 2711 p.
2124 2672 2221 2712 447.

117 2706 159 2742 To*
171 2706 192 2753 5*
204 2707 367 2742 venduntor
383 2711 407 2759 i}
424 2712 575 2756 πιλιοςκέἱν
589 2709 642 2746 τές
656 2714 739 2746 Ιλιέῖς
755 2706 1011 2754 δ”)ηζοιὶλομῖύων,
1036 2710 1138 2755 ἐ”ᾖζμεπ
1156 2706 1210 2755 ‘⁴2⁴'
1225 2725 1265 2745 ττς
1282 2712 1319 2743 ἐκ
1330 2711 1447 2754 οἱγῆυνῆς
1464 2711 1529 2746 «ωὲ)
1545 2714 1638 2745 ταῦτα
1654 2713 1781 2754 ambigit,
1798 2717 1822 2763 a}
1841 2715 1912 2750 μὲπό
1928 2717 1953 2747 ‘³1²²
1971 2714 2034 2750 rw&
2052 2714 2105 2748 ‘rlw‘
2121 2716 2224 2762 Τξωοί-

114 2762 160 2795 δω
171 2761 358 2797 κακιωκέντων
375 2760 600 2807 Αλεξοινδῃείων.
626 2758 714 2814 Qi
728 2758 814 2798 citm
833 2758 990 2810 Ilienses
1008 2759 1063 2800 ad
1078 2767 1288 2798 extremum
1303 2757 1459 2809 obfidere
1475 2758 1589 2811 efflent
1605 2760 1778 2816 aggrestl,
1808 2765 1994 2817 egregium
1998 2763 2099 2814 sane
2110 2765 2220 2816 faci-

113 2826 187 2854 nus
202 2814 252 2855 ab
266 2814 611 2865 Alexandrensz'bus
624 2816 691 2871 qui
712 2813 894 2854 Troadem
908 2813 1055 2862 colunt,
1083 2813 1133 2866 est
1148 2813 1303 2853 editum.
1332 2813 1474 2869 Figura
1489 2816 1528 2854 in
1546 2817 1684 2870 cippo,
1713 2817 1860 2870 Apollo
1877 2818 1932 2858 est
1956 2818 2131 2859 muliebri
2154 2820 2222 2860 ha-

115 2869 198 2911 bitu
221 2882 400 2917 ornatus,
427 2870 646 2926 pharetram
670 2870 780 2925 supra
808 2870 1013 2911 humerum
1041 2882 1199 2925 gerens,
1227 2868 1351 2923 qualis
1375 2870 1436 2910 ille
1461 2869 1684 2927 depingitur
1712 2872 1760 2912 ab
1786 2873 1967 2914 Homero
1993 2874 2096 2915 Iliad.
2122 2877 2156 2916 8.
2177 2877 2219 2920 in

112 2923 247 2979 Trojae
261 2938 553 2983 oppugnatione
570 2926 716 2981 pestem
732 2926 772 2966 in
789 2926 1018 2966 Graecorum
1035 2925 1244 2966 exercitum
1262 2926 1482 2966 immittens.

434 2983 499 3029 Τοξ
514 2980 630 3029 ὅμοια-ιν
647 2982 722 3028 ἔχων
737 2982 916 3028 οῖμφιρεφὲοι
929 2995 958 3016 π
973 2980 1146 3027 <papiri-eim.
1248 3014 1250 3017 .

577 3031 707 3072 Arcus
722 3031 762 3071 in
778 3029 944 3071 humeris
957 3029 1099 3071 habens
1106 3056 1120 3077 ,
1147 3029 1501 3087 circumjeeiamque
1510 3030 1747 3085 pharetram.

168 3105 253 3158 Hic
264 3121 436 3150 nummus
450 3108 757 3164 minimaesormae
771 3120 881 3148 rarus
897 3106 959 3159 est.

168 3682 280 3721 cor„
311 3674 434 3714 Ale
463 3684 656 3715 raoni).
685 3664 841 3714 Colonia
866 3670 1040 3729 Augusta
1062 3672 1292 3728 Troadenfis.
1330 3674 1472 3732 Figura
1496 3666 1675 3733 paludata
1701 3666 1881 3723 sacrificat
1895 3679 2006 3736 sup'er
2021 3681 2212 3736 tripodem

222 3739 312 3769 ante
332 3727 480 3784 fignum
497 3727 628 3785 figurae
643 3742 771 3770 arcum
788 3730 975 3785 gerentis,
1004 3730 1044 3769 in
1061 3730 1204 3771 vertice
1219 3730 1345 3785 aquila
1361 3733 1554 3788 unguibus
1571 3745 1688 3788 caput
1702 3734 1822 3775 bovis.
1853 3736 1999 3777 Diversi
2016 3736 2101 3777 sunt
2119 3739 2209 3791 typi.

165 3800 307 3864 Figura
325 3807 441 3863 cippo
460 3805 637 3861 impolita
658 3807 876 3862 Apollinem
892 3807 1068 3855 exhibet,
1097 3808 1278 3854 tutelare,
1307 3820 1350 3850 ut
1367 3810 1555 3857 diximus,>
1583 3811 1715 3866 Trojae
1731 3811 1904 3854 Numen.
1933 3814 2011 3854 Hic
2033 3815 2175 3867 Apollo
2189 3816 2209 3854 εἱ

111 3865 311 3921 Stephano
331 3863 381 3903 de
401 3863 498 3903 Urb.
528 3868 648 3900 Απιῖνλων
672 3865 768 3904 ιλιόϋς
794 3863 918 3905 dietus
934 3890 947 3910 ,
974 3864 1042 3925 qui
1058 3863 1163 3904 idem
1181 3878 1225 3905 ac
1241 3864 1463 3907 Smintheus
1479 3867 1556 3906 esse
1576 3867 1747 3913 videtur,
1776 3872 1855 3908 nori
1876 3869 2034 3922 quidem
2052 3870 2072 3908 a
2089 3870 2211 3910 Smin-

113 3918 393 4024 thssoffipildp?
421 3917 532 3974 quod
548 3918 618 3962 fibi
631 3918 742 3977 finxit
757 3918 944 3978 Stephani
959 3919 1206 3976 Epitomator
1220 3945 1233 3968 ‚
1261 3932 1422 4019 voFcatps
1434 3948 1447 3969 ,
1474 3921 1540 3963 sed
1560 3923 1609 3964 ab
1627 3923 1759 3966 occisis
1778 3923 1825 3966 ab
1845 3924 2023 3977 Apolline
2045 3927 2220 4036 mimizra}
