2574 4214
334 185 427 234 176
891 177 1858 229 MAURELIUS.

384 240 575 296 Serapidis
589 241 733 283 cultum
749 243 855 296 apud
872 244 1016 284 AEliam
1029 244 1291 300 Capitolinam
1308 261 1356 288 ex
1376 246 1605 287 Alexandria
1625 260 1842 302 receptum,
1869 246 1908 286 in
1927 246 2129 288 Antonino
2146 246 2216 288 Pio
2234 249 2426 297 diximus,

332 297 401 350 qui
418 298 525 337 Deus
539 298 654 338 etiam
671 297 777 351 apud
794 298 1004 353 AEgyptios
1019 312 1100 341 erat
1113 301 1357 356 peregrinus,
1387 302 1497 355 cujus
1525 302 1710 356 templum
1735 314 1840 344 extra
1866 315 1996 343 muros
2013 302 2180 343 locatum
2199 318 2322 347 narrat
2337 305 2426 346 Ma-

332 353 487 393 crobius
503 352 680 393 Saturnal.
707 366 738 392 1.
767 353 930 393 Nullum
944 356 1074 409 itaque
1090 356 1287 410 QAEgrpti
1302 357 1475 410 oppidum
1491 359 1598 396 intra
1614 371 1737 398 muros
1748 358 1840 409 suos
1859 367 1927 397 ant
1947 358 2107 398 Saturni
2122 367 2190 398 aut
2209 360 2360 415 Serapis
2356 363 2427 415 fiz-

332 420 423 447 num
439 411 585 460 recepit.
615 406 679 446 Ad
697 407 810 448 AEliae
825 409 1056 462 Capitolinae
1075 410 1208 449 urbem
1225 412 1391 464 pertinet
1405 411 1509 451 idem
1527 412 1586 452 M.
1607 413 1752 452 Aurelii
1769 426 1949 453 nummus
1967 413 2034 453 sub
2057 427 2172 467 prava
2194 430 2216 455 c
2231 430 2257 455 ο
2274 430 2312 456 1..
2342 429 2364 455 P
2379 430 2426 456 A-

333 475 356 502 Ρ
371 476 383 501 1
398 477 434 502 ΛΞ
441 495 529 502 .....
547 462 755 516 epigraphe
773 463 794 502 a
811 463 989 504 Tristano
1009 476 1102 504 tom.
1129 478 1161 503 1.
1179 478 1216 519 p.
1238 470 1329 516 631.
1349 466 1546 518 vulgatus,
1558 477 1694 520 ‘quem
1711 468 1772 508 ille
1788 468 1838 507 ad
1852 468 2009 522 Papiam
2029 468 2293 510 Caesariensem
2311 471 2426 512 Mau-

331 519 484 557 retaniae
499 529 653 557 revocat
670 532 678 556 ε
705 518 810 559 hunc
827 518 974 559 secutus
991 519 1046 558 est
1063 519 1179 559 Com.
1199 519 1477 560 Mediobarbus
1497 535 1583 574 pag.
1604 535 1694 572 229.
1717 537 1919 564 nummum
1934 526 2028 566 vero
2044 524 2085 564 P.
2102 524 2327 567 Harduinus
2338 541 2423 582 pag.

332 575 426 626 380>
450 572 499 612 ad
514 571 704 626 Puppiam
720 573 999 614 Proconsularis
1019 572 1159 614 Africae
1181 575 1315 615 urbem
1333 575 1524 629 pertinere
1540 575 1672 618 frustra
1689 577 1898 619 contendit.

384 649 448 690 Hi
464 653 605 691 nummi
609 650 788 705 stcundae
806 651 853 697 ό
870 653 1032 693 minimae
1044 651 1179 706 formae
1191 664 1260 709 pro
1276 655 1377 695 raris
1393 651 1442 699 ά
1455 653 1691 710 elegantibus
1705 655 1878 696 habendi.

330 1252 347 1282 1
358 1252 394 1280 M
407 1253 439 1278 P.
472 1254 496 1279 c
510 1252 535 1278 A
548 1253 573 1279 E
585 1253 604 1278 s
620 1253 646 1279 A
661 1253 706 1280 k.
737 1254 763 1280 A
777 1253 920 1281 NTON
932 1255 948 1281 1
960 1255 991 1281 N
1004 1255 1061 1282 vs
1093 1255 1118 1282 A
1131 1255 1208 1283 vc.
1237 1242 1374 1297 Caput
1387 1242 1446 1283 M.
1468 1243 1607 1284 Aurelii
1623 1242 1843 1284 laureatum.

384 1309 408 1335 c
420 1308 446 1333 o
459 1309 498 1335 1..
531 1308 557 1334 A
572 1309 595 1334 ε
607 1310 643 1336 L.
676 1309 699 1335 c
712 1309 739 1335 A
754 1309 788 1336 P.
819 1296 975 1337 Colonia
998 1297 1147 1346 &Elia
1167 1298 1393 1352 Capitolina.
1422 1297 1674 1354 Trophaeum.

382 1372 624 1426 Trophaeum
641 1372 733 1413 illud
751 1374 790 1414 in
807 1387 969 1416 nummo
983 1375 1098 1417 AEliae
1118 1375 1327 1431 lignatum,
1356 1376 1406 1417 ad
1425 1376 1567 1417 bellum
1587 1377 1804 1418 Parthicum
1824 1377 1990 1431 speuare
2005 1375 2429 1432 videtur.ohMe1bpo·-

327 1429 484 1470 tamiam
516 1441 786 1482 recuperatam.
845 1430 943 1470 Haec
970 1431 992 1470 a
1015 1431 1188 1485 Trajano
1221 1431 1419 1486 acquisita,
1449 1435 1488 1472 δε
1508 1434 1555 1472 ab
1576 1432 1780 1472 Hadriano
1800 1432 1946 1472 Parthis
1962 1433 2090 1474 relista
2108 1432 2164 1472 est
2185 1432 2319 1482 :illam
2336 1433 2431 1472 veri>

329 1484 567 1537 provinciam
585 1497 720 1538 quater
736 1484 903 1525 amissam
915 1512 927 1532 ,
958 1490 996 1527 δε
1012 1499 1148 1540 quater
1164 1499 1423 1541 recuperatam
1443 1489 1556 1528 tradit
1580 1487 1707 1528 Rufus
1727 1488 1764 1528 in
1787 1488 1991 1528 Breviario.
2019 1487 2150 1527 Primo
2165 1488 2213 1527 ab
2230 1487 2432 1528 Hadriano

328 1539 477 1579 Parthis
494 1539 679 1579 redditam
699 1541 843 1594 recepit
861 1540 906 1581 L.
931 1540 1082 1596 Verus,
1109 1556 1194 1583 eam
1212 1543 1462 1583 Commodus
1478 1544 1616 1584 iterum
1633 1543 1819 1596 perdidit,
1847 1543 2087 1598 recuperavit
2102 1544 2263 1584 Severus
2279 1563 2290 1590 ·‚
2318 1542 2433 1586 tertio

328 1595 353 1634 ὲ
379 1594 499 1634 Persis
533 1594 735 1635 Valeriano
759 1607 874 1649 capto
890 1609 1140 1650 occupatam,
1170 1597 1330 1639 restituit
1353 1598 1561 1639 Odenatus
1581 1599 1647 1639 sub
1664 1599 1830 1639 Gallieni
1845 1599 2054 1653 auspiciis·;
2083 1600 2221 1652 quarto
2234 1598 2305 1638 ³sub
2323 1598 2431 1638 Caro

328 1649 592 1702 deperditam,
625 1650 855 1691 Diocletiani
879 1652 1116 1705 temporibus
1142 1652 1318 1693 Galerius
1345 1654 1605 1695 Maximianus
1630 1654 1798 1707 Imperio
1816 1655 1984 1695 restituit.
2043 1654 2304 1708 Trophaeum‚
2326 1651 2433 1693 -lim‘i··

330 1716 413 1746 tum
429 1718 729 1760 propagatorum
749 1719 1042 1746 monumentum
1060 1707 1116 1747 est
1133 1726 1144 1752 3
1165 1707 1309 1748 arboris
1326 1721 1453 1749 autem
1473 1721 1629 1749 truncus
1647 1711 1758 1750 ramis
1775 1710 1858 1762 ejus
1876 1710 2099 1764 amputatis,
2127 1711 2164 1749 in
2184 1706 2432 1749 excelfiffimo

329 1759 420 1800 loco
438 1760 600 1800 hostium
620 1761 747 1814 spoliis
764 1773 921 1802 ornatus
938 1761 1163 1816 erigebatur.
1195 1763 1342 1803 Bellum
1358 1764 1448 1804 licet
1464 1765 1485 1803 a
1505 1764 1547 1805 L.
1571 1765 1676 1806 Vero
1691 1766 1838 1820 gestum
1856 1764 1920 1811 fit,
1951 1765 2065 1805 iidem
2088 1765 2256 1805 honores
2273 1764 2330 1804 M.
2352 1768 2433 1804 Au-

329 1816 424 1856 relio
439 1815 578 1854 redditi
599 1815 683 1854 sunt
692 1842 704 1861 ,
735 1814 760 1854 fi
782 1815 1050 1869 Capitolinum
1073 1817 1216 1859 audias.
1249 1818 1492 1875 Partumque
1506 1819 1557 1872 est
1569 1819 1640 1876 tpst
1649 1835 1779 1862 nomen
1794 1822 2017 1869 Armenici,
2037 1820 2246 1868 Parthici,
2262 1818 2429 1866 Medici,

330 1871 433 1925 quod
445 1872 560 1909 etiam
577 1870 712 1910 [Marco
733 1871 864 1910 Romae
878 1873 1010 1926 agenti
1031 1872 1200 1913 delatum
1219 1873 1279 1924 est.
2173 1888 2179 1893 ·

383 1947 468 1989 Hic
483 1961 655 1990 nummus
660 1949 841 2001 secundae
846 1949 987 2003 formae
1004 1952 1107 1993 inter
1125 1953 1285 1993 rariores
1301 1951 1552 1995 collocandus.

333 2576 446 2606 1Mr.
467 2576 511 2657 dA
526 2574 819 2657 Nsroumvs
861 2575 983 2604 Avo.
1019 2575 1129 2605 ιΜΡ.
1167 2565 1208 2606 ιζ
1251 2577 1278 2604 A
1293 2577 1378 2606 viz.
1414 2575 1589 2605 vsavs
1632 2576 1754 2604 Ave.
1789 2562 1848 2603 M.
1877 2561 2084 2604 Aurelii&
2111 2562 2154 2604 L.
2179 2561 2276 2606 Veri
2301 2565 2426 2621 capita

443 2633 464 2658 a
495 2632 559 2658 VCI'
576 2633 608 2657 a.

327 2700 332 2706 -
386 2688 410 2715 c
421 2687 494 2714 οι.
527 2687 555 2713 A
570 2687 592 2712 Ε
605 2688 643 2714 L.
674 2686 698 2714 c
710 2687 737 2713 A
752 2686 787 2713 P.
817 2672 971 2713 Colonia
989 2673 1138 2721 &Elia
1155 2673 1385 2728 Capitolina.
1443 2674 1594 2715 Astarte
1613 2674 1652 2714 in
1668 2674 1816 2729 templo
1837 2673 2040 2729 tetrastylo.

385 2751 491 2794 AElia
515 2752 669 2806 utrique
696 2750 922 2804 Imperatori
945 2750 1000 2790 M.
1019 2751 1178 2792 Aurelio
1196 2756 1235 2792 δε
1255 2752 1297 2793 L.
1321 2752 1427 2794 Vero
1441 2765 1622 2794 nummos
1641 2753 1818 2800 dedicat,
1845 2762 1936 2793 tunc
1950 2755 2065 2809 quia,
2092 2753 2220 2808 inquit
2233 2753 2426 2808 Capitoli-

331 2821 403 2851 nus
413 2835 424 2853 ,
443 2807 612 2860 prtmicm
627 2807 841 2846 Romanum
865 2809 1062 2860 imperium
1078 2807 1171 2847 duos
1186 2808 1376 2863 Augustos
1390 2807 1528 2848 habere
1543 2810 1660 2862 ca’pit.
1718 2809 1898 2862 Uterque
1913 2809 2004 2849 ideo
2021 2811 2261 2862 Imperatoris
2281 2823 2427 2851 nomen

332 2862 430 2918 gerit
444 2891 454 2907 ,
483 2873 646 2915 uterque
666 2862 810 2901 corona
827 2861 951 2901 laurea
967 2861 1122 2916 insignis
1137 2863 1365 2916 conspicitur
1384 2882 1396 2908 ;
1425 2876 1606 2904 nummus
1622 2862 1782 2918 quidem
1801 2865 1854 2904 ob
1875 2864 2012 2904 bellum
2032 2864 2248 2904 Parthicum
2272 2865 2426 2919 utrique

330 2917 441 2958 cusus
453 2944 464 2963 ‚
495 2917 616 2956 Lucio
635 2916 816 2969 quidem,
845 2916 956 2969 quod
971 2916 1021 2956 ad
1039 2917 1275 2971 Euphratem
1291 2917 1412 2970 usque
1426 2918 1641 2973 progress'us
1659 2917 1704 2959 fit
1723 2937 1736 2964 3
1763 2919 1903 2958 Marco
1917 2919 2031 2965 vero,
2057 2919 2166 2973 quod
2187 2919 2324 2959 Romae
2341 2933 2426 2961 om-

331 2973 394 3013 nia
412 2986 499 3026 quae
514 2972 562 3010 ad
584 2971 722 3010 bellum
738 2970 856 3011 efl'ent
871 2971 1096 3016 neccsshrm
1119 2972 1188 3011 rite
1205 2971 1442 3025 dilposuiffet
1457 2976 1496 3012 &
1509 2972 1723 3013 ordinasset.
1778 2973 1987 3027 Templum
2004 2974 2043 3013 in
2063 2974 2219 3024 Astartis
2234 2974 2423 3017 honorem

331 3028 560 3068 exstrufitum
587 3026 641 3066 est
661 3053 673 3072 ,
709 3025 817 3076 cujus
842 3024 1079 3066 simulacrum
1107 3026 1146 3064 in
1169 3025 1252 3079 ejus
1275 3026 1383 3066 aditu
1410 3026 1539 3067 visitur
1554 3054 1568 3074 ,
1603 3027 1655 3069 de
1679 3041 1761 3082 quo
1783 3028 1824 3069 in
1849 3029 2049 3071 Antonino
2072 3029 2144 3071 Pio
2169 3030 2314 3072 dietum
2328 3031 2383 3074 est
2407 3048 2423 3079 3

333 3083 484 3124 Astarte
504 3083 597 3122 vero
612 3082 633 3120 a
652 3081 842 3136 plerisque
861 3081 995 3121 Venus
1011 3080 1173 3121 coelestis
1192 3080 1366 3122 habetur.

385 3159 469 3202 Hic
481 3173 653 3203 nummus
657 3161 795 3215 primae
810 3158 1106 3215 magnitudinis,
1134 3159 1283 3199 eximiae
1296 3159 1471 3200 raritatis
1488 3158 1534 3200 ob
1552 3159 1682 3201 molem
1694 3163 1932 3217 reputandus.

988 3262 1548 3307 ANTIOCHIA
1609 3263 1776 3316 Pffidiae.

339 3821 617 3858 ngeLivs
645 3820 875 3848 CAESAR.
904 3807 1035 3860 Caput
1051 3806 1112 3846 M.
1133 3806 1276 3847 Aurelii
1297 3806 1457 3847 nudum.

395 3877 693 3907 COLONIAE.
726 3875 1089 3902 ANTloci-iiAss.
1119 3860 1528 3916 Lupacumpuerulis.

385 3945 598 3986 Cazlaream
627 3941 874 3983 Antiochiam
902 3938 1048 3981 Pilidiae
1071 3939 1278 3982 Coloniam
1303 3939 1372 3981 sub
1396 3936 1602 3981 Antonino
1628 3935 1701 3979 Pio
1726 3934 1849 3978 arsisse
1863 3962 1877 3983 ,
1911 3949 1960 3979 ex
1977 3934 2201 3991 Capitolino
2220 3936 2409 4034 diximgis:

2357 4006 2409 4033 aec
