2574 4214
293 192 384 219 ω,
923 172 1794 242 COMMODUS.

296 797 404 824 1MP.
434 787 482 822 M.
515 797 826 824 COMMODVS
863 796 1210 824 ANTONINVS.
1248 786 1382 840 Caput
1397 785 1614 826 Commodi
1630 784 1854 826 laureatum.

347 855 383 880 c.
416 854 455 878 L.
490 851 516 877 1.
547 853 660 880 coR.
690 840 845 879 Colonia
862 839 973 878 Laus
988 839 1104 891 Julia
1121 841 1342 881 Corinthus.
1381 841 1600 881 Mercurius
1613 840 1781 881 infidens
1796 841 1974 895 rupibus,
2004 841 2137 882 dextri
2153 842 2328 889 extens-2,
2356 841 2400 884 sr-

403 894 518 934 nistra
538 895 774 941 caduceum,
804 909 876 949 pro
893 894 1057 949 pedibus
1075 896 1181 936 aries.

346 973 547 1014 Pausanias
566 974 616 1013 ad
633 973 817 1014 Mercurii
831 973 951 1028 pedes
970 973 1126 1014 arietem
1142 973 1238 1028 poni
1253 973 1368 1014 tradit
1383 973 1490 1027 apud
1506 974 1734 1015 Corinthios
1753 1003 1764 1022 ‚
1793 975 1904 1029 quod
1923 975 1983 1015 illc
2001 989 2134 1031 greges
2155 976 2252 1017 tueri
2271 975 2403 1017 crede-

293 1040 416 1075 retur-3
446 1030 536 1069 ideo
551 1029 659 1068 illum
677 1029 829 1069 stabulis
850 1029 1003 1083 praeess'e
1017 1030 1058 1069 in
1078 1029 1138 1069 M.
1159 1029 1305 1069 Aurelii
1325 1033 1364 1069 &
1383 1030 1479 1071 Veri
1498 1031 1668 1083 nummis
1683 1045 1730 1070 ex
1752 1031 1932 1071 Hefiodo
1949 1031 2124 1071 diximus.
2159 1031 2279 1071 Unde
2292 1031 2403 1071 Mer-

292 1084 421 1124 curius
438 1085 544 1138 apud
559 1084 764 1124 Giraldum
785 1085 908 1125 dietus
929 1084 983 1124 est
999 1084 1195 1130 Nomius,
1225 1086 1410 1138 quoniam
1429 1089 1467 1124 ὃς
1488 1085 1681 1139 pastorum
1702 1087 1810 1126 Deus
1831 1102 1839 1126 ε
1868 1086 1962 1140 quin
1980 1090 2019 1125 &
2037 1087 2073 1126 ei
2092 1086 2306 1126 bucolicum
2323 1101 2404 1128 car-

295 1152 385 1178 men
406 1139 668 1180 consecratum
686 1140 865 1181 Donatus
881 1140 920 1179 in
936 1139 1238 1180 Commentariis
1254 1139 1328 1186 ait,
1357 1153 1400 1181 ut
1418 1141 1638 1195 Daphnidis
1655 1142 1754 1195 patri
1769 1142 1965 1196 pastorum
1983 1143 2155 1195 principi.
2189 1142 2404 1183 Mercurius

295 1194 460 1246 scopulis
482 1195 649 1235 infidens
666 1222 677 1240 ‚
706 1195 823 1248 ipsius
840 1195 1028 1249 templum
1045 1196 1083 1235 in
1101 1196 1389 1236 Acrocorintho
1409 1196 1619 1250 significare
1637 1196 1791 1238 videtur
1806 1224 1817 1243 ,
1845 1197 1935 1237 licet
1951 1198 2034 1251 'ejus
2051 1197 2152 1238 nulla
2171 1198 2316 1238 mentio
2333 1199 2404 1238 haae

295 1250 430 1289 beatur
445 1251 555 1303 apud*
569 1250 814 1297 Pausaniam,
843 1265 912 1304 qui
927 1250 1046 1304 ipsius
1061 1250 1185 1291 aedem
1205 1265 1294 1291 cum
1312 1251 1422 1307 figno
1436 1253 1568 1293 eresto
1582 1253 1621 1293 in
1639 1251 1728 1293 foro
1745 1252 1921 1294 collocat.

350 1328 434 1368 Hic
450 1343 625 1370 nummus
643 1329 841 1370 mediocris
847 1329 990 1383 formae
1005 1345 1074 1371 nec
1090 1343 1200 1371 rarus
1213 1345 1282 1372 nec
1297 1330 1445 1372 obvius.

303 2003 310 2006 „
359 1969 392 1995 c.
425 1968 464 1994 L.
497 1966 525 1992 1.
557 1966 579 1993 c
592 1966 618 1993 o
632 1967 675 1992 R.
713 1951 869 1993 Colonia
887 1950 996 1992 Laus
1012 1949 1130 2005 Julia
1151 1950 1372 1993 Corinthus.
1408 1950 1614 1994 Melicerta
1635 1949 1748 2005 supra
1772 1948 2014 2004 Delphinum
2037 1946 2212 1990 extensus
2229 1947 2340 2002 juxta
2357 1962 2415 1990 ar-

414 2010 561 2050 borem.
1252 2028 1255 2031 ·

357 2087 458 2128 Puer
475 2087 538 2127 ille
554 2086 757 2141 Delphino
773 2085 997 2133 substratus,
1025 2087 1067 2128 in
1081 2086 1379 2128 Corinthiorum
1396 2086 1566 2126 nummis
1581 2084 1719 2125 obvius
1735 2087 1774 2123 &
1788 2082 1972 2137 frequens
1985 2109 1998 2130 ‚
2030 2083 2230 2124 Melicerta
2245 2081 2322 2129 est,
2350 2095 2415 2123 cu-

301 2144 366 2198 jus
381 2143 578 2184 historiam
596 2152 722 2184 narrat
738 2141 939 2182 Pausanias
956 2143 998 2182 in
1017 2140 1094 2182 fine
1110 2141 1173 2182 lib.
1192 2156 1226 2181 1.
1263 2141 1394 2181 Arbor
1413 2140 1449 2180 ei
1466 2153 1599 2181 comes
1618 2139 1680 2193 adj
1687 2139 1841 2195 ungitur
1857 2166 1869 2185 ‚
1899 2137 2011 2192 quod
2028 2139 2112 2192 ejus
2132 2138 2294 2181 cadaver
2305 2138 2416 2191 juxta

304 2200 441 2254 pinum
465 2197 539 2239 fuit
559 2198 582 2238 ὲ
605 2197 769 2254 Sisypho
791 2208 985 2252 repertum
1001 2222 1014 2244 ,
1040 2198 1080 2236 &
1105 2198 1195 2237 cnm
1218 2195 1389 2236 Isthmici
1412 2195 1494 2236 ludi
1519 2193 1675 2235 fuissent
1694 2196 1742 2235 ab
1761 2208 1811 2234 eo
1830 2194 1871 2234 in
1889 2193 2006 2248 ipfius
2024 2194 2214 2236 honorem
2233 2193 2417 2242 instituti,

304 2256 471 2297 vision-es
487 2253 669 2295 ludorum
685 2254 726 2294 in
741 2253 839 2295 illius
856 2252 1082 2294 memoriam
1097 2253 1194 2307 pinu
1208 2251 1504 2292 coronabantur.
1532 2250 1717 2305 Polybius
1734 2249 1834 2291 Hist.
1852 2249 1916 2290 lib.
1932 2263 1964 2289 2.
1982 2263 2070 2307 pag.
2086 2265 2099 2290 1
2109 2264 2174 2291 01.
2193 2260 2318 2291 narrat
2329 2249 2417 2290 Ro-

304 2325 441 2353 manos
463 2325 522 2351 an.
541 2310 598 2351 U.
616 2311 665 2352 C.
690 2323 736 2362 52
747 2323 779 2361 5.
806 2311 829 2351 a
845 2307 1060 2351 Corinthiis
1086 2307 1336 2349 Isthmiorum
1361 2306 1545 2348 ludorum
1567 2306 1774 2361 participes
1796 2304 1920 2347 fastos
1942 2306 1995 2346 ob
2017 2307 2180 2361 primam
2207 2318 2343 2348 eorum
2363 2303 2416 2347 ad

305 2367 406 2422 ipsos
422 2367 666 2424 legationem.
695 2377 842 2417 Panaca&
857 2367 911 2415 μὴ)
931 2368 1038 2412 ἀθέως
1058 2368 1146 2405 ἄκικυς
1164 2366 1348 2405 maedam
1364 2368 1560 2409 ἐξαπὲςειλαυ
1576 2365 1658 2408 πῶς
1672 2367 1835 2407 Κομνθίες
1849 2364 1898 2412 Ul
1915 2367 2063 2407 Αθηναίκς·
2088 2364 2133 2400 ’ὄπ
2149 2363 2186 2404 δὴ
2199 2363 2247 2410 ιω),
2263 2362 2414 2405 Κοάνθιοι

305 2431 412 2462 meam
424 2428 626 2469 ἀπεδέξαντο,
649 2428 786 2473 μετέχειν
802 2428 936 2473 Popula
951 2423 973 2463 ξ
987 2428 1013 2459 ἒ
1029 2426 1148 2471 murm
1163 2426 1308 2471 οεγῶνρν.
1338 2419 1484 2475 Legati
1501 2418 1673 2473 deinceps
1686 2417 1757 2458 alii
1771 2418 1826 2459 ad
1837 2418 2055 2460 Corinthios
2070 2425 2186 2473 atque
2199 2415 2418 2457 Athenien-

292 2479 362 2531 ses
379 2479 592 2532 miffi‘fuere
609 2478 634 2519 ὰ
646 2480 853 2520 Romanis:
882 2491 991 2533 eoque
1001 2479 1167 2531 primum
1183 2485 1343 2529 tempore
1357 2474 1382 2514 d
1399 2474 1612 2515 Corinthiis
1628 2475 1818 2514 decretum
1834 2474 1884 2527 cst
1898 2500 1911 2521 ,
1939 2483 1985 2514 ut
1995 2473 2166 2527 Isthmia·
2182 2471 2318 2514 ludicri
2321 2481 2416 2527 par-3

303 2535 438 2589 ttctpes
455 2535 623 2576 Romani
628 2535 779 2588 fierent.
817 2533 925 2575 Vide
939 2547 1028 2588 quae
1047 2532 1180 2587 paffim
1198 2531 1249 2572 de
1269 2530 1470 2571 Melicerta
1489 2529 1602 2585 supra
1622 2529 1801 2570 diximus.

361 2613 444 2654 Hic
458 2612 817 2665 nummussecundae
837 2612 1114 2666 magnitudinis
1131 2610 1305 2666 vulgaris
1325 2607 1374 2653 ὄπ’
1390 2611 1509 2650 tritus
1527 2607 1588 2661 esi.

369 3242 405 3267 c.
436 3241 475 3266 L.
507 3239 536 3266 1.
566 3235 678 3265 coa.
705 3220 864 3264 Colonia
883 3218 996 3261 Laus
1010 3217 1127 3273 Julia
1148 3216 1366 3259 Corinthus.
1396 3214 1574 3274 Pegasus.

366 3302 530 3358 Pegasus
545 3331 558 3351 ,
587 3302 752 3357 vulgaris
771 3301 826 3343 est
842 3298 1026 3340 Corinthi
1042 3309 1157 3353 typus
1169 3324 1181 3345 ,
1210 3297 1261 3338 de
1282 3310 1364 3352 quo
1382 3297 1424 3338 in
1437 3290 1692 3351 superioribus
1707 3291 1875 3355 nummis
1895 3290 2050 3333 abunde
2067 3290 2212 3332 distum
2230 3289 2306 3337 est,
2334 3289 2416 3332 imo

312 3362 430 3404 etiam
446 3361 536 3399 &in
554 3358 730 3400 Coloniis
746 3355 1043 3398 Corinthiorum
1067 3354 1167 3408 saepe
1189 3353 1383 3406 percussus
1400 3380 1413 3401 ,
1443 3352 1596 3407 qualem
1615 3349 1747 3411 videre
1765 3349 1819 3390 est
1839 3362 1880 3388 m
1897 3348 2181 3409 Corcyreorum
2199 3349 2237 3387 &
2258 3346 2417 3407 Syracu-

314 3417 492 3458 sanorum
511 3415 677 3454 nummis
694 3441 706 3460 ,
733 3424 777 3453 ut
795 3413 876 3466 jam
900 3410 1099 3452 annotavit
1124 3408 1381 3450 illustrissimus
1400 3407 1656 3462 Spanhemius
1673 3403 1823 3446 Diss'ert.
1846 3417 1882 3457 3.
1905 3414 2065 3444 retentis
2084 3403 2106 3442 a
2125 3401 2271 3463 filiabus
2289 3412 2418 3441 matris

316 3470 525 3525 insignibus
541 3496 554 3515 ‚
580 3470 624 3509 iis
648 3469 819 3522 denique
840 3467 1002 3522 publicis
1021 3465 1283 3507 monumentis
1304 3464 1354 3504 ad
1372 3464 1596 3505 memoriam
1616 3461 1771 3516 originis
1785 3459 1989 3520 arguendae
2006 3457 2167 3520 fignatis.
2204 3458 2270 3497 An
2286 3468 2418 3518 reuera

317 3527 459 3569 fuerint
476 3524 606 3578 Pegasi
619 3551 632 3570 ,
658 3525 756 3565 alata
774 3524 837 3565 illa
856 3522 1023 3564 monstra
1039 3549 1052 3570 ‚
1081 3535 1186 3562 mera
1203 3519 1330 3561 fabula
1345 3521 1399 3561 est
1416 3540 1429 3568 ς
1457 3519 1522 3560 sed
1539 3517 1732 3560 velocibus
1749 3529 1860 3569 equis
1879 3527 2025 3554 nomen
2047 3513 2088 3553 1d
2108 3512 2292 3554 tributum
2311 3511 2419 3552 vlde-

318 3595 402 3628 tur,
431 3580 527 3620 ficut
550 3583 589 3619 δε
614 3579 654 3619 in
679 3579 922 3620 Circensibus
948 3577 1047 3618 ludis
1074 3576 1178 3632 apud
1201 3577 1408 3617 Romanos
1430 3586 1555 3616 narrat
1577 3573 1681 3614 idem
1698 3572 1843 3612 auster.
1882 3570 1989 3610 Cfsm
2012 3580 2140 3609 autem
2157 3567 2416 3622 Bellerophon

319 3633 647 3730 CorinthRHerog
663 3635 774 3675 celeri
792 3634 964 3689 quodam
980 3633 1068 3674 usus
1083 3632 1177 3674 esset
1191 3646 1316 3687 equ0‚
1345 3631 1396 3672 de
1415 3644 1465 3673 eo
1484 3630 1583 3673 fasta
1597 3628 1652 3671 est
1667 3627 1803 3669 eadem
1820 3626 1946 3682 prope
1961 3623 2087 3666 fabula
2099 3650 2112 3671 ‚
2138 3621 2287 3678 ipfique
2301 3623 2416 3678 aliger

323 3706 447 3747 equus
464 3705 486 3731 e
535 3700 620 3730 attr1
651 3701 749 3729 utus.

377 3770 460 3811 Hic
477 3780 648 3810 nummus
661 3767 808 3807 minimi
823 3766 961 3808 moduli
981 3767 1100 3808 tritus
1115 3763 1354 3821 &frequens
1371 3764 1431 3818 cst.

2553 2917 2574 2946 (Ι

2549 2947 2574 3124 ἢ

2545 3162 2574 3251 2.
