2574 4214
352 196 447 253 195
919 198 1901 251 M.'AUREL1US.

347 280 397 308 M.
429 280 456 306 A
471 277 555 306 VR.
586 279 658 307 AN
671 278 845 307 roN1N
859 280 916 307 vs
952 282 979 307 A
992 280 1070 307 vo.
1111 269 1244 323 Caput
1263 269 1320 309 M.
1341 271 1485 311 Aurelii
1503 271 1723 312 laureatum.

404 336 428 362 c
439 336 465 362 o
479 337 517 383 Ι...
549 335 591 362 A.
623 337 661 362 A.
670 336 712 417 F?
728 336 752 361 A
767 336 848 417 τίς.
882 322 1035 364 Colonia
1052 323 1224 378 Augusta
1241 327 1343 365 Aroe
1362 326 1567 377 Patrensis.
1596 326 1785 368 Hercules
1801 326 1901 367 stans
1920 323 2066 367 finistro
2081 327 2237 368 brachio
2255 328 2368 370 clavae
2382 330 2440 371 in-

457 391 555 418 nixo
568 405 578 424 ,
608 390 651 418 ut
705 391 793 417 arne
811 392 878 419 ius.

399 455 464 496 De
481 456 648 496 Colonia
667 455 833 496 Patrensi
859 456 992 510 saepius
1017 456 1161 497 distum
1188 456 1253 497 est.
1298 457 1494 499 Pati-enses
1515 459 1673 513 quidem
1695 461 1753 500 M.
1778 461 1934 501 Aurelio
1960 460 2066 500 fimul
2096 464 2134 500 δε
2158 458 2264 502 Vero
2283 462 2439 518 collega:

344 509 583 551 blandientes
602 538 613 556 ‚
644 510 828 564 plui-imos
852 512 1005 565 utrique
1025 525 1206 552 nummos
1223 512 1492 565 percusserunt.
1542 514 1731 556 Hercules
1756 516 1795 555 in
1817 530 1978 556 nummo
2004 515 2192 571 lignatus,
2221 517 2273 556 sui
2293 519 2438 560 cultum

343 565 448 619 apud
468 565 661 606 patrenses
679 566 1004 607 celebratiffimum
1024 567 1176 607 indicat.
1216 567 1378 607 Clavam
1394 569 1514 623 gerit,
1542 571 1619 622 qua
1639 584 1710 624 pro
1730 572 1842 611 armis
1862 573 2037 612 utebatur
2055 591 2066 618 ·‚
2095 571 2221 626 spoliis
2238 572 2358 612 leonis
2377 588 2438 614 or-

343 634 455 715 ῗέῑιιιιῑ
471 648 483 667 ,
511 621 657 676 quippe
679 621 743 663 leo
769 622 817 662 ab
842 636 891 663 eo
913 621 1082 669 occisus,
1109 623 1276 677 primum
1303 637 1346 663 ac
1370 623 1709 678 praestantisfimum
1730 625 1802 668 fuit
1819 625 1902 680 ejus
1920 627 2061 668 faelum
2079 653 2091 673 ‚
2122 626 2224 667 unde
2244 628 2436 670 Aulonius

394 690 417 731 y
446 707 453 714 .
477 689 536 726 19.

799 732 918 773 Pima
936 734 965 774 C
969 732 1096 773 leonaei
1111 732 1275 774 tolerata
1289 747 1453 774 aerumna
1469 734 1597 775 leonis.

393 806 478 849 Hic
491 822 663 851 nummus
668 810 832 863 fi’cundi
848 809 895 856 (ἂν
907 813 1055 851 minimi
1069 811 1211 852 moduli
1230 826 1298 853 nec
1316 813 1451 854 obvim
1467 827 1534 854 nec
1550 828 1658 854 rarus
1674 814 1731 866 est.

331 1357 394 1387 1M
409 1360 443 1385 Ρ.
477 1358 500 1384 c
515 1358 541 1384 A
554 1358 590 1384 E.
622 1357 672 1385 M.
705 1358 731 1384 A
747 1358 774 1385 v
787 1359 830 1386 R.
863 1359 889 1386 A
905 1358 936 1386 N
949 1358 973 1385 Τ
986 1358 1013 1384 ο
1026 1358 1057 1384 N
1071 1358 1127 1385 IN
1140 1358 1167 1385 v
1181 1359 1215 1385 s.
1252 1346 1386 1401 Caput
1403 1345 1462 1386 M.
1482 1345 1627 1387 Aurelii
1642 1346 1865 1387 laureatum.

386 1415 409 1441 c
422 1415 448 1441 o
461 1415 500 1440 L.
532 1415 574 1440 A.
607 1414 650 1441 A.
682 1414 703 1439 P
715 1415 743 1440 A
758 1415 783 1441 T
795 1416 837 1442 R.
881 1401 1038 1442 Colonia
1054 1401 1227 1455 Angusta
1247 1403 1350 1442 Aroe
1367 1401 1575 1454 Patrensts.
1605 1403 1730 1443 Diana
1749 1403 1940 1450 venatriX,
1970 1402 2102 1444 dextr-:1
2123 1401 2268 1450 facem,
2295 1402 2438 1446 finistta

441 1455 608 1502 hastam,
639 1455 688 1496 ad
711 1456 834 1510 pedes
852 1457 955 1498 canis
975 1458 1184 1498 venaticus.

383 1535 510 1575 Diana
526 1534 609 1575 haec
621 1562 634 1582 ‚
662 1535 830 1588 Laphria
848 1537 923 1583 est,
952 1549 1070 1589 quam
1089 1535 1283 1575 Patrenses
1306 1534 1455 1576 summo
1474 1535 1578 1582 cultu
1595 1536 1894 1581 venerabantur,
1924 1547 1968 1577 ut
1991 1537 2030 1576 in
2061 1536 2227 1578 Nerone
2243 1541 2280 1578 &
2301 1537 2440 1579 Domi-

327 1590 434 1631 tiano
452 1590 626 1630 diximus.
661 1590 753 1643 Ejus
771 1590 1013 1632 simulacrum
1026 1590 1229 1645 Calydone
1242 1590 1398 1631 AEtoliae
1412 1592 1461 1630 ab
1475 1592 1649 1645 Augusto
1665 1592 1805 1632 vastata
1817 1618 1828 1637 ,
1856 1591 1985 1632 Patras
2002 1593 2220 1634 transsatum
2237 1594 2314 1640 est3
2340 1593 2440 1634 Pau-

328 1645 448 1685 sanias
463 1645 523 1685 hb.
539 1658 576 1697 4.
594 1660 631 1699 p.
650 1658 738 1697 275.
757 1646 907 1700 inquit:
936 1653 1133 1686 Καλυδωνίοις
1149 1652 1164 1689 ἦ
1181 1659 1301 1697 Aemate
1318 1649 1444 1690 (ταότίω
1462 1653 1493 1695 ᾧ
1507 1654 1576 1693 θεῶν
1594 1652 1708 1696 ‘noima
1726 1652 1839 1694 ἕπέον)
1859 1656 2004 1692 {ntum-w
2021 1650 2086 1698 εἶχε
2102 1656 2240 1700 Λαφρία.
2279 1649 2438 1702 Calydo-

325 1703 383 1742 nit
400 1701 581 1741 Dianam
597 1702 782 1756 imprimis
798 1702 947 1748 colunt,
966 1712 1201 1757 cognomento
1220 1702 1441 1757 Laphriam.
1474 1703 1688 1744 Venatricis
1708 1705 1838 1745 habitu
1851 1704 1974 1746 effiSla
1984 1706 2059 1752 est,
2078 1707 2138 1746 cui
2157 1706 2259 1746 hasta
2277 1708 2314 1743 &
2333 1706 2438 1747 canis

326 1757 570 1804 tribuuntur,
600 1757 691 1812 quia
706 1758 903 1798 venationi
921 1758 1076 1811 praeesse
1096 1758 1255 1805 dicitur;
1285 1758 1345 1798 alii
1362 1759 1471 1813 quod
1489 1759 1549 1799 illa
1567 1774 1680 1800 canes
1698 1759 1800 1801 feros
1812 1760 2026 1808 domuerit,
2042 1761 2092 1802 de
2109 1775 2191 1815 quo
2201 1761 2399 1802 Tibullus:

917 1813 1006 1854 Sola
1008 1813 1119 1868 firos
1134 1813 1306 1855 Hecates
1315 1814 1560 1868 perdomug'ffe
1573 1829 1695 1855 canes.

325 1866 490 1908 Taedam
507 1867 640 1908 dextra
656 1868 774 1922 gerit,
802 1869 892 1909 cum
910 1869 1047 1910 eadem
1065 1869 1111 1911 fit
1126 1885 1170 1910 ac
1188 1870 1298 1915 Luna
1310 1896 1323 1917 ,
1339 1869 1456 1918 *unde
1482 1884 1535 1910 Di
1550 1885 1575 1909 A
1592 1885 1622 1910 N
1636 1885 1660 1910 A
1695 1886 1720 1911 L
1735 1886 1759 1909 v
1773 1887 1795 1912 c
1809 1885 1824 1910 1
1837 1886 1860 1911 F
1874 1886 1897 1911 E
1910 1886 1940 1912 R
1953 1886 1979 1911 A
2010 1872 2050 1911 in
2068 1872 2234 1913 nummis
2249 1886 2337 1913 cum
2353 1869 2437 1912 face

324 1925 465 1977 pariter
489 1923 649 1963 ardente
672 1923 892 1965 inscribitur.
942 1925 1115 1973 Hecate,
1144 1924 1255 1966 Lu‘na
1270 1952 1282 1972 ‚
1307 1925 1438 1969 'Diana
1458 1925 1479 1964 a
1497 1925 1686 1979 plerisque
1706 1940 1782 1966 una
1802 1927 2018 1981 eademque
2038 1927 2166 1981 habita
2181 1927 2236 1968 est
2252 1955 2264 1975 ,
2293 1927 2396 1968 unde
2414 1928 2438 1967 εὶ

323 1979 456 2021 Po'e'tis
475 1979 556 2034 ipsa
573 1978 774 2033 Trifhrmls's
791 1983 830 2020 δε
846 1981 1068 2037 Tergemina
1086 1980 1300 2035 appellatur
1307 1979 1326 2028 ‚}
1346 1980 1401 2021 ‘de
1420 1994 1498 2035 qua
1514 1981 1761 2022 Claudianus.

961 2038 1058 2078 Tria
1075 2034 1322 2093 vigiam-'osa
1339 2037 1499 2079 ’Diana

380 2113 465 2158 Hic
478 2127 652 2156 nummus
667 2115 979 2170 minimaeformae
989 2142 1003 2165 ,
1030 2115 1055 2157 ὰ
1071 2116 1222 2159 Patina
1227 2127 1320 2172 pag.
1337 2129 1358 2158 2
1366 2128 1431 2170 34..
1451 2115 1656 2170 vagatus,
1683 2130 1752 2157 nec
1769 2130 1879 2158 rarus
1893 2130 1960 2158 nec
1975 2116 2109 2158 obvius
2124 2115 2186 2170 est.

376 2704 438 2731 co
452 2702 488 2729 L.
521 2703 565 2729 A.
598 2703 641 2729 A.
672 2703 733 2730 ΡΑ
747 2703 862 2729 raiz.
901 2690 1055 2729 Colonia
1081 2689 1256 2744 Augusta
1277 2689 1380 2730 Aroe
1401 2687 1610 2739 Patrensir.
1648 2688 1792 2743 Figura
1817 2686 2010 2729 muliebris
2034 2687 2074 2728 in
2098 2702 2208 2729 curru
2231 2688 2254 2730 ὲ
2273 2688 2428 2732 duobus

431 2746 552 2785 cervis
573 2746 716 2792 traete,
745 2744 889 2785 finistra
908 2745 1089 2786 habenas.

373 2823 530 2863 Plurimi
546 2823 646 2863 hanc
665 2822 824 2878 figuram
845 2824 993 2880 bijuges
1014 2838 1148 2864 cervos
1168 2834 1368 2879 agentem,
1398 2823 1475 2863 esse
1494 2823 1659 2863 Dianam
1678 2822 1891 2862 existimant
1907 2849 1917 2868 ‚
1946 2823 2045 2863 inter
2060 2836 2160 2875 quos
2180 2823 2311 2877 Eques
2328 2824 2429 2866 Pati-

320 2892 394 2919 nus
412 2878 461 2919 de
481 2893 522 2919 re
536 2879 749 2918 nummaria
766 2880 864 2918 bene
885 2881 1064 2925 meritus;
1092 2878 1157 2918 sed
1174 2881 1234 2919 illa
1252 2893 1323 2919 nec
1344 2880 1454 2918 Luna
1470 2877 1681 2924 crescente,
1710 2891 1781 2917 nec
1798 2877 1974 2930 pharetra
1991 2889 2124 2917 ornata
2141 2878 2217 2925 est,
2247 2880 2327 2919 imo
2344 2880 2430 2921 nul-

315 2936 351 2977 la
370 2935 507 2974 Dianae
523 2934 702 2974 attributa
722 2933 884 2987 praefert.
924 2934 1049 2990 Virgo
1066 2934 1181 2988 igitur
1200 2935 1274 2980 est,
1303 2947 1392 2987 qua:
1407 2933 1446 2973 in
1466 2933 1720 2973 anniversario
1735 2931 1860 2978 sacro,
1890 2932 1999 2985 quod
2016 2933 2151 2972 Dianae
2170 2933 2346 2988 Laphriae
2362 2949 2430 2989 pa-

316 2990 391 3032 trio
408 2990 481 3030 ritu
497 2989 617 3030 Patris
634 2989 894 3029 celebrabatur
909 3015 921 3035 ,
951 2990 1166 3029 sacerdotio
1186 2987 1352 3044 fungens
1367 3016 1379 3035 ,
1408 2989 1448 3027 in
1470 2989 1605 3043 bijugo
1622 3000 1823 3029 cervorum
1846 3002 1958 3027 curru
1982 2988 2217 3035 vehebatur,
2246 2990 2355 3042 cujus
2370 2991 2427 3032 rei

319 3046 422 3088 testis
439 3045 657 3085 luculentus
673 3045 726 3085 est
738 3044 939 3084 Pausanias
957 3046 995 3084 in
1010 3043 1187 3083 Achaicis
1203 3057 1240 3096 p.
1252 3056 1303 3095 43
1313 3056 1348 3095 3.
1379 3049 1487 3091 Πςῶτα
1502 3042 1556 3088 fib>
1571 3045 1607 3083 διδ
1625 3044 1747 3090 πυμπῑα)
1761 3044 2057 3089 μεραλοπῆεπεςοίτζω
2073 3050 2110 3093 τῇ
2125 3050 2259 3093 Αςτὲμιῶ
2274 3048 2427 3093 munala-

318 3121 345 3140 ατ
360 3133 370 3144 ,
397 3122 420 3156 >3
437 3103 565 3150 ἱερκμῆόη
581 3107 743 3152 πυιςθὲνῷ·
759 3107 872 3150 cimbia-us
892 3104 1056 3138 πλώταίσο
1071 3104 1098 3138 ‘13
1115 3106 1228 3148 πυμπῆς
1250 3106 1296 3136 ἐπὶ
1318 3100 1439 3142 ἐλάφων
1460 3100 1531 3137 dv&
1547 3100 1575 3134 ‘m‘
1588 3101 1678 3149 ἅρμα
1694 3099 1888 3149 ἑζώγμῼόων.
1927 3099 2113 3152 Pompam
2132 3100 2234 3138 ‘Deae
2248 3099 2424 3155 172αὲηῇ-

317 3158 517 3210 centzffl'mo
534 3167 721 3212 apparatu
737 3156 1009 3209 transmittunt
1026 3176 1037 3203 3
1065 3158 1107 3195 in
1124 3169 1167 3194 ea
1183 3156 1291 3209 virgo
1308 3166 1390 3209 quae
1399 3153 1615 3207 fizcerdotio
1621 3153 1807 3209 fungitur
1823 3181 1835 3200 ,
1855 3153 2032 3205 postremo
2046 3155 2209 3194 omnium
2230 3168 2425 3196 cervorum

319 3213 445 3269 bijugo
465 3228 577 3254 curru
593 3213 801 3254 invehitur.
850 3213 913 3253 De
930 3211 1069 3253 celebri
1084 3210 1150 3250 illo
1169 3210 1304 3250 Dianae
1314 3208 1498 3250 sacrificio
1510 3236 1522 3255 ,
1550 3208 1640 3249 vide
1656 3222 1743 3263 quae
1762 3209 1865 3264 apud
1881 3209 1985 3249 hunc
2001 3209 2194 3249 au&orem
2214 3219 2422 3251 narrantur.

319 3263 483 3308 Utinam
502 3282 674 3310 extarent
693 3283 836 3324 magno
860 3268 1178 3321 Antiquariorum
1195 3266 1302 3306 bono
1318 3265 1402 3319 ejus
1423 3264 1610 3312 Afiatica,
1639 3264 1811 3320 Syriaca,
1839 3268 1876 3304 δε
1892 3277 1979 3319 quae
1995 3264 2045 3304 de
2061 3264 2246 3306 Phoenice
2262 3265 2424 3320 scripsit,

317 3324 340 3363 a
356 3324 554 3377 Stephano
574 3326 791 3379 Byzantino
804 3336 1025 3371 memorata.

374 3401 458 3440 Hzc
482 3417 652 3444 nummus
667 3402 849 3456 ficundae
879 3400 1157 3458 magnitudinis
1173 3426 1188 3449 ,
1205 3399 1210 3404 ’
1225 3399 1249 3441 ὰ
1271 3398 1420 3442 Patina
1448 3409 1539 3454 pag.
1567 3411 1659 3453 234.
1695 3398 1878 3454 vussratus
1895 3424 1908 3445 ‚
1952 3399 2054 3439 inter
2077 3396 2270 3449 rariffi'mos
2295 3411 2421 3438 nume-

320 3457 474 3498 randus.
1315 3470 1319 3474 ’
1555 3461 1557 3464 “
