2574 4214
717 208 1754 261 DO'MITIANUS.
2170 229 2260 270 ¹32

228 274 467 321 'Chimaeram
483 281 522 321 in
539 279 762 320 memoriam
780 278 1086 332 Bellerophontis
1101 277 1228 317 herois
1245 278 1299 317 sui
1313 278 1354 317 in
1373 289 1534 317 nummo
1547 303 1558 322 ‚
1586 275 1636 315 ad
1655 275 1900 315 indicandam
1919 276 2055 327 pariter
2072 275 2173 316 urbis
2188 277 2262 320 suae

183 337 466 390 antiquitatem,
495 335 682 375 cuderunt
702 335 905 375 Corinthii.
942 334 1010 374 Ille
1028 333 1239 373 monstrum
1258 333 1335 374 hoc
1356 346 1402 373 ex
1420 332 1555 386 triplici
1575 331 1698 371 forma
1719 331 1862 386 Pegaso
1876 329 2042 370 infidens
2061 330 2260 376 interfecit,

181 393 246 438 De
263 391 454 433 Chimaera
470 390 667 431 Lucretius
685 389 734 429 de
748 404 872 430 rerum
890 401 1021 429 natura
1040 389 1101 429 lib.
1122 402 1155 439 5.

666 445 756 500 Q?
767 445 852 493 fieri
862 447 1015 498 potuit,
1042 444 1186 499 triplici
1202 457 1286 484 cum
1301 453 1445 497 corpore
1457 469 1469 489 ,
1497 449 1541 481 ut
1559 449 1635 481 nna
1647 465 1658 486 ,

671 501 809 539 Prima
824 500 877 539 leo
891 527 902 546 ,
924 501 1103 553 postrema
1121 499 1254 545 draco,
1282 499 1403 539 media
1422 497 1502 552 zpsa
1521 496 1708 538 Chtmaera
1721 491 1743 533 ,Ρ
2104 546 2110 554 ‚

181 558 370 598 Chimaera
385 557 478 597 vero
493 583 504 603 ‚
532 567 644 596 mons
668 555 721 595 est
747 555 873 609 Lyciae
897 556 1114 610 ignivomus
1128 582 1139 600 ‚
1168 556 1207 594 in
1226 554 1333 607 cujus
1352 553 1549 593 cacumine
1569 552 1698 591 leones
1725 549 1898 589 habitant
1915 569 1926 595 ;
1953 547 1992 589 in
2008 547 2141 588 medio
2157 575 2169 594 ‚
2189 549 2263 609 *ubi

207 613 323 652 ascuis
342 611 510 652 abundat
522 638 533 657 ‚
561 624 682 663 caprae
700 630 710 656 5
738 611 776 649 in
793 611 980 650 radicibus
995 622 1121 650 autem
1139 609 1330 662 serpentes
1349 623 1356 647 :
1384 607 1474 648 hinc
1490 606 1610 647 fastus
1634 605 1687 645 est
1703 605 1810 644 locus
1828 603 1973 643 fabulae.
2010 604 2060 644 Et
2076 617 2261 657 quomam

180 667 497 720 Bellerophontes
517 665 654 705 Glauci
680 666 841 720 Ephyrae
854 692 867 712 ,
894 663 956 704 seu
983 664 1166 704 Corinthi
1190 664 1311 717 Regis
1333 662 1455 709 filius,
1484 673 1655 703 montem
1679 660 1783 700 hunc
1808 658 2052 700 habitabilem
2075 658 2265 708 reddidit,

178 723 408 763 Chimaeram
425 721 578 776 fingitur
597 719 785 761 occidisse.
824 720 973 761 Servius
988 720 1028 758 in
1041 718 1173 770 virgil.
1188 716 1344 757 AEneid.
1357 722 1393 757 6.

230 800 312 840 Hic
329 812 497 841 nummus
512 801 658 842 minimi
673 797 813 839 moduli
827 799 927 838 inter
944 809 1047 837 raros
1063 793 1275 834 collocatur.

173 1455 188 1486 ι
202 1452 236 1486 M
249 1455 284 1482 P.
318 1455 340 1482 c
354 1454 380 1480 A
393 1454 417 1480 E
431 1453 460 1480 s.
490 1454 552 1480 no
566 1453 629 1480 M1
642 1453 665 1480 τ
679 1453 694 1479 1
707 1453 733 1479 A
748 1452 789 1479 N.
825 1453 848 1480 A
863 1454 889 1479 v
903 1453 943 1480 o.
974 1454 1001 1481 G
1013 1454 1037 1480 E
1050 1453 1079 1481 R
1091 1453 1140 1479 M.
1173 1453 1208 1480 P.
1241 1454 1290 1481 M.
1320 1453 1345 1481 T
1358 1454 1402 1481 R.
1432 1453 1468 1480 Ρ.
1510 1439 1643 1494 Caput
1662 1438 1877 1482 Domitiani
1895 1439 2116 1481 laureatum.

225 1512 248 1538 c
260 1511 286 1536 o
299 1511 342 1536 R.
373 1511 394 1536 P
407 1510 430 1535 E
444 1509 474 1536 R
486 1509 535 1535 Μ.
567 1510 581 1535 1
595 1509 630 1536 M
642 1510 676 1536 P.
710 1495 884 1536 Corinthi
891 1494 1071 1550 permissu
1088 1496 1344 1549 Imperatoris.
1384 1495 1428 1535 In
1450 1509 1594 1536 corona
1613 1510 1788 1550 quercea.

222 1574 426 1615 Cudendae
450 1585 614 1614 monetae
639 1573 796 1614 facultas
816 1574 1029 1614 Corinthiis
1049 1588 1137 1613 cum
1160 1573 1333 1615 libertate
1357 1574 1562 1628 provinciae
1582 1575 1604 1614 a
1622 1574 1860 1628 Vespasiano
1879 1572 2031 1614 videtur
2048 1572 2170 1614 ablata
2183 1600 2195 1620 ,
2225 1572 2271 1615 fiss

169 1629 327 1685 quidem
345 1644 428 1670 eam
445 1629 532 1683 ipfis
552 1631 573 1669 a
590 1630 816 1670 Domitiano
836 1629 914 1670 filio
939 1630 1146 1670 restitutam
1170 1631 1318 1670 nummi
1339 1630 1551 1685 significent
1569 1657 1580 1676 ,
1609 1634 1648 1670 ὅ(
1668 1630 1826 1683 quidem
1848 1629 1897 1669 ad
1922 1630 2148 1684 ampliorem
2168 1629 2268 1684 ipso-

167 1699 250 1729 rum
267 1699 512 1725 nummorum
532 1684 833 1738 magnitudinem
851 1713 861 1732 ,
891 1685 917 1724 fi
943 1684 1172 1737 conjesturae
1196 1685 1303 1726 locus
1320 1714 1332 1733 ‚
1361 1689 1450 1726 cnm
1469 1687 1582 1739 pauci
1602 1685 1733 1739 primae
1754 1685 2030 1742 magnitudinis
2050 1696 2160 1725 antea
2178 1700 2267 1739 per-

167 1740 258 1785 cuffi
277 1740 348 1782 fint
367 1755 374 1780 :
403 1754 450 1780 an
470 1740 538 1781 sub
554 1741 670 1794 ipsius
694 1742 840 1781 tantum
859 1741 1022 1794 imperio
1038 1741 1211 1781 concess'a
1229 1741 1420 1795 permistio
1437 1742 1482 1782 fit
1500 1767 1510 1788 ‚
1542 1742 1860 1794 Antiquariorum
1886 1741 2140 1795 disquisitioni
2160 1742 2271 1782 relin-

167 1798 341 1850 quimus,
371 1797 460 1836 csim
476 1796 515 1835 in
530 1796 775 1848 sequentibus
795 1797 975 1851 Augustis
990 1796 1041 1836 ad
1059 1796 1280 1836 Gallienum
1297 1797 1436 1850 usque,
1466 1797 1530 1837 etli
1550 1797 1655 1836 obvii
1670 1796 1765 1846 fint,
1785 1811 1866 1836 non
1883 1797 2045 1850 amplius
2063 1796 2267 1848 observenq

167 1862 240 1896 tur.
278 1851 438 1892 Corona
455 1865 619 1905 quercea
638 1851 690 1891 ob
709 1852 809 1892 cives
828 1852 850 1891 a
870 1852 1098 1893 Domitiano
1114 1851 1282 1894 servatos
1302 1853 1324 1894 ἐι
1341 1853 1557 1894 Corinthiis
1573 1851 1748 1893 dedicata
1765 1852 1829 1892 est.

223 1928 306 1969 Hic
324 1942 496 1969 nummus
509 1928 804 1985 mqjorisformae
818 1929 1018 1981 rariſjimus
1035 1929 1091 1982 est.

163 2578 225 2610 {M
237 2579 268 2606 ι».
300 2580 323 2606 c
338 2579 364 2605 A
375 2579 400 2605 E
413 2579 432 2620 s
447 2580 473 2606 A
488 2580 531 2606 R.
560 2581 587 2606 D
600 2580 625 2606 o
638 2580 674 2606 M
687 2578 702 2606 1
715 2580 740 2607 τ
753 2580 768 2606 1
783 2581 807 2606 A
822 2579 863 2606 N.
896 2579 923 2606 A
938 2580 965 2606 v
978 2580 1017 2606 G.
1048 2580 1075 2607 G
1087 2579 1111 2606 E
1123 2580 1154 2607 R
1165 2579 1212 2606 M.
1244 2580 1280 2608 Ρ.
1305 2580 1356 2608 Μ.
1393 2567 1529 2623 Caput
1543 2566 1761 2611 Domitiani
1776 2568 2003 2612 laureatum*

215 2635 236 2661 P
248 2635 272 2660 E
284 2635 314 2660 R
325 2634 372 2660 M.
402 2635 418 2660 1
428 2634 463 2660 M
476 2635 510 2660 P.
541 2635 567 2660 G
582 2635 606 2660 E
620 2635 648 2661 R
663 2635 710 2661 M.
740 2621 927 2674 Permzffic
942 2622 1185 2675 Imperatoris
1203 2622 1434 2665 Germanici.
1471 2624 1518 2664 In
1534 2639 1677 2666 corona
1694 2625 1826 2681 spicea.

214 2697 374 2737 Corona
399 2697 520 2751 spicea
545 2698 585 2737 in
610 2712 770 2739 nummo
794 2699 1005 2740 Domitiani
1030 2700 1051 2738 a
1070 2700 1285 2741 Corinthiis
1301 2700 1388 2743 cusa
1405 2703 1479 2749 est,
1513 2703 1583 2757 ipsi
1603 2704 1854 2758 gratulantes,
1884 2704 1995 2758 quod
2015 2702 2258 2758 summopere

159 2766 320 2794 annonae
344 2753 553 2807 providerit
573 2769 581 2793 :
610 2753 832 2807 frequentes
851 2756 952 2794 enim
976 2754 1092 2806 hujus
1111 2755 1357 2809 Imperatoris
1380 2759 1530 2798 nummi
1555 2757 1877 2801 senatusconsulto
1894 2759 2053 2814 percusti
2073 2775 2162 2801 cum
2179 2762 2261 2816 epi-

156 2808 326 2906 ἐῑαρῐιε,
359 2822 385 2847 A
401 2822 429 2848 N
441 2822 470 2848 N
482 2823 508 2848 o
522 2822 551 2848 N
565 2823 591 2848 A
626 2823 653 2848 A
669 2823 693 2849 v
706 2824 731 2849 G
744 2824 769 2849 v
784 2824 801 2848 s
817 2823 855 2849 T.
887 2809 952 2850 sub
975 2809 1130 2850 diverfis
1156 2811 1256 2865 typis
1273 2838 1285 2858 ,
1315 2811 1377 2851 ille
1397 2826 1546 2866 patrem
1566 2815 1757 2861 imitatus,
1785 2814 1834 2855 de
1851 2828 1932 2869 quo
1950 2827 2075 2856 narrat
2094 2816 2258 2858 Tacitus

187 2863 239 2903 ist.
256 2876 294 2915 4.
323 2863 364 2903 T
358 2877 421 2904 um
437 2864 648 2904 celerrimas
664 2866 821 2904 navium
824 2864 1023 2918 frumento
1043 2865 1309 2918 onnslasfaevo
1323 2866 1449 2908 adhuc
1466 2871 1563 2908 mari
1577 2872 1783 2909 commettit
1802 2885 1813 2909 .·
1843 2872 1976 2926 qutppe
1997 2880 2107 2912 tanto
2126 2872 2261 2921 disert-

155 2919 253 2959 mine
272 2917 360 2958 urbs
375 2919 539 2959 nutabat
550 2946 562 2966 ‚
589 2927 635 2958 ut
649 2919 772 2959 decem
789 2919 897 2960 haud
908 2919 1070 2974 amplius
1092 2920 1235 2961 dierum
1241 2921 1482 2975 frumentum
1498 2925 1540 2963 in
1555 2923 1833 2977 horrens-fiterit
1851 2953 1863 2973 ‚
1891 2926 1976 2966 citm
1995 2926 2018 2965 ιὶ
2037 2927 2078 2967 V
2073 2926 2254 2979 espastano

155 2982 378 3014 commeatus
382 2974 604 3026 subvenere.
643 2975 837 3027 Cujusrei
854 2989 1003 3016 memor
1020 2975 1265 3017 Domitianus
1276 3004 1288 3023 ,
1318 2977 1414 3018 vites
1431 2978 1648 3020 exscindere
1661 2980 1835 3032 jusserat,
1864 2993 1907 3021 ut
1921 2981 2154 3021 frumentum
2171 2981 2254 3021 ubi-

155 3037 235 3082 que
250 3027 432 3071 sereretur
448 3049 459 3076 ς
489 3042 532 3071 ut
546 3030 671 3071 innuit
689 3031 895 3071 Suetonius
911 3032 951 3071 in
969 3031 1052 3085 ejus
1067 3032 1143 3071 vita
1163 3047 1245 3085 cap.
1263 3036 1297 3072 6.
1330 3033 1392 3072 Ob
1401 3033 1592 3083 fitmmam
1605 3037 1792 3090 quondam
1807 3036 2018 3076 ubertatem
2035 3038 2145 3081 vini,
2171 3034 2254 3087 ftu-

154 3085 272 3178 meZti
289 3084 377 3125 verb
395 3087 559 3140 inopiam
570 3113 583 3132 ,
610 3086 827 3139 exzstimans
842 3087 957 3127 nimio
972 3088 1171 3127 vinearum
1173 3087 1304 3139 studio
1321 3087 1460 3143 negligi
1479 3103 1600 3137 arva,
1627 3091 1753 3131 edixit
1765 3117 1778 3138 ,
1806 3090 1874 3132 Ne
1889 3091 1974 3147 >qms
1988 3094 2030 3133 in
2046 3090 2167 3132 ltalia
2186 3103 2256 3145 ηας

155 3152 204 3183 ve
233 3148 332 3179 aret:

208 3215 293 3257 Hic
306 3232 478 3259 nummus
485 3221 618 3274 primae
631 3219 905 3276 magnitudinis
922 3221 1071 3261 eximiae
1089 3222 1270 3263 raritatis
1281 3220 1487 3264 habendus.

146 3870 164 3904 1
178 3870 212 3901 M
224 3871 257 3898 P.
287 3873 310 3899 c
322 3871 348 3898 A
361 3873 385 3899 E
398 3872 432 3900 s.
459 3873 523 3900 Do
537 3872 572 3900 M
584 3874 600 3901 1
612 3874 635 3901 T
651 3874 665 3901 1
683 3875 705 3901 A
720 3875 764 3903 N.
796 3875 823 3902 A
838 3873 865 3902 ν
877 3877 917 3904 n.
949 3877 975 3904 G
988 3877 1012 3904 E
1026 3874 1116 3904 ΚΜ.
1149 3877 1184 3904 P.
1215 3876 1266 3904 M.
1297 3877 1322 3905 'r
1335 3877 1379 3906 R.
1408 3880 1445 3907 Ρ.
1481 3868 1616 3924 Caput
1634 3868 1848 3912 Domitiani
1865 3871 2089 3914 laureatum:

202 3926 225 3957 p
237 3927 259 3953 E
271 3927 302 3954 R
314 3927 363 3953 M.
388 3928 403 3953 1
415 3928 450 3954 M
463 3929 504 3980 ιζ..
527 3916 715 3970 Permiffit
732 3917 983 3973 Imperatoris.
1022 3918 1234 3974 Neptunus
1251 3920 1390 3964 infidet
1405 3923 1588 3979 scopulis,
1605 3926 1744 3980 quibus
1758 3927 1913 3969 dextera
1928 3929 2100 3976 innixus,
2128 3929 2237 3984 pedi·

256 3969 327 4009 bus
340 3969 577 4024 Delphinum
589 3971 728 4019 calcat,
748 3973 881 4016 laevam
896 3974 1108 4018 extendens
1122 3976 1249 4020 versus
1268 3978 1467 4021 mulierem
1487 3981 1585 4023 ulnis
1600 3983 1806 4037 puerulum
1824 3984 2154 4038 complectentem.

200 4024 305 4070 Tam.
333 4025 367 4065 1.
1430 4035 1456 4081 S
1487 4050 1508 4082 z
2089 4040 2245 4102 Neptu?
