2491 4219
162 121 259 164 234
857 100 1587 152 VALERIANUS.

164 170 213 216 όν
231 169 333 227 qubd
346 170 511 226 undique
521 169 684 223 publicae
699 180 760 209 res
774 167 1064 219 infestarentur,
1090 168 1166 222 ipse
1181 169 1314 219 versus
1331 171 1529 211 Orientem
1546 176 1694 216 movet,
1721 178 1767 210 ut
1784 169 1912 214 ‘Perffs
1929 170 2126 223 rcfisteret,
2152 174 2276 221 Euro-

156 311 158 315 ·
168 282 251 323 fert.

224 362 309 403 Hic
322 374 497 402 nummus
516 361 662 401 minimi
677 357 839 407 moduli,
865 356 891 399 d
908 358 1058 401 ‘Patina
1067 367 1161 416 pag.
1178 372 1274 414 407.
1291 359 1498 415 vagatus,
1518 371 1588 416 pro
1605 374 1691 402 raro
1709 361 1975 403 numerandus.

226 922 286 949 co
299 921 338 950 L.
371 922 397 948 A
411 921 437 948 v
450 921 488 949 G.
521 919 546 946 τ
559 918 588 947 R
602 921 628 947 ο
641 919 684 947 A.
713 904 869 948 Colonia
886 904 1062 960 >Aug-usta
1082 903 1311 958 Troadenszs.
1340 903 1454 960 Lupa
1473 919 1561 947 cum
1585 905 1754 960 puerulis
1771 905 1946 948 Romulo
1966 910 2005 948 δε
2024 907 2170 954 Remo.

280 964 427 1005 Eadem
448 964 670 1019 epigraphe.
703 963 834 1018 Equus
852 962 1007 1017 pascens
1025 962 1103 1002 fine
1124 961 1245 1002 freno.

166 1095 170 1098 ἡ
225 1043 333 1084 Prior
349 1057 530 1084 nummus
547 1042 595 1082 ad
609 1043 794 1097 originem
809 1045 948 1084 Romae
966 1040 1130 1096 spectat,
1160 1041 1264 1082 hunc
1281 1042 1375 1082 vero
1396 1054 1530 1095 typum
1550 1042 1729 1082 Coloniae
1742 1041 1962 1096 frequenter
1983 1041 2179 1098 fignabant
2197 1049 2285 1089 tan-⁸

171 1113 289 1155 quarn
314 1115 359 1140 ex
377 1099 454 1153 ipsa
476 1100 605 1139 Roma
629 1113 870 1156 propagatae,
899 1098 999 1140 testis
1019 1097 1072 1137 est
1093 1097 1239 1145 Troas,
1269 1112 1355 1151 quae
1373 1097 1542 1138 eundem
1565 1099 1815 1144 Commodo,
1846 1099 2070 1142 Caracallae,
2104 1101 2285 1157 Elagaba-

165 1158 230 1202 lo,
263 1156 369 1195 Alex.
386 1155 552 1202 Severo,
582 1160 620 1196 δε
641 1156 814 1195 Mamaeae
830 1153 1049 1196 dedicavit:
1077 1153 1170 1194 alter
1189 1160 1283 1194 vero
1305 1167 1485 1194 nummus
1508 1153 1556 1194 ad
1581 1155 1841 1195 immunitates
1864 1155 1945 1194 urbi
1963 1160 1983 1196 a
2002 1155 2171 1199 Claudio
2191 1173 2286 1201 con·

172 1212 287 1252 cessas
320 1212 486 1264 pertinet
505 1238 516 1257 ‚
552 1211 602 1252 de
633 1212 773 1266 quibus
799 1213 836 1251 in
867 1209 1115 1255 Commodo,
1145 1211 1246 1263 Sept.
1282 1209 1446 1256 Severo,
1475 1210 1690 1256 Caracalla,
1721 1211 1948 1265 Elagabalo,
1981 1211 2086 1252 Alex
2116 1215 2285 1262 Severo,

170 1269 360 1313 Mamm,
390 1270 428 1307 δ(
453 1267 673 1308 Maximino
697 1268 794 1309 circa
819 1268 987 1309 eundem
1015 1279 1149 1320 typum
1176 1266 1354 1306 diximus.
1394 1266 1515 1320 Lupae
1538 1269 1654 1307 ubera
1683 1267 1854 1308 Romulo
1878 1271 1914 1307 &
1936 1267 2066 1308 Remo
2083 1269 2285 1323 praebentis

170 1323 368 1365 historiam
384 1334 451 1363 aut
467 1322 636 1364 fabulam
650 1336 771 1366 nemo
786 1322 923 1370 nescit,
949 1322 1001 1365 ita
1022 1335 1066 1362 ut
1083 1321 1134 1362 de
1149 1322 1222 1362 hac
1238 1322 1377 1362 iterum
1393 1323 1509 1362 verba
1526 1323 1649 1364 facere
1666 1324 1905 1376 superfluum
1923 1322 2196 1368 existimemus.

226 1403 395 1458 Uterque
410 1415 584 1444 nummus
599 1402 905 1458 minimaeformae
919 1401 1057 1444 obvius
1071 1401 1141 1454 est,
1160 1403 1268 1456 prior
1283 1400 1308 1440 ιὶ
1328 1402 1480 1442 Patina
1488 1413 1581 1457 pag.
1597 1417 1652 1457 40
1655 1417 1692 1458 7.
1713 1404 1850 1446 editus.

174 2168 239 2199 1M
250 2167 284 2194 P.
316 2165 352 2192 c.
381 2165 417 2191 P.
448 2163 474 2191 1,
486 2163 501 2190 1
514 2162 551 2190 c.
581 2162 611 2189 v
624 2161 650 2190 Α
664 2162 727 2189 LE
740 2162 770 2189 R
782 2162 800 2187 1
814 2162 840 2188 A
853 2162 886 2188 N
897 2163 925 2187 v
939 2162 958 2187 s
991 2162 1025 2187 Ρ.
1055 2163 1094 2189 r.
1131 2162 1159 2188 A
1171 2161 1248 2189 vo.
1290 2146 1427 2199 Caput
1441 2144 1637 2185 Valeriani
1653 2143 1880 2194 laureatum.

184 2240 187 2242 .
231 2224 292 2252 co
307 2223 345 2250 ι.
375 2220 401 2246 T
413 2220 438 2247 Y
452 2220 483 2246 R
495 2219 535 2247 o.
568 2218 602 2245 M
617 2219 639 2245 ε.
651 2218 689 2244 τ.
728 2204 886 2246 Colonia
902 2200 1017 2250 Tyros
1036 2202 1269 2254 Metropolis.
1310 2200 1499 2239 Hercules
1524 2199 1706 2238 sacrificat
1730 2199 1781 2237 'ad
1811 2202 1926 2236 Aram
1945 2223 1957 2243 ‚
1985 2197 2078 2239 laeva
2095 2198 2240 2242 clavam
2258 2201 2299 2246 se·

286 2262 406 2318 spolia
424 2260 568 2302 Leonis
584 2259 701 2314 gerit:
728 2258 767 2298 in
786 2271 871 2298 area
892 2256 984 2298 hinc
999 2256 1085 2297 duae
1106 2270 1225 2310 petrae
1243 2265 1431 2294 metarum
1450 2254 1562 2292 instar
1574 2281 1585 2299 ‚
1614 2255 1706 2292 inde
1725 2253 1996 2306 Conchylium.
2284 2245 2287 2252 ¹

181 2351 193 2356 -
227 2320 379 2363 Eadem
400 2315 621 2372 epigraphe.
661 2314 852 2355 Hercules
871 2312 1043 2353 dextram
1063 2311 1225 2366 apponit
1243 2309 1422 2363 trophaeo
1439 2335 1451 2356 ,
1478 2308 1572 2349 laevsi
1592 2309 1736 2349 clavam
1756 2313 1793 2348 δε
1816 2310 1934 2363 lpolia
1951 2309 2122 2358 Leonis,
2149 2312 2190 2352 in
2209 2324 2296 2355 area

287 2376 381 2416 vero
397 2372 542 2414 eaedem
562 2384 680 2426 petrae
697 2373 735 2410 δε
749 2368 1026 2423 Conchylium.

185 2465 189 2467 ’
229 2455 360 2510 Tyrus
375 2451 561 2506 plurimos
577 2449 786 2492 Valeriano
802 2449 842 2488 in
858 2448 964 2502 Syria
980 2461 1053 2502 pro
1068 2444 1170 2486 bello
1185 2443 1337 2486 Persico
1356 2444 1520 2483 moranti
1538 2457 1721 2484 nummos
1736 2443 1917 2498 percuffit
1929 2471 1939 2490 ‚
1970 2444 2009 2483 in
2027 2443 2088 2484 his
2105 2443 2298 2486 ambobus

177 2512 389 2554 Herculem
419 2507 546 2548 Deum
574 2507 774 2548 tutelarem
799 2504 980 2550 exhibet,
1009 2502 1235 2557 Imperatori
1256 2501 1436 2543 vistorias
1458 2499 1589 2541 herois
1611 2499 1666 2539 sui
1690 2513 1891 2554 augurans.
1932 2499 2155 2540 Plutarchus
2171 2511 2299 2542 narrat

176 2565 440 2610 Alexandrum
466 2564 505 2603 in
524 2563 606 2615 ejus
622 2563 700 2603 vita
727 2561 936 2602 Herculem
959 2571 1117 2600 manum
1135 2571 1181 2599 ex
1199 2570 1313 2599 muro
1335 2554 1402 2596 fibi
1419 2554 1644 2598 tendentem
1663 2555 1794 2596 vidiffe
1810 2583 1822 2602 ,
1851 2555 1944 2595 dum
1964 2555 2025 2596 ille
2045 2557 2177 2596 urbem
2198 2555 2299 2597 obfi-

177 2623 298 2664 deret.
333 2633 413 2670 Ονοιξ
430 2621 488 2657 (ἴδε
506 2624 525 2656 2}
545 2626 692 2668 Hgffxmoo
707 2618 874 2667 ὃεξιέμᾶἶυον
890 2619 976 2655 duem
990 2619 1051 2654 sm*
1069 2616 1090 2658 Ξ
1104 2616 1207 2664 τρίχες
1221 2615 1268 2660 ζα),
1286 2621 1430 2652 nanim.
1472 2611 1556 2652 ‘Per
1581 2614 1746 2668 quietem
1773 2612 1976 2652 Herculem
1999 2610 2101 2652 vidit
2122 2625 2170 2650 ex
2193 2625 2298 2653 muro

166 2678 241 2731 fibi
259 2691 393 2718 manus
415 2675 649 2722 tendentem,
676 2676 994 2730 invitantemque.
1025 2672 1072 2712 In
1087 2671 1205 2726 priori
1220 2683 1384 2710 nummo
1400 2667 1511 2723 Tyrii
1537 2666 1746 2709 Herculem
1776 2681 1944 2721 pateram
1974 2667 2084 2720 super
2108 2681 2210 2707 aram
2237 2678 2300 2709 te-

179 2747 338 2775 nentem
354 2734 631 2777 exhibuerunt,
660 2742 704 2771 ut
726 2730 826 2771 sacra
844 2729 934 2770 huic
958 2729 1049 2769 Deo
1072 2741 1144 2782 pro
1169 2726 1383 2767 Valeriano,
1404 2724 1501 2765 faeta
1526 2723 1592 2778 ipsi
1621 2737 1726 2779 grata
1753 2723 1862 2764 fuisse
1890 2723 2158 2768 ostenderent,
2187 2722 2301 2776 quocl

180 2790 330 2843 semper
348 2802 490 2828 numen
507 2788 655 2842 aliquot
669 2800 757 2827 cum
775 2786 1014 2840 Imperatore
1035 2784 1132 2824 sacra
1151 2781 1256 2822 simul
1277 2794 1500 2836 perpetrans
1516 2779 1669 2821 indicat.
1701 2781 1743 2820 ln
1762 2779 1959 2835 posteriori
1982 2779 2188 2819 Herculem
2207 2778 2302 2819 dex-

180 2859 277 2888 tram
298 2845 475 2899 trophaeo
493 2855 778 2898 apponentem,
806 2854 849 2882 ut
873 2843 971 2895 saepe
987 2840 1204 2895 depingunt
1229 2839 1425 2883 Astarten,
1455 2835 1674 2891 signarunt:
1705 2835 1782 2876 hoc
1803 2849 1895 2876 vero
1915 2835 2226 2888 trophaeumnon
2252 2833 2303 2875 ad

180 2903 361 2943 victorias
383 2900 572 2940 Valeriani
588 2899 731 2953 spectat
744 2926 756 2944 ,
783 2899 871 2937 cum
898 2898 929 2938 is
951 2910 1086 2950 captus
1106 2896 1148 2936 sit
1165 2896 1184 2934 a
1201 2895 1346 2949 Sapore
1364 2893 1557 2934 Persarum
1581 2894 1717 2948 Rege,
1746 2892 1810 2932 sed
1830 2891 1923 2932 illud
1941 2893 1988 2930 ad
2007 2890 2236 2931 Phoenicum
2259 2889 2298 2930 fi-

182 2972 250 2999 nes
268 2958 386 3012 longe
403 2956 559 3009 lateque
576 2955 643 2994 sub
660 2954 839 2994 Herculis
857 2953 950 2994 licut
965 2953 1032 2992 sub
1049 2952 1216 2992 Astartes
1233 2951 1425 3004 aulpiciis,
1455 2962 1687 3003 propagatos
1703 2951 1892 3002 pertinet,
1918 2946 2024 3000 quod
2044 2949 2079 2986 in
2099 2946 2216 2986 limile
2231 2959 2300 2986 au-

182 3014 336 3070 gurium
354 3012 464 3066 Tyrii
483 3011 688 3052 Valeriano
708 3010 903 3049 exhibent.
950 3008 1051 3047 Duae
1070 3007 1150 3046 illae,
1164 3006 1202 3046 in
1229 3018 1313 3044 area
1337 3017 1456 3058 petrae
1474 3031 1485 3050 ,
1515 3003 1727 3044 Ambrosia:
1745 3003 1855 3043 diuae
1876 3004 1960 3042 sunt
1981 3001 2084 3056 apud
2107 3001 2301 3043 Nonnum

183 3068 346 3122 Dionys.
363 3068 424 3108 lib.
438 3081 502 3119 4¹·
521 3067 570 3106 ad
582 3066 680 3120 Tyri
698 3067 885 3120 originem
904 3061 1150 3108 indicandam
1165 3060 1358 3116 appositae.
1395 3059 1659 3114 Conchylium
1677 3059 1780 3099 urbis
1797 3070 2032 3114 perpetuum
2044 3056 2191 3113 infigne
2202 3083 2216 3106 ‚
2245 3056 2300 3099 ob

185 3125 293 3166 usum
310 3138 488 3179 purpura:
503 3123 716 3163 inventum.

241 3204 410 3261 Uterque
425 3215 600 3245 nummus
605 3204 746 3258 primae
765 3198 1041 3256 magnitudinis
1062 3200 1162 3240 inter
1177 3210 1283 3238 raros
1303 3192 1351 3241 ἄν
1367 3194 1556 3251 elegantes
1575 3192 1824 3236 collocandus.

201 3780 265 3812 1101
279 3783 312 3809 P.
344 3783 379 3809 c.
413 3781 445 3807 P.
477 3781 502 3807 L
514 3779 572 3807 1'c.
603 3780 629 3805 v
643 3780 669 3805 A
682 3781 707 3806 L
719 3781 743 3807 Ε
757 3780 785 3806 R
800 3779 814 3805 1
829 3779 855 3806 A
869 3779 901 3806 N
913 3777 940 3804 v
954 3778 972 3804 s
1012 3779 1039 3804 A
1053 3778 1081 3804 v
1094 3778 1134 3805 o.
1173 3761 1308 3816 Caput
1323 3757 1519 3800 Valeriani
1535 3754 1735 3797 radiatum.
1969 3804 1976 3810 .
2120 3792 2122 3795 ,

254 3840 312 3867 co
324 3840 357 3864 L.
389 3838 414 3862 T
428 3837 452 3863 Y
468 3838 498 3863 R
510 3837 547 3862 o.
579 3835 615 3861 M
626 3836 649 3861 E
663 3836 699 3860 T.
737 3822 892 3862 Colonia
909 3820 1025 3864 Tyros
1045 3819 1274 3872 Aletropolts.
1316 3815 1532 3857 Mercurius
1547 3809 1769 3853 seminudus
1784 3820 1873 3849 cum
1890 3804 2006 3860 pallio
2024 3803 2144 3850 stans,
2171 3798 2306 3843 dextra

311 3880 511 3926 baculum,
538 3878 632 3919 laevzi
646 3876 881 3925 caduceum,
908 3891 980 3932 pro
999 3876 1164 3930 pedibus
1183 3874 1275 3916 hinc
1288 3872 1367 3913 Ibis
1379 3899 1393 3920 ,
1418 3870 1510 3912 inde
1527 3868 1659 3910 Palma
1677 3866 1792 3907 arbor
1808 3867 1848 3904 δε
1865 3861 2136 3916 Conchylium.

2089 3943 2309 3987 Mercurius

158 238 264 283 paeos
282 228 473 267 exercitus
481 224 568 280 filio
586 225 724 265 tradit.
769 224 944 266 Victoria
968 239 1153 266 coronam
1181 235 1365 279 tanquam
1397 227 1551 267 victoris
1580 228 1778 281 praemium
1810 228 1987 268 manibus
2011 227 2162 273 sublatis
2185 248 2280 289 prae..
2350 267 2356 278 ,,
2424 216 2439 259 ³³-
