2491 4219
2130 151 2145 177 1
2163 140 2180 191 '3
2193 148 2232 189 7.

147 228 2235 314 Qfffflfflffizfflfflfflffifflffffffiffl’afflffltffifflffissfflfflfflffi

242 378 780 444 GORDIANUS
824 375 1333 441 AFRICANUS
1378 373 1662 434 PATER
1704 369 1817 432 ET
1859 362 2148 432 FILIUS.

327 523 475 562 Amo
489 523 620 560 NIUs
652 518 873 559 Gordianus
893 517 1061 572 Thysdri
1086 517 1125 556 i'n
1150 515 1280 555 Africa
1301 515 1536 567 Imperator,
1564 520 1695 551 contra
1720 511 1977 551 Maximinum
2002 510 2235 565 appellatus,

289 611 308 630 0
327 579 414 616 cum
435 576 543 616 annis
563 578 624 615 80.
647 575 726 627 jam
751 587 861 614 natus
882 574 973 614 effer
989 601 1001 619 ‚
1030 571 1271 612 Gordianum
1299 569 1418 609 filium
1440 568 1594 620 Imperii
1610 567 1824 607 consortem
1842 593 1853 613 ,
1883 571 1921 606 &
1939 567 2154 622 Augustum
2176 565 2234 606 fe-

140 637 193 675 cit
209 655 220 680 3
251 632 390 674 deinde
408 631 680 683 Carthaginem
701 629 894 683 profeStus
907 656 918 674 ,
947 629 996 667 ad
1013 629 1193 668 Senatum
1209 625 1350 679 scripsit
1365 652 1377 670 ‚
1407 629 1444 663 ὃς
1463 624 1602 662 Roma:
1618 623 1842 661 acclamatus
1859 622 1912 661 est
1931 649 1941 667 ‚
1971 621 2235 676 ambobusque

139 691 287 730 nummi
305 689 464 729 Senatus
482 686 580 738 juss'u
600 684 758 739 percuffi
776 684 859 724 sunt
875 704 887 730 ·‚
915 683 978 723 sed
997 682 1240 735 Capellianus
1261 679 1504 720 Mauritania:
1524 679 1750 718 Procurator
1767 705 1778 723 ,
1809 677 2026 716 Maximino
2046 678 2236 722 devotus,

140 746 161 785 a
181 745 383 784 Gordiano
403 757 449 782 ex
467 754 623 780 munere
642 752 769 779 motus
785 766 796 785 ‚
826 750 957 779 contra
973 736 1096 792 ipsum
1117 736 1323 776 exercitum
1341 734 1576 787 comparavit
1589 761 1600 779 ‚
1628 731 1946 787 Carthaginenses
1965 733 2093 785 praelio
2112 731 2235 777 fudit,

93 842 96 847 ,
140 804 179 839 &
195 800 348 852 Juniore
366 796 569 837 Gordiano
584 796 623 834 in
642 795 721 834 acie
736 794 861 834 occiso
876 822 888 842 ‚
917 792 1193 847 Carthaginem
1214 790 1416 831 contendit
1431 817 1443 835 ,
1474 803 1550 842 qua
1566 802 1605 827 re
1624 788 1753 828 audita
1772 787 1994 827 Gordianus
2014 788 2134 827 senior
2146 815 2157 833 ‚
2186 787 2239 826 la-

140 869 247 909 queo
276 854 344 894 fibi
367 853 482 893 vitam
504 851 652 904 eripuit.
694 849 904 902 Utriusque
927 850 1075 888 nummi
1093 849 1140 887 ab
1159 846 1395 899 Antiquariis
1418 844 1593 898 descripti
1613 842 1770 897 quidem
1789 841 1917 889 fuere,
1947 842 2012 882 scd
2030 843 2152 881 nullus
2172 856 2240 882 eo-

139 923 225 951 rum
245 911 401 950 Graecos
418 907 576 961 protulit
595 921 602 944 ε
631 918 747 959 porro
767 918 890 957 nuper
908 905 929 943 a
945 903 1097 943 duobus
1121 901 1229 942 annis
1246 902 1286 941 in
1304 901 1419 956 patris
1438 901 1627 940 honorem
1647 911 1812 952 quatuor
1832 898 1870 936 in
1888 897 2066 952 AEgypro
2084 896 2159 937 cusi
2173 924 2185 943 ‚
2216 898 2239 937 a

142 967 254 1006 nobis
273 964 357 1004 sunt
374 961 584 1006 observati,
612 974 778 1014 quorum
806 973 926 998 unum
952 960 973 998 a
998 958 1159 997 Medico
1182 957 1318 997 Pisano
1345 969 1544 1010 emptum,
1578 956 1696 994 Ducis
1714 953 2065 993 Cenomanensium
2083 953 2240 994 Patroni

140 1017 473 1061 munificentissimi
490 1016 640 1057 cimelio
654 1014 895 1061 addidimus,
923 1014 1181 1066 rarioremque
1201 1013 1350 1053 alterius
1366 1013 1519 1052 iconem
1540 1009 1657 1063 ipsius
1673 1009 1857 1061 Principis
1882 1009 2001 1048 oculis
2022 1008 2240 1048 delectatio-

141 1077 200 1116 nis
219 1075 338 1130 gratii
365 1072 430 1113 hic
451 1072 688 1126 subjicimus:
719 1070 800 1124 spes
816 1070 931 1110 etiam
949 1070 1075 1123 aliqua
1093 1068 1215 1108 subest
1232 1081 1413 1108 nummos
1431 1068 1471 1106 in
1490 1065 1628 1106 Africae
1647 1064 1823 1105 Coloniis
1840 1065 1880 1103 in
1899 1077 2033 1104 eorum
2049 1063 2240 1106 honorem

141 1130 333 1187 percussos
352 1128 562 1184 aliquando
581 1125 841 1181 recuperandi.

557 1858 1081 1923 BALBINUS
1137 1858 1264 1922 ET
1318 1858 1864 1921 PUPIENUS.

254 1998 284 2039 A
297 2013 322 2039 L
334 2013 358 2039 B
370 2012 385 2038 1
396 2011 427 2038 N
439 2014 466 2040 v
478 2013 498 2040 s
530 2003 568 2040 &
584 2000 781 2053 Pupienus
795 2027 807 2047 ,
835 2001 996 2043 mortuis
1015 2001 1054 2041 in
1070 2000 1202 2041 Africa
1217 2000 1427 2041 Gordianis
1441 2028 1453 2047 ,
1480 2000 1621 2041 Romae
1637 2000 1895 2053 Imperatores
1913 2008 2047 2038 contra
2067 1999 2247 2040 Maximi-

235 2069 342 2117 'num
361 2054 403 2094 P.
420 2056 591 2097 Romani
615 2055 764 2096 hostem
789 2057 1023 2110 appellatum
1039 2083 1053 2103 ,
1080 2057 1191 2097 ele-&i
1217 2056 1302 2097 sunt
1317 2083 1330 2102 ‚
1359 2060 1398 2095 δε
1414 2056 1563 2095 nummi
1588 2057 1626 2094 in
1651 2054 1846 2107 utriusque
1866 2054 2056 2094 honorem
2077 2055 2250 2095 Senatus-

141 2111 318 2173 conlulto
334 2109 411 2151 cufi
427 2138 438 2156 ,
466 2112 564 2152 inter
583 2125 685 2152 raros
704 2125 784 2152 non
801 2112 1037 2152 collocantur
1053 2138 1065 2158 ,
1093 2110 1159 2151 sed
1177 2112 1313 2160 Graeci,
1324 2125 1397 2164 pro
1415 2110 1696 2163 elegantissimis
1714 2109 1924 2155 habentur,
1951 2109 2061 2164 qubd
2079 2111 2249 2164 plurimae

142 2212 150 2219 ,
171 2168 257 2207 rbes
281 2180 371 2206 vivo
395 2165 613 2206 Maximino
628 2193 641 2212 ‚
668 2169 707 2204 &
730 2167 843 2206 rebus
865 2166 993 2206 adhuc
1014 2166 1165 2206 incertis
1181 2191 1194 2211 ,
1223 2178 1358 2204 eorum
1379 2165 1552 2218 partibus
1570 2165 1764 2205 adhaerere
1781 2178 1861 2205 non
1883 2164 2096 2213 auderent,
2124 2178 2162 2207 at
2183 2167 2246 2208 illo

165 2232 380 2277 mperatore
397 2221 437 2261 in
460 2221 646 2275 Aquileiae
663 2219 863 2262 obsidione
889 2221 910 2261 a
927 2220 1107 2261 militibus
1133 2219 1337 2261 interfeQ
1354 2247 1365 2266 ‚
1398 2220 1578 2260 Balbinus
1595 2224 1633 2260 &
1650 2221 1845 2273 Pupienus
1866 2220 2005 2260 Romae
2021 2221 2136 2262 etiam
2155 2223 2249 2264 mili-

139 2278 211 2321 tari
232 2276 416 2317 seditione
433 2277 550 2331 paulo
565 2276 651 2330 post
671 2276 889 2316 obtruncati
906 2277 1001 2316 sunt.
1049 2277 1173 2325 Breve
1191 2290 1327 2316 eorum
1345 2275 1556 2328 Imperium
1573 2301 1586 2321 ,
1614 2279 1653 2315 δε
1673 2289 1751 2315 non
1770 2275 1865 2315 ultra
1884 2289 2028 2315 annum
2049 2278 2248 2320 extensum

139 2333 321 2379 videtur,
350 2334 439 2373 cum
464 2345 599 2373 eorum
625 2331 772 2371 nummi
798 2344 852 2371 11.
876 2339 1020 2371 TRIB.
1050 2330 1280 2384 potestatem
1303 2344 1383 2370 non
1409 2330 1566 2385 signent.
1604 2329 1722 2370 Porro
1740 2327 1865 2370 ‘Graeci
1890 2345 1978 2371 cum
1999 2331 2146 2372 Balbini
2164 2333 2247 2375 effi-

141 2389 235 2485 {ie²
264 2391 302 2427 δι’
327 2394 532 2428 κοΡΚΥΡ
547 2401 570 2427 Α
588 2399 789 2427 152N.M1
804 2399 1014 2427 AuelnN
1032 2413 1045 2432 ,
1073 2390 1110 2425 &
1141 2400 1164 2425 τ
1181 2395 1351 2426 APcoT
1385 2384 1594 2440 epigraphe
1621 2386 1862 2439 reperiuntur
1877 2414 1889 2433 ‚
1926 2387 2006 2426 imo
2031 2387 2180 2441 plurimi
2205 2391 2245 2431 in

176 2443 309 2498 upieni
328 2441 517 2483 honorem
539 2443 579 2483 in
596 2442 667 2482 hac
685 2441 922 2495 Metropoli,
950 2444 989 2481 &
1007 2441 1166 2496 quidem
1185 2441 1339 2482 maximi
1361 2441 1507 2481 moduli
1527 2454 1730 2482 occurrunt
1750 2441 1880 2496 {ignati
1894 2469 1905 2488 ‚
1935 2455 2022 2482 cum
2040 2443 2245 2498 inscriptio.

143 2513 196 2541 ne
227 2512 264 2538 M
276 2512 303 2538 a
317 2512 340 2537 1·
353 2512 374 2537 P
387 2512 413 2538 o
423 2512 489 2558 rio
503 2511 527 2536 Λ
542 2513 565 2537 E
576 2511 636 2538 oc
666 2513 689 2538 τ
704 2512 728 2537 A
744 2512 764 2536 P
779 2512 801 2537 c
812 2511 883 2539 οτ.
924 2497 1134 2552 AEgyptios
1159 2497 1272 2537 etiam
1300 2511 1388 2537 cum
1412 2508 1504 2537 nota
1525 2496 1676 2550 Imperii
1699 2497 2020 2550 praetermittimus
2032 2526 2044 2545 ,
2075 2498 2122 2539 iic
2140 2515 2245 2542 recu-

143 2552 404 2617 perandorum
420 2567 459 2592 m
476 2553 652 2596 Coloniis
668 2553 844 2596 cusorum
858 2551 943 2608 spes
954 2579 967 2601 ‚
995 2552 1241 2609 diligentibus
1256 2552 1416 2606 hujusce
1435 2553 1506 2595 aevi
1521 2554 1742 2594 nummariae
1756 2554 1813 2600 rei
1829 2553 2003 2595 studiofis
2012 2581 2026 2601 ,
2055 2568 2134 2596 non
2153 2556 2246 2612 abji-

145 2607 286 2654 cienda
300 2608 464 2651 videtur.

1075 2896 1332 2952 &aaa

202 3947 309 4009 Tam.
336 3943 409 3990 II.
1515 3939 1543 3981 8
