2491 4219
203 777 315 804 coi„⁴
348 778 375 804 A
391 778 417 803 v
431 777 474 803 R.
503 777 554 802 1³1
570 777 608 802 A.
639 776 676 802 Μ
691 777 712 802 E
726 776 805 802 ΤΚ.
838 777 857 802 s
872 776 934 802 ID.
973 759 1130 802 Colonia
1154 759 1316 801 Aurelia
1341 760 1424 800 Pia
1447 759 1671 814 llffetropolis
1702 758 1827 799 Sidon.
1886 758 2013 797 Altarc
2040 756 2250 798 umbraculi

255 819 381 860 modo
399 832 488 859 cum
504 830 670 873 quatuor
684 818 872 858 columnis
888 817 1038 858 duabus
1058 817 1150 858 rotis
1169 815 1413 871 impolitum,
1441 816 1479 855 in
1497 830 1578 869 quo
1595 815 1764 854 Astartes
1784 813 2034 853 simulacrum.

202 897 350 938 Currus
370 897 430 936 ille
449 896 550 936 sacer
566 910 655 936 cum
678 896 846 936 Astartes
872 895 1072 935 fimulacro
1089 893 1377 935 anniversariam
1397 894 1513 947 ipsius
1536 893 1725 933 sacrorum
1744 905 1931 946 pompam
1951 891 2118 931 indicare
2141 890 2251 930 vide-

147 963 216 992 tur.
247 952 442 992 Credibile
460 952 514 992 est
532 952 740 1006 quotannis
759 951 852 990 illud
870 951 965 990 Deae
981 950 1130 1004 lignum
1150 949 1523 1006 magnificentissimo
1539 963 1607 1004 per
1624 949 1759 988 urbem
1776 959 1959 1002 apparatu
1980 946 2176 986 transmitti
2194 946 2252 985 so-

144 1007 254 1047 litum
271 1007 379 1047 fuifle
396 1034 406 1052 ‚
436 1019 480 1047 ut
504 1007 544 1046 in
568 1006 739 1061 pluribus
760 1005 875 1059 Syria:
899 1009 938 1045 &
955 1005 1163 1044 Phoenicia:
1187 1005 1344 1046 urbibus
1367 1005 1511 1045 factum
1537 1016 1660 1044 narrat
1684 1004 1888 1043 Lucianus.
1926 1003 2077 1042 Astarte
2094 1002 2186 1041 vero
2203 1014 2251 1040 ex

142 1062 483 1103 Sanchoniathone
503 1061 706 1102 Phoenicio
723 1090 735 1108 ‚
765 1062 902 1103 Venus
927 1061 992 1102 est.
1031 1064 1099 1097 Tio)
1117 1072 1136 1108 *j
1153 1065 1284 1111 Αςεέςπΐω
1302 1067 1421 1100 Φοίνικες
1437 1062 1490 1098 αἰαὶ
1507 1062 1670 1110 Αφςοὸίτκν
1685 1061 1751 1098 εἶναι
1769 1065 1886 1108 λέγω.
1922 1057 2105 1107 Astarten
2122 1065 2251 1095 autem

142 1117 340 1158 ‘Phoenicii
358 1119 536 1158 Venerem
551 1117 620 1170 effe
633 1117 778 1157 dicunt.
813 1117 860 1156 Id
877 1116 1081 1157 confirmat
1095 1117 1237 1158 Cicero
1253 1117 1304 1157 de
1319 1117 1413 1157 Nat.
1432 1118 1550 1157 Deor.
1570 1116 1631 1155 lib.
1650 1129 1685 1168 3.
1714 1115 1876 1171 Qarta
1894 1114 2021 1153 Venus
2039 1111 2152 1164 Uria
2175 1111 2247 1162 Ty-

142 1186 255 1227 roque
272 1182 448 1227 concepta
464 1200 476 1219 ,
502 1186 585 1227 quae
600 1173 755 1225 Astarte
771 1182 933 1213 vocatur
945 1199 957 1218 ‚
985 1173 1047 1213 cui
1063 1172 1257 1214 sententiae
1273 1172 1521 1225 adstipulatur
1540 1170 1686 1211 Suidas.
1727 1174 1834 1221 Asa'gw
1853 1175 1870 1212 ἡ
1885 1174 1952 1219 παρ’
1969 1179 2079 1209 Dimum
2098 1169 2248 1217 Αφςοδῖπτ

141 1230 293 1277 λεγομὶἰόη.
323 1230 479 1279 Astarte
494 1242 577 1284 quae
591 1228 695 1281 apud
709 1228 859 1268 Graecos
877 1229 1004 1267 Venus
1023 1229 1127 1268 dicta
1144 1229 1201 1276 ell.
1235 1227 1448 1268 Bochartus
1465 1227 1526 1266 lib.
1544 1240 1576 1266 2.
1594 1241 1677 1279 cap.
1698 1238 1728 1275 5.
1759 1228 1887 1278 Αφέςτίω
1903 1236 2042 1262 vocem
2058 1221 2251 1262 deflexam

142 1283 254 1326 fuiffe
268 1287 307 1326 in
325 1288 501 1326 Graecam
519 1288 717 1336 Αςροοὶςχῐω,
746 1298 825 1338 qua
841 1283 927 1323 usus
945 1283 1000 1322 est
1017 1283 1270 1323 Herodianus
1293 1283 1334 1322 in
1349 1283 1426 1322 vita
1443 1282 1656 1336 Ehgabah,
1680 1280 1806 1321 refert.
1839 1286 1958 1316 ψείνικεε
1976 1282 1993 1327 '0⁵
2017 1277 2188 1327 ψὀοἱρχτω
2206 1295 2250 1315 νο-

141 1343 272 1391 μοίζεσι,
303 1341 380 1382 five
396 1341 435 1381 id
450 1341 610 1388 librarii,
637 1352 703 1382 aut
716 1339 904 1395 scriptoris
920 1337 1037 1393 ipsius
1054 1339 1254 1393 imperitiae
1272 1338 1462 1378 tribuatur.

198 1420 281 1461 Hic
299 1434 471 1460 nummus
480 1420 662 1474 secundae
675 1417 949 1474 magnitudinis
966 1421 1033 1459 ne‘c
1054 1432 1161 1458 raras
1185 1431 1252 1457 nec
1267 1416 1403 1456 0vast
1420 1415 1480 1463 eff.

192 2058 224 2111 ’,Α
235 2073 263 2100 v
275 2073 320 2100 R.
352 2072 374 2099 P
386 2072 402 2098 1
415 2059 459 2099 Αζ
496 2072 515 2099 s
527 2073 543 2099 1
554 2073 581 2099 D
593 2072 619 2098 o
630 2070 676 2099 N.
708 2073 731 2099 c
743 2072 769 2098 o
783 2073 809 2098 L
821 2072 848 2098 o
862 2071 908 2100 N.
936 2072 974 2100 Μ
986 2074 1011 2100 E
1026 2074 1051 2100 τ
1062 2073 1094 2100 R
1104 2072 1131 2100 0
1141 2071 1176 2098 P.
1205 2055 1370 2099 Aurelia
1384 2056 1468 2099 Pia
1492 2057 1610 2100 Sidon
1628 2056 1785 2100 Colonia
1807 2058 2041 2114 Aletrqoolis.
2070 2060 2250 2103 Colonus

248 2115 329 2170 agit
344 2114 482 2161 boves,
510 2114 559 2155 ad
580 2128 715 2155 eorum
734 2114 849 2155 latera
867 2115 908 2154 in
925 2115 1057 2156 medio
1072 2114 1222 2155 nummi
1232 2112 1417 2167 'vexillum
1435 2114 1475 2152 in
1492 2127 1575 2167 quo
1592 2129 1618 2154 L
1632 2125 1655 2153 Ε
1668 2128 1706 2154 G.
1742 2128 1757 2153 1
1778 2128 1793 2153 1
1812 2128 1844 2154 1.
1877 2128 1898 2153 P
1911 2129 1938 2155 A
1949 2130 1994 2156 R.
2025 2113 2144 2171 Legio
2160 2117 2250 2158 Ter-

247 2172 307 2210 tia
329 2170 548 2217 Parthica,
576 2173 616 2209 &
629 2183 711 2210 non
740 2184 754 2209 1
774 2183 790 2210 1
809 2184 840 2209 1.
874 2177 984 2210 cac.
1015 2180 1059 2211 ut
1078 2169 1250 2224 vulgavit
1265 2165 1493 2209 Holstenius
1509 2170 1549 2208 in
1568 2169 1701 2224 Steph.
1719 2182 1807 2224 pag.
1825 2184 1842 2210 2
1849 2184 1917 2220 92.

190 2247 343 2302 Tyrum
364 2248 531 2288 Macrini
547 2259 673 2302 partes
688 2249 822 2289 acriter
838 2247 974 2289 fovisse
991 2248 1191 2290 verisimile
1210 2247 1287 2293 est,
1315 2246 1407 2287 ideo
1426 2248 1652 2303 Elagabalus
1669 2248 1739 2302 ipsi
1760 2249 1876 2289 iratus
1893 2276 1904 2295 ‚
1933 2263 2018 2288 eam
2037 2250 2247 2304 Metropo-

132 2302 180 2344 lis
195 2303 382 2359 dignitate
397 2304 580 2359 privavit,
611 2317 729 2356 quarn
746 2303 882 2344 Sidoni
901 2304 972 2343 fibi
988 2304 1133 2344 faventi
1148 2301 1350 2347 conceffit‚
1379 2302 1561 2357 illamque
1579 2303 1788 2344 Coloniam
1806 2305 2003 2344 constituit
2017 2332 2030 2350 ,
2059 2317 2103 2345 ut
2121 2307 2246 2347 Aure-

134 2358 193 2399 liae
215 2357 293 2399 Piae
314 2359 532 2414 gentis'suae
552 2359 710 2399 nomina
730 2372 810 2398 non
832 2358 980 2404 modo,
1006 2358 1073 2398 sed
1088 2358 1272 2411 frequens
1293 2371 1543 2398 nummorum
1567 2358 1648 2408 ejus
1665 2360 1704 2398 in
1724 2358 1915 2398 honorem
1938 2359 2132 2414 Elagabali
2153 2376 2248 2401 uxo-

133 2428 219 2455 rum
235 2442 248 2461 ,
277 2415 406 2454 matris
423 2441 434 2460 ‚
463 2417 501 2453 &
521 2414 639 2460 avite,
667 2412 902 2469 fignatorum
927 2414 1041 2467 copia
1064 2413 1245 2453 indicant.
1292 2412 1380 2452 Imo
1407 2414 1601 2453 convincit
1627 2427 1741 2468 typus
1766 2414 1911 2454 Coloni
1935 2415 2054 2454 boves
2074 2417 2245 2468 agentis,

132 2483 254 2523 quem
270 2470 322 2511 ita
339 2469 515 2510 describit
530 2469 757 2510 Plutarchus
772 2469 813 2509 in
830 2468 1007 2510 Romulo
1029 2483 1116 2524 pag.
1140 2482 1158 2508 2
1168 2482 1203 2522 3.
1237 2479 1263 2504 Ο
1281 2473 1319 2512 cll]
1336 2472 1438 2510 οἰκιςῆς
1454 2471 1596 2519 {fiamus
1609 2472 1729 2518 >geomeo
1746 2477 1864 2519 χαλκῆν
1881 2474 1967 2508 ῧννῖω
1978 2499 1987 2514 ,
2013 2476 2195 2523 &affligas
2211 2477 2244 2510 δὲ

134 2530 193 2572 βέν
207 2530 315 2576 ἄρ’ᾷενα
330 2532 354 2580 2}
370 2530 488 2571 θήλειαι
504 2556 514 2568 ,
542 2529 625 2568 οαὶνηίς
643 2528 697 2575 ,ιὸἰύ
715 2529 806 2575 {2222ss
822 2528 1016 2566 ώελωόνων
1031 2529 1158 2564 auiam
1172 2530 1302 2570 βαθεῖων
1318 2539 1371 2565 πῑς
1384 2529 1520 2576 aignan.
1558 2525 1740 2565 Conditor
1757 2535 1888 2565 aratro
1908 2540 2042 2567 aerenm
2058 2542 2245 2570 vomerem

131 2582 335 2636 adjungit,
357 2583 574 2638 junc‘lisqne
598 2581 716 2622 bobus·
738 2595 840 2622 mare
865 2581 913 2626 &¹
923 2581 1090 2635 foemina
1107 2610 1119 2629 ,
1147 2580 1222 2634 ipsb
1244 2583 1384 2621 circum
1411 2581 1640 2620 lineamenta
1656 2580 2063 2634 proftmdnm'inducit
2087 2583 2244 2631 ficlcum.

132 2637 331 2679 Vexillum
345 2637 384 2677 in
406 2651 487 2691 quo
518 2652 544 2678 L
556 2652 579 2677 E
593 2651 633 2677 G.
669 2651 684 2677 1
703 2651 719 2677 1
739 2651 771 2677 1.
803 2651 824 2677 P
838 2652 865 2678 A
881 2652 925 2678 R.
963 2637 1147 2692 Legionis
1162 2637 1307 2676 Tertiae
1321 2636 1505 2676 Parthicae
1525 2636 1739 2676 Veteranos
1754 2637 1793 2675 in
1807 2637 1985 2678 Coloniae
2000 2638 2245 2693 supplemen-

131 2704 217 2734 tum
233 2692 419 2734 Sidonem
437 2692 633 2734 traductos
649 2692 820 2734 denotat.
860 2693 924 2734 De
940 2692 1001 2733 his
1015 2693 1124 2747 plura
1140 2692 1180 2731 in
1202 2691 1375 2745 sequenti
1392 2704 1566 2731 nummo.

186 2770 271 2811 Hic
286 2784 458 2812 nummus
465 2773 601 2824 primae
617 2771 892 2828 magnitudinis
906 2773 948 2811 in
965 2768 1581 2826 elegantiarumfi’riefcribendns,
1611 2769 1851 2821 Observatnr
1866 2774 1983 2813 etiam
2001 2773 2154 2821 fi’cnndi
2169 2788 2244 2815 mo-

125 2825 526 2882 dulicumepigraphe
555 2838 1150 2868 coL.AVR.ME·rR.s1D.
1977 2821 1997 2826 ’“

183 3408 246 3436 co
256 3411 296 3438 ι.
327 3411 355 3438 A
369 3411 395 3447 v
410 3410 451 3436 n.
482 3408 504 3435 Ρ
518 3409 534 3435 1
548 3408 588 3435 A.
618 3408 655 3435 Μ
667 3409 690 3456 ie:
705 3408 730 3435 r
742 3410 773 3436 R
785 3409 811 3435 o
825 3409 858 3435 P.
891 3409 910 3436 s
924 3410 940 3436 1
950 3409 990 3456 ¹³:
1025 3396 1181 3438 Colonia
1194 3397 1358 3439 Aurelia
1377 3396 1459 3437 Pia
1479 3397 1702 3453 Aletropolis
1723 3398 1851 3439 Sidon.
1890 3399 1983 3441 Tria
2007 3387 2111 3457 ligna
2135 3403 2229 3444 mili.

239 3453 351 3500 tatia,
376 3452 417 3493 in
432 3464 601 3507 quorum
617 3464 727 3506 apice
744 3465 871 3506 parvae
885 3450 1050 3506 Aquilae.

182 3532 298 3588 Signa
317 3530 378 3572 illa
394 3530 569 3572 militaria
586 3529 637 3570 ad
653 3529 836 3586 Legionis
853 3530 972 3571 tertiae
987 3528 1172 3570 Parthicae
1187 3529 1405 3572 veteranos
1424 3530 1609 3572 Sidonem
1627 3531 1790 3574 colonos
1808 3532 1857 3574 ab
1875 3534 2082 3591 Elagabalo
2099 3537 2226 3577 tradu-

129 3587 213 3628 &os
235 3586 415 3642 spectant.
462 3586 586 3642 Legio
614 3586 722 3626 tertia
745 3585 920 3626 Parthica
947 3585 987 3624 in
1010 3584 1295 3639 Mesopotamia
1318 3585 1475 3626 hiberna
1500 3588 1636 3641 agebat
1650 3615 1662 3634 ‚
1690 3600 1732 3628 ut
1751 3589 1912 3643 legimus
1930 3592 2034 3644 apud
2053 3593 2222 3632 Dionem

130 3643 196 3685 lib.
219 3655 279 3693 55.
299 3656 385 3698 pag.
404 3648 494 3695 564.
524 3651 660 3692 zexip&
673 3644 711 3680 πῖ
726 3646 884 3693 naemei,
898 3646 928 3680 τό
943 3659 972 3680 π
985 3649 1108 3686 offlam,
1125 3648 1148 3694 »ᾖ
1165 3646 1194 3680 w*
1209 3651 1296 3686 τςίπν
1309 3646 1342 3680 τὸ
1358 3650 1389 3681 ἰ-,ν
1406 3650 1628 3692 Μεσυποταμίᾳ.
1656 3643 1819 3684 Severus
1835 3645 2050 3686 Parthicas
2058 3649 2222 3700 primam

131 3695 181 3741 &³
200 3700 356 3738 tertiam
367 3702 408 3740 in
423 3699 706 3756 Mesopotamia.
741 3699 808 3739 Illa
823 3699 947 3740 forsan
963 3699 1085 3754 prima
1106 3699 1311 3754 Elagabalo
1330 3700 1550 3740 acclamavit
1561 3727 1573 3746 ‚
1603 3699 1652 3739 de
1668 3712 1748 3752 quav
1763 3698 1888 3740 forsan
1906 3700 2077 3755 loquitur
2094 3701 2222 3740 Hero-

130 3753 266 3794 dianus
283 3754 346 3795 lib.
364 3767 396 3805 5.
410 3754 475 3796 fol.
492 3762 581 3810 563.
614 3768 694 3807 Ome
708 3760 810 3793 ἁκεῖνοι
824 3759 1002 3797 divitumne,
1018 3766 1070 3795 πῖς
1085 3758 1289 3803 ammantat
1305 3758 1340 3804 »ἐξ
1355 3761 1445 3805 ὀλίγον
1460 3759 1689 3806 οίπτκῖγὶίκόνπς,
1706 3761 1866 3805 Ἁζᾳὲἇηπν
1884 3765 2003 3800 {mino-ios
2021 3759 2073 3794 τίαὶ
2091 3758 2216 3806 ephialta),

131 3813 171 3847 ὥς
183 3814 222 3848 εἷς
233 3816 291 3847 miv
303 3816 427 3859 χωρῆση
443 3813 477 3847 τὸ
493 3813 686 3859 ςρωσιωπκόν.
719 3811 784 3851 Ea
802 3826 861 3852 res
875 3811 1010 3852 audita
1030 3811 1079 3851 ab
1095 3811 1175 3851 illis
1189 3838 1201 3857 ‚
1227 3810 1413 3862 acsenfim
1429 3813 1701 3851 communicata
1717 3814 1870 3868 reliquis
1886 3813 2218 3858 commilitonibus,

122 3876 194 3920 per
218 3867 434 3916 universum
457 3867 615 3921 denique
638 3869 845 3907 exercitum
862 3866 1025 3921 vagata
1039 3866 1098 3918 est.
1139 3867 1262 3921 Legio
1281 3866 1363 3906 haec
1380 3867 1487 3906 tertia
1507 3866 1680 3907 Parthica
1697 3868 1717 3907 ἐι
1734 3868 1920 3922 Septimio
1938 3869 2078 3908 Severo
2090 3895 2101 3914 ‚
2130 3883 2219 3907 cum

129 3921 255 3977 prima
276 3924 315 3962 &
335 3921 500 3963 secunda
520 3921 638 3976 hujus
662 3922 831 3965 nominis
853 3922 1067 3978 conscripta
1089 3922 1143 3965 est
1165 3923 1255 3963 cum
1276 3922 1316 3963 in
1336 3921 1497 3964 Parthos
1513 3922 1653 3965 bellum
1668 3922 1827 3979 suscepit
1844 3923 1970 3965 multis
1987 3923 2164 3964 militibus
2182 3925 2220 3963 in

137 3991 162 4012 .-
2058 3979 2232 4019 civilibus
