2574 4214
2164 239 2255 290 13?

538 549 1891 644 DOMITIANUS.

380 1222 438 1233 2
490 1194 572 1238 UA
586 1211 621 1238 M
635 1210 720 1237 V1s
752 1196 1000 1238 Domitianus
1023 1194 1234 1250 Imperium
1259 1208 1329 1250 per
1356 1193 1580 1250 quindecim
1606 1207 1728 1236 annos
1751 1193 1917 1235 tenuerit
1933 1219 1945 1240 ‚
1981 1191 2104 1234 nullas
2126 1197 2255 1237 tamen?

163 1260 168 1298 1
206 1280 221 1287 ·
266 1243 306 1286 ἵ
338 1258 349 1270 ’“
397 1239 468 1312 ἐξ
489 1254 675 1294 Colonias
701 1253 763 1294 seu
792 1266 839 1293 ex
865 1253 978 1306 plebe
1003 1250 1066 1291 seu
1087 1265 1134 1291 ex
1152 1251 1356 1293 Veteranis
1380 1251 1429 1290 ab
1452 1264 1502 1290 eo
1518 1250 1704 1292 deductas
1719 1250 1904 1305 legimus;
1932 1263 1981 1290 an
1995 1264 2125 1291 revera
2143 1250 2254 1291 nullae

222 1305 233 1321 ‘
371 1316 467 1357 odes
487 1308 580 1356 fint,
610 1324 658 1350 an
676 1308 958 1352 Historicorum
974 1307 1117 1347 incuria
1132 1307 1334 1361 negleihe,
1355 1319 1435 1346 non
1453 1305 1623 1347 constat:
1652 1306 1801 1347 nummi
1819 1307 1932 1351 vero,
1962 1306 2188 1346 Corinthum
2203 1307 2257 1346 ob

201 1405 208 1413 ,
382 1361 466 1423 )Ῐ“Ε’
483 1376 642 1419 accepta
661 1365 682 1404 a
698 1363 926 1404 Domitiano
944 1361 1131 1403 beneficia
1147 1361 1296 1402 Flaviae
1316 1374 1462 1402 nomen
1479 1361 1674 1421 sumpsisse
1692 1389 1704 1408 ‚
1732 1376 1805 1403 nos
1823 1361 2003 1403 edocent.
2043 1361 2259 1416 Legionem

206 1420 237 1469 ἶ,
345 1466 358 1481 β
373 1421 414 1468 ,ξ
463 1431 465 1445 ·
484 1434 601 1462 unam
618 1421 776 1462 nomine
792 1419 1033 1460 Alinerviam
1051 1418 1100 1458 ab
1115 1431 1165 1458 eo
1180 1417 1426 1459 constitutam
1443 1417 1576 1457 austor
1592 1418 1646 1458 est
1663 1418 1756 1459 Dio.

203 1555 246 1596 <D
255 1568 282 1595 0
293 1570 329 1596 M
340 1570 355 1596 1
367 1569 390 1595 r
403 1569 419 1595 1
431 1569 457 1596 A
471 1568 501 1595 N
514 1569 529 1595 1
556 1555 699 1594 nummi
708 1557 845 1610 primae
869 1551 1145 1608 magnitudinis
1169 1552 1270 1591 inter
1289 1549 1569 1605 elegantffmos
1590 1549 1788 1606 reponendi
1808 1571 1820 1598 3
1837 1549 2016 1603 secundae
2033 1548 2081 1595 ὠ*
2093 1549 2259 1603 minima

143 1610 302 1666 firmae,
334 1610 440 1652 obvii
453 1608 500 1655 c&
518 1610 707 1666 vulgares.

826 1683 1387 1727 ANTIOCHIA
1440 1683 1569 1738 Syria.

146 2281 173 2316 e
184 2282 211 2310 A
222 2282 247 2310 E
259 2281 278 2309 s
291 2281 318 2310 A
334 2281 363 2310 R
392 2282 420 2309 n
430 2281 456 2308 o
467 2280 505 2308 M
516 2280 532 2307 1
542 2279 581 2307 Τ.
613 2280 637 2307 c
649 2280 674 2306 o
688 2278 721 2306 s,
751 2279 767 2306 1
778 2278 807 2306 1.
844 2265 979 2321 Caput
995 2262 1212 2308 Domitiani
1227 2263 1456 2316 laureatum&

201 2339 230 2371 a
242 2338 273 2365 N
286 2338 311 2365 τ
323 2338 338 2365 1
350 2338 377 2364 0
389 2339 412 2365 c
423 2338 449 2365 u
461 2337 478 2364 1
491 2337 533 2364 A.
570 2321 702 2377 Caput
719 2322 903 2363 muliebre
921 2322 1110 2364 turritum.

198 2401 479 2447 Antiochenses
501 2402 640 2443 Flaviae
663 2402 788 2455 gentis
812 2400 1067 2442 studiofiffimi
1087 2429 1100 2449 ‚
1127 2411 1212 2443 tum
1231 2401 1468 2458 Vespasiano
1483 2426 1497 2448 ,
1526 2401 1597 2456 qui
1615 2396 1774 2449 urbem,
1802 2412 1851 2443 ex
1868 2398 2073 2442 Chronico
2090 2399 2258 2442 Alexan}

143 2454 278 2506 drino,
306 2458 504 2513 collapsam
519 2457 681 2509 restitnit
701 2478 712 2505 3
740 2469 823 2498 tum
838 2457 934 2498 Tito
946 2485 958 2504 ,
986 2458 1075 2512 qui,
1105 2471 1153 2498 ex
1173 2458 1337 2505 eodem,
1365 2460 1408 2499 in
1427 2471 1471 2497 ea
1480 2458 1613 2512 pofitit
1630 2457 1832 2500 Cherubim
1848 2472 1898 2497 ex
1915 2472 1987 2498 aere
1998 2484 2011 2505 ,
2039 2456 2257 2512 Seraphim-

142 2527 234 2568 que,
263 2514 469 2555 Salomonis
487 2513 623 2553 donum
634 2541 647 2560 ‚
675 2527 766 2569 quos
785 2515 826 2552 in
843 2513 977 2568 templo
994 2513 1337 2566 Hierosolymitano
1357 2523 1504 2568 ceperat
1521 2540 1534 2560 ‚
1562 2527 1745 2556 nummos
1766 2512 1984 2569 percussere
2002 2528 2010 2553 :
2039 2512 2146 2554 hunc
2161 2514 2257 2555 vero

144 2568 370 2611 Domitiano
393 2569 462 2623 ipfi
486 2569 715 2625 gratulantes
740 2568 958 2624 signarunt,
987 2569 1040 2609 ob
1057 2567 1242 2623 adeptum
1260 2570 1472 2611 secundum
1491 2569 1748 2612 Consulatum
1765 2597 1778 2618 ‚
1805 2583 1925 2624 quem
1949 2569 2012 2611 ille
2029 2568 2256 2624 Vespafiani

142 2624 292 2677 imperii
306 2639 410 2665 anno
429 2636 592 2677 quarto,
621 2628 659 2663 δε
682 2624 734 2664 U.
754 2626 800 2664 (3.
822 2626 911 2664 826.
930 2637 1018 2664 cum
1039 2625 1193 2665 Valerio
1208 2621 1416 2666 Messalino
1433 2624 1549 2680 gesfit.
1587 2627 1722 2681 Caput
1743 2628 1946 2674 turritum,
1975 2636 2019 2667 ut
2034 2625 2075 2665 in
2091 2628 2254 2680 patre&

141 2677 276 2726 fratre,
302 2680 351 2720 ad
366 2679 610 2719 indicandam
627 2679 761 2719 urbem
782 2680 999 2733 primariam
1017 2679 1151 2720 validis
1171 2682 1365 2721 moenibus
1380 2681 1456 2722 esse
1474 2682 1676 2722 munitam⁰

194 2755 278 2797 Hic
296 2770 468 2798 nummus
485 2758 632 2798 minimi
645 2755 784 2798 moduli
798 2758 899 2797 inter
915 2770 1022 2797 raros
1036 2756 1281 2809 adscribitur.

894 2859 1492 2918 BERYT-US.

134 3485 150 3512 1
164 3485 195 3511 Μ
209 3485 245 3512 P.
276 3486 299 3512 c
314 3484 340 3511 A
353 3483 378 3510 ε
391 3484 423 3511 s.
454 3485 517 3512 no
529 3483 590 3511 M1
604 3484 629 3511 'r
641 3484 656 3511 1
670 3485 696 3511 A
709 3484 753 3511 N.
786 3484 810 3512 A
827 3484 854 3511 v
867 3484 906 3511 G.
938 3484 964 3511 G
977 3485 1002 3511 E
1014 3485 1042 3512 R
1055 3484 1106 3513 M.
1144 3471 1279 3527 Caput
1297 3472 1514 3514 Domitiani
1533 3470 1750 3516 laureatum.

187 3541 247 3567 co
260 3542 298 3567 L.
331 3541 355 3567 F
367 3541 391 3566 E
405 3542 444 3567 L.
473 3541 496 3566 B
508 3541 530 3566 E
542 3541 582 3567 R.
623 3527 778 3567 Colonia
797 3526 911 3567 Felix
929 3526 1105 3578 Berytus.
1142 3527 1188 3567 In
1209 3528 1288 3568 aliis
1303 3554 1317 3575 ,
1346 3544 1369 3570 c
1382 3544 1408 3569 o
1420 3543 1459 3569 L.
1490 3543 1505 3568 1
1518 3542 1544 3568 v
1556 3543 1595 3569 L.
1629 3543 1656 3569 Α
1668 3545 1695 3571 v
1706 3545 1748 3582 Q,
1780 3544 1803 3571 12
1817 3543 1841 3570 Ε
1854 3541 1891 3570 L.
1924 3542 1983 3572 ΒΕ
1995 3544 2040 3572 R.
2083 3529 2240 3573 Colonia

241 3580 357 3633 Julia
370 3581 541 3637 Augusta
557 3580 670 3621 Felix
686 3582 863 3631 Berytus.
903 3581 1081 3622 Colonus
1096 3595 1214 3636 agens
1231 3583 1361 3624 boves.

186 3669 307 3724 Apud
323 3671 505 3725 Berytum
522 3671 729 3712 Phceniciae
748 3682 1014 3712 convenerunt
1028 3671 1055 3710 ii
1072 3697 1084 3717 ,
1114 3671 1182 3724 qui
1200 3671 1481 3726 Vespasianum
1504 3671 1780 3726 Imperatorem
1799 3687 1931 3717 contra
1949 3676 2148 3718 Vitellium
2169 3690 2236 3730 ape

131 3724 341 3780 pellarunt;
369 3726 420 3766 ibi
437 3726 488 3766 de
504 3727 605 3767 bello
623 3739 754 3767 contra
776 3727 898 3780 ipsum
916 3725 1091 3781 gerendo
1107 3726 1128 3765 a
1144 3726 1363 3782 Legionum
1382 3727 1619 3782 Syriacarum
1640 3729 1817 3772 Ducibus
1830 3758 1841 3777 ‚
1872 3735 1910 3771 &
1924 3731 2080 3786 Juda'ici
2097 3733 2238 3771 exerci-

131 3791 192 3820 tus
209 3780 360 3835 Legatis
375 3782 501 3822 aftum
518 3782 593 3828 est,
620 3794 663 3822 ut
680 3782 795 3823 tradit
811 3782 972 3823 Tacitus
991 3781 1134 3821 Histor.
1155 3794 1203 3821 11.
1233 3780 1432 3833 Confilt'um
1449 3783 1494 3822 de
1501 3783 1654 3835 stemma
1674 3799 1796 3826 rerum
1813 3787 1947 3833 Berytt
1968 3786 2163 3832 habitum,
2190 3787 2238 3827 il-

130 3835 194 3876 luc
216 3835 425 3876 Mucianus
448 3851 533 3876 cum
552 3837 715 3891 Legatis
734 3836 985 3892 Tribunisque
1001 3864 1014 3883 ‚
1042 3833 1090 3880 dy
1101 3835 1395 3891 splendidisfimo
1417 3852 1560 3894 quoque
1576 3840 1848 3882 Centurionum
1864 3856 1909 3881 ac
1927 3841 2091 3881 militum
2109 3844 2235 3882 venit.

132 3891 356 3944 Berytenses
371 3891 462 3932 ideo
477 3891 617 3931 Flaviae
635 3893 741 3947 genti
760 3892 894 3946 devoti
911 3905 1115 3933 nummum
1133 3892 1364 3934 Domitiano
1381 3893 1434 3934 ob
1450 3894 1741 3948 expeditionem
1760 3897 1932 3950 ejusdem
1950 3896 2234 3943 Germanicam,

132 3946 185 3986 de
206 3959 285 4001 qua
307 3946 512 3987 Suetonius
534 3961 614 4000 cap.
635 3959 670 3987 2.
688 3948 814 4002 inquit
833 3963 842 3988 :
868 3943 1164 4002 Expeditionem
1186 3962 1330 4005 quoque
1355 3952 1396 3990 in
1421 3950 1592 3989 Galliam
1612 3950 1911 4006 Germaniasque
1933 3964 2051 4004 neque
2075 3950 2238 4002 neceffa-

133 4003 250 4096 riafrp,
278 3998 639 4096 &Idiffuadentibus
652 4003 831 4057 paternis
844 4002 979 4045 'amicvs
989 4031 1004 4053 ,
1030 4000 1232 4045 inchoavit
1242 4031 1256 4052 ,
1283 4005 1438 4100 tagtam
1459 4013 1504 4045 ut
1508 4004 1639 4058 fratri
1647 4007 1691 4057 se
1706 4005 1755 4050 ἐν
1772 4007 1941 4060 operibus
1956 4003 2005 4050 όν
2022 4005 2242 4098 cltgnlatt'one

223 4070 289 4096 om.
343 4086 351 4094 .
2066 4073 2090 4098 a
2118 4072 2243 4114 aqua-
