2491 4219
248 135 313 181 14
608 121 611 124 ⁴
877 123 1134 171 suem
1215 127 1706 179 SEVERUs

307 183 418 279 cog]
450 185 496 223 A?
525 197 564 224 A.
583 198 694 246 ,ΡΑΤ
709 199 751 227 R.
782 187 937 229 Colonia
963 190 1137 245 Augusta
1165 190 1269 232 Aroe
1293 193 1502 247 Patrensts.
1533 196 1667 252 Caput
1685 195 1870 238 muliebre
1886 198 2086 246 turritum,
2115 213 2222 254 pone
2239 204 2349 258 quod

403 251 634 294 ornucopiae.

283 372 290 379 ⁶
306 317 441 371 Caput
457 318 638 358 muliebre
658 320 832 361 turritum
848 348 861 368 ,
889 308 1212 384 vulgare-urbium
1231 323 1444 378 symbolum
1463 328 1538 369 esse
1560 343 1641 370 non
1661 330 1775 372 semel
1794 331 1986 379 diximus,
2015 333 2126 388 quod
2148 333 2269 376 Patrae
2283 336 2348 378 sae-

251 386 339 428 pius
359 372 605 427 usurparunt,
632 372 696 414 seu
715 387 758 416 ut
777 377 866 416 urbs
885 377 1140 418 memorabssis
1156 378 1257 419 dieta
1273 381 1470 428 Straboni,
1499 383 1562 424 seu
1581 396 1625 425 ut
1641 387 1796 442 antiqua
1808 414 1820 434 ,
1847 387 1939 436 Silio
1960 401 1976 428 1
1989 401 2023 440 5.

771 431 871 471 Urbe
886 432 973 472 olim
989 435 1113 472 veteri
1120 433 1318 487 gaudebat
1333 436 1489 476 Achaia
1506 438 1654 480 Patris.
2426 468 2442 484 ε·

252 482 331 523 Alii
357 482 487 523 Patras
509 482 642 522 urbem
660 483 682 523 a
697 483 836 527 Patreo
858 487 1066 542 Preugenis
1085 487 1163 528 filio
1183 488 1380 530 conditam
1397 504 1613 535 memorant
1631 511 1638 535 :
1665 496 1726 536 alii
1748 498 1872 538 Aroes
1900 498 2006 552 prius
2026 497 2137 540 diffie
2152 502 2358 554 pomoerim
2423 489 2441 533 s·

252 538 403 578 tantum
430 536 613 590 ampliato
635 551 802 581 veterem
829 542 966 595 oppidi
988 543 1175 583 ambitum
1192 558 1299 584 novo
1317 544 1500 586 inclusisse
1519 549 1682 592 tradunt.
1711 551 1938 594 Plutarchus
1957 564 2086 594 autem
2104 555 2345 599 Alcibiadem
2376 591 2379 595 .
2434 543 2436 547 y

251 592 291 632 in
317 594 399 644 ejus
425 592 502 631 vita
525 591 764 635 Patrensibus
789 596 955 643 suasisse,
987 609 1030 638 ut
1054 599 1171 639 muris
1196 600 1389 654 utrimque
1415 605 1649 655 exporreffls
1671 606 1804 646 urbem
1829 621 1919 649 cum
1944 609 2038 648 mari
2055 609 2344 666 conjungerent.

250 645 397 707 Turres
413 645 522 700 supra
540 660 655 702 caput
671 651 836 691 mulieris
856 652 1001 705 apponi
1017 653 1215 700 videntur,
1242 667 1401 708 propter
1425 657 1536 710 quod
1562 661 1674 701 urbes
1691 664 1730 700 δε
1747 676 1850 703 arces
1867 663 1907 703 in
1923 663 2137 705 summitate
2154 668 2345 708 montium
2400 694 2402 696 v

251 713 463 755 antiquitus
480 703 752 746 extruebantur
769 721 776 744 :
805 707 892 746 urbs
907 719 1034 748 autem
1054 708 1241 750 Patrensis
1257 710 1296 750 in
1315 710 1422 752 edito
1442 712 1530 753 loco
1552 727 1630 756 erat
1647 716 1823 764 condita,
1851 732 2057 773 arcemque
2084 719 2270 768 habebat,
2295 736 2346 763 ex

248 756 442 861 Pas-llllhnla.
471 766 619 802 Ποιτςείἷστ
635 765 667 798 δὲ
684 768 715 800 'w
730 764 812 813 ἄκρᾳ,
826 771 863 814 τῇ
878 765 954 806 πόλέ
967 767 1114 810 Λοίφαοις
1130 769 1197 815 ἱερόν
1212 774 1266 807 ἐςτν
1282 773 1472 817 Αςτὲμιδθ.
1501 769 1573 821 Est
1595 771 1842 824 Patrenstbus
1862 776 1905 815 in
1920 788 2007 815 arce
2030 775 2214 830 Laphriae
2231 777 2342 818 Dia*

249 824 309 852 71ae
343 825 465 852 anum.

303 888 386 930 Hic
405 904 576 934 nummus
580 894 760 946 flecundae
783 895 831 941 ὀ
845 897 1152 952 minimaeformae
1168 899 1306 940 obvius
1324 900 1387 952 est.

1007 1001 1589 1050 PTOLEMAls
2326 976 2427 1067 ”J

249 1617 266 1648 1
279 1618 315 1646 M
328 1620 363 1646 P.
395 1621 430 1646 c.
461 1621 501 1646 L.
534 1621 553 1646 s
567 1621 636 1647 121³.
669 1622 687 1648 s
702 1623 725 1648 E
738 1623 763 1650 v
776 1624 798 1649 F,
815 1624 844 1650 R
857 1624 884 1651 v
897 1625 930 1651 s.
962 1611 1097 1667 Caput
1119 1609 1281 1665 Augusti
1300 1607 1522 1649 laureatum.

305 1676 329 1702 c
339 1676 365 1701 o
376 1676 412 1701 L.
443 1675 464 1701 Ρ
478 1676 502 1701 T
516 1677 542 1702 o
556 1678 594 1704 L.
625 1664 779 1704 Colonia
801 1665 1025 1705 Ptolemais.
1054 1667 1187 1720 Caput
1206 1664 1396 1720 Serapidis
1410 1677 1498 1705 cum
1521 1663 1667 1704 modio,

303 1739 510 1781 Ptolemais
527 1741 616 1781 urbs
634 1739 842 1784 Phoeniciae
858 1743 1048 1790 littoralis,
1077 1743 1128 1784 de
1144 1758 1221 1798 qua
1237 1744 1382 1784 distum
1400 1743 1454 1784 est
1468 1743 1507 1782 in
1517 1742 1708 1789 Claudio,
1736 1741 1922 1791 Nerone,
1952 1746 1991 1784 &
2008 1742 2200 1798 Trajano,
2228 1739 2350 1787 Colo·
2412 1735 2430 1751 ’

251 1796 314 1837 nia
328 1797 350 1835 a
365 1796 534 1836 Claudio
550 1797 737 1844 dedusta,
767 1798 868 1838 nulla
885 1799 1127 1840 immunitate
1144 1812 1280 1853 praeter
1297 1798 1476 1840 Coloniae
1493 1798 1645 1839 titulum
1662 1798 1804 1839 donata
1826 1799 1900 1846 est,
1928 1797 1957 1839 fi
1982 1799 2195 1854 Ulpianum
2219 1801 2352 1844 audias

250 1851 313 1890 lib.
339 1865 368 1890 1.
391 1851 441 1891 de
457 1851 657 1892 Censibus.
689 1853 980 1904 Ptolemenfium
996 1856 1097 1894 enim
1113 1855 1289 1901 Colonia,
1318 1868 1400 1910 quae
1417 1857 1518 1894 inter
1534 1854 1756 1894 ‘Phoenicem
1773 1851 1820 1897 ὠ
1845 1853 2180 1907 Palaestinamfita
2197 1855 2269 1909 est,
2295 1855 2359 1899 nil
2426 1863 2433 1882 ·’

239 1910 385 1960 pr‘aeter
396 1920 526 1946 nomen
535 1909 569 1948 C
567 1907 696 1948 oloniae
709 1908 834 1949 habet.
863 1910 1013 1964 Serapis
1023 1924 1109 1950 cum
1123 1911 1260 1951 modio
1269 1911 1308 1950 in
1326 1910 1498 1965 plurimis
1509 1908 1715 1949 Phoeniciae
1726 1911 1764 1948 ὃ(
1774 1908 1977 1950 Palaestinae
1993 1911 2159 1952 nummis
2167 1913 2352 1962 occurrit,

248 1961 360 2014 cujus
378 1962 524 2002 cultum
540 1962 610 2002 illae
625 1964 737 2005 urbes
749 1978 797 2004 ex
809 1964 988 2020 AEgypto
997 1993 1009 2012 ,
1039 1966 1106 2006 ubi
1125 1966 1271 2006 summa
1283 1966 1531 2007 veneratione
1545 1964 1728 2012 habetur,
1756 1977 1986 2020 acceperunt
2001 1981 2009 2006 :
2037 1966 2233 2021 supremus
2246 1967 2358 2010 enin}

248 2028 330 2057 erat
347 2017 428 2070 ejus
444 2018 650 2071 provinciae
667 2019 797 2066 Deus,
827 2021 1085 2075 testeJuliano
1101 2022 1141 2062 in
1159 2022 1272 2063 Caess?
1299 2025 1354 2063 Καὶ
1370 2028 1384 2060 o‘
1400 2025 1474 2062 zovc
1489 2049 1501 2067 ‚
1524 2026 1642 2061 ἀπιδών
1665 2024 1746 2068 ,πῶς
1767 2023 1809 2060 eir
1829 2025 1965 2068 ἀδελφὸν
1981 2027 2057 2061 aia&
2073 2025 2216 2072 Σοίςφιπιν
2231 2049 2243 2068 ,
2264 2025 2314 2075 233
2327 2026 2370 2062 ἓ·
2424 2023 2426 2026 ’

252 2071 477 2107 Οὖεπαστανδν
506 2071 604 2115 δείξω,-
618 2097 628 2114 ,
659 2077 763 2121 Πέμπε
779 2098 790 2115 ,
818 2072 879 2109 εἶπε
894 2099 905 2115 ,
936 2076 958 2109 θ’
986 2080 1139 2122 σμικρρἶνον
1165 2081 1246 2113 τέτον
1276 2078 1338 2114 37ιῦ
1365 2082 1404 2113 ‘ri‘
1433 2079 1552 2121 Affinis
1580 2082 1697 2125 ταχέως
1713 2103 1724 2119 ‚
1754 2079 1799 2114 ἵνα
1829 2077 1884 2114 'isui
1906 2078 2007 2124 φλόγι
2030 2077 2140 2115 minim
2161 2081 2359 2126 mmsssoqu'

249 2118 411 2161 Deinde
426 2120 583 2174 Jupiter
597 2121 793 2176 derepente
809 2124 865 2163 ad
872 2125 1039 2178 Serapim
1047 2125 1216 2175 fratrem
1220 2127 1338 2176 suum
1356 2127 1576 2177 conversus,
1606 2127 1864 2182 Vespasianum
1883 2128 2071 2180 ostendens
2080 2156 2093 2176 ,
2119 2128 2266 2178 Mitte,
2293 2130 2371 2170 im:
2395 2155 2398 2161 n
2416 2131 2435 2158 -”

248 2177 336 2231 quit
351 2203 364 2223 ,
393 2175 442 2219 ό*
458 2176 559 2217 hunc
571 2188 734 2232 parcum
751 2175 799 2222 ὠ
814 2178 1023 2231 restricium
1042 2182 1169 2220 virum
1183 2207 1197 2227 ,
1225 2181 1338 2236 quam
1356 2181 1526 2232 citiffi‘me*
1539 2181 1632 2233 fieri
1648 2185 1793 2236 poterit
1807 2210 1820 2230 ,
1847 2196 1896 2224 ex
1913 2185 2112 2239 QAEgypto
2127 2211 2141 2232 ,
2166 2186 2234 2239 qui
2250 2183 2378 2239 hams-i
2428 2226 2429 2229 ,

238 2230 441 2284 flammam
457 2234 667 2289 extinguat.
706 2233 770 2274 De
784 2234 868 2288 ejus
884 2234 1037 2276 calatho
1053 2235 1150 2290 quid
1171 2235 1307 2277 dixerit
1323 2237 1568 2284 Macrobius,
1598 2238 1688 2279 vide
1705 2238 1744 2278 in
1764 2238 1990 2281 Domitiano
2005 2254 2093 2295 pag.
2118 2242 2210 2295 138.
2363 2248 2367 2255 ’

304 2309 393 2352 Hic
405 2324 578 2352 nummus
580 2311 744 2364 secundi
760 2310 807 2357 ἐπ’
823 2314 970 2354 minimi
985 2313 1125 2354 moduli
1138 2324 1209 2369 pro
1226 2328 1311 2355 raro
1330 2314 1378 2359 ἄν
1392 2314 1584 2370 conspicuo
1599 2315 1804 2358 habendus.

258 2946 322 2975 1M
332 2945 366 2972 P.
396 2943 433 2970 c.
462 2943 501 2969 L.
535 2940 553 2966 s
567 2941 604 2966 E.
637 2939 655 2965 s
669 2939 692 2964 E
705 2939 731 2965 v
746 2939 769 2964 E
785 2939 813 2965 R
827 2939 852 2964 v
865 2938 897 2965 s,
929 2939 957 2965 A
971 2938 1050 2965 vo.
1081 2924 1216 2978 Caput
1234 2923 1361 2964 Severi
1381 2923 1603 2964 laureatum.
1992 2975 1999 2982 .
2422 2979 2423 2982 ¹

313 3003 337 3029 c
348 3001 373 3026 o
386 3001 422 3026 L.
453 2998 473 3024 Ρ
487 2997 510 3022 T
523 2997 548 3022 0
560 2996 598 3022 L.
628 2980 783 3021 Colonia
802 2980 1028 3020 Ptolemais.
1059 2980 1192 3033 Caput
1211 2979 1342 3018 medio
1359 2979 1516 3031 pastore
1531 2990 1664 3024 tenus,
1692 2975 1807 3017 barba
1823 2976 1969 3031 prolixa
1987 2989 2028 3017 m
2044 2976 2191 3018 floccos
2206 2992 2352 3023 convo·
2416 2987 2427 3030 ’ζ-

368 3039 447 3081 luta
458 3066 470 3086 ,
499 3041 537 3077 &
554 3036 725 3091 plurimis
739 3035 858 3076 veluti
873 3035 1052 3075 cornibus
1069 3046 1245 3074 ornatum
1256 3060 1268 3080 ,
1295 3045 1385 3073 ante
1401 3033 1511 3087 quod
1527 3033 1779 3086 cornucopiae.

313 3118 527 3167 Cuiusnam
551 3113 735 3155 Numinis
759 3113 835 3153 hoc
854 3124 971 3166 caput
994 3111 1086 3153 esset
1102 3112 1142 3151 in
1167 3110 1529 3152 Ptolemaidensium
1546 3111 1712 3150 nummis
1729 3109 1971 3164 obsignatum
1989 3111 2255 3164 pronuntiare,
2283 3111 2381 3154 diu·'
2425 3126 2428 3131 ·

261 3168 446 3227 ancipites
460 3170 635 3212 haefimus
645 3197 656 3216 ‚
686 3184 729 3209 ac
751 3168 872 3208 modo
889 3168 979 3208 illud
996 3167 1046 3207 ad
1062 3167 1204 3207 Panem
1226 3167 1278 3207 ob
1294 3180 1435 3206 cornua
1452 3167 1556 3207 velut
1572 3166 1734 3212 hircina,
1762 3165 1916 3206 tandem
1932 3166 1983 3206 ad
1998 3166 2134 3206 Nilum
2151 3166 2226 3208 effi:
2241 3181 2371 3213 rever
2419 3180 2422 3182 ·

263 3231 428 3270 candum
441 3227 611 3280 suspicati
624 3225 762 3265 sumus.
799 3222 1142 3268 Ptolemaidenses,
1159 3234 1202 3262 ut
1218 3222 1386 3276 Serapim
1405 3235 1451 3261 ex
1464 3221 1640 3277 AEgypto
1654 3233 1883 3275 acceperunt
1893 3249 1905 3269 ,
1923 3222 1975 3262 ita
1991 3225 2029 3261 ὃ(
2042 3221 2203 3269 Nilum,
2231 3235 2351 3276 quem

263 3284 456 3337 utJovem
468 3281 643 3336 AEgyptii
657 3280 854 3325 colebant,
879 3278 928 3319 de
942 3293 1024 3332 quo
1041 3279 1175 3318 citatur
1186 3277 1430 3318 Parmenides
1447 3278 1484 3316 in
1499 3279 1643 3318 Graecis
1652 3278 1874 3317 Comment.
1902 3280 2028 3322 Atyv‘afhe
2046 3280 2118 3316 Ζευς
2134 3284 2233 3316 Νεῖλε.
2261 3277 2352 3318 Flu.
2419 3314 2436 3322 ⁴

263 3340 413 3380 viorum
430 3338 623 3377 simulacra
639 3336 678 3375 in
696 3334 861 3375 nummis
876 3347 963 3374 cum
981 3332 1169 3387 ejusmodi
1188 3332 1302 3373 barba
1320 3333 1516 3386 incompta
1533 3336 1571 3372 δε
1589 3332 1730 3387 capillis
1744 3332 1907 3373 horridis
1922 3332 2169 3378 exhibentur,
2198 3343 2242 3373 ut
2256 3331 2354 3387 saepe
2407 3358 2416 3374 .-

264 3393 382 3448 ipfius
407 3393 489 3432 Nili
512 3391 657 3445 effigies
682 3391 719 3430 in
745 3389 941 3443 AEgyptiis
963 3388 1127 3429 occurrit
1145 3402 1154 3426 t
1182 3402 1325 3428 cornua
1345 3388 1413 3428 illis
1434 3400 1682 3442 apponuntur
1698 3387 1746 3428 ad
1767 3387 1909 3428 diversa
1925 3401 2057 3428 eorum
2078 3387 2171 3428 ostia
2189 3387 2227 3428 in
2247 3401 2352 3428 mare

265 3447 505 3490 effundentia
520 3444 738 3486 denotanda
750 3471 762 3491 ‚
790 3443 894 3484 unde
911 3444 1092 3499 Virgilius
1110 3442 1199 3483 AEn.
1222 3446 1255 3484 8.
1277 3443 1463 3484 Rhenum
1482 3456 1593 3484 vocat
1610 3444 1814 3483 Bicornem
1833 3458 1840 3482 :
1871 3443 1986 3483 Nilus
2000 3443 2093 3483 vero
2108 3441 2270 3497 plurima
2286 3443 2354 3484 ha-
2404 3447 2431 3516 'l
2489 3453 2491 3464 ⁴

267 3505 357 3545 bere
373 3499 524 3542 videtur
535 3526 548 3547 ,
567 3500 677 3555 quod
689 3497 732 3541 in
748 3499 891 3555 septem
903 3528 915 3548 ,
936 3513 977 3541 ut
993 3499 1138 3546 ferunt,
1156 3498 1327 3546 brachia,
1344 3499 1557 3546 dividatur,
1587 3511 1630 3539 ut
1645 3499 1747 3539 canit
1761 3497 1841 3552 ipse
1857 3497 2040 3554 Virgilius
2054 3496 2146 3538 AEn.
2160 3503 2197 3538 6.

749 3572 809 3613 Et
820 3571 965 3625 septem
975 3572 1120 3626 gemini
1138 3570 1298 3612 turbant
1313 3569 1447 3625 rapida
1461 3568 1551 3621 ostia
1569 3568 1671 3609 Nili.

268 3639 528 3695 Cornucopiae
545 3638 773 3683 fertilitatem
790 3646 829 3682 ὃς
848 3641 1000 3698 frugum
1019 3642 1191 3683 omnium
1208 3641 1477 3682 abundantiam
1495 3638 1646 3680 indicat.

326 3728 410 3769 Hic
423 3741 593 3769 nummus
600 3727 777 3779 secundae
793 3728 1065 3786 magnitudinis
1080 3731 1180 3770 inter
1195 3727 1390 3780 rarifflmos
1407 3724 1668 3768 numerandus.
