2491 4219
229 160 320 211 156
612 120 621 131 ’
827 143 1719 202 TRANQUILLINA.

225 233 284 259 φο
297 223 319 259 τ’
332 229 365 256 Ρ.
396 228 418 255 c
432 228 458 254 A
473 226 589 256 mm
602 226 644 253 A.
674 224 698 252 ‘r
712 224 732 251 ι’
748 225 773 251 A
787 223 929 252 NKYA
943 226 970 251 A
983 226 1039 251 rN
1054 227 1096 252 A.
1129 226 1235 252 can.
1265 213 1399 267 Caput
1413 214 1574 255 Sabiniae
1591 210 1877 267 Tranquillinae.
1919 250 1922 253 .

282 286 319 313 M
331 287 359 312 H
370 286 394 311 T
408 286 428 310 Ρ
439 285 474 312 ο.
505 284 530 310 ι(
543 284 568 308 o
581 282 620 307 A.
653 281 677 307 E
689 279 713 304 Δ
723 283 745 307 E
761 282 782 307 c
796 283 818 308 c
829 283 857 307 H
869 281 897 306 N
910 278 937 303 Ω
949 281 991 307 N.
1023 271 1232 311 Μητςοπέλεως
1246 274 1392 308 Κολωνίαε
1408 275 1581 312 εὸεωηνῶν.
1622 271 1755 323 Caput
1768 267 1953 309 muliebre
1972 268 2146 310 turritum
2163 273 2203 311 δε
2220 270 2320 313 vela-

338 339 442 373 tum,
469 338 558 366 ante
572 323 682 378 quod
698 323 894 369 columna,
923 321 1033 377 supra
1053 337 1171 377 quam
1192 324 1328 364 Dianae
1344 323 1504 378 fignum.

284 404 421 445 Edessa
441 404 529 443 urbs
549 401 843 455 Mesopotamia:-
860 427 871 446 ,
899 399 1192 441 Osrhoenorum
1217 401 1373 456 Regum
1395 401 1488 441 olim
1511 401 1618 442 sedes
1634 429 1647 448 ,
1677 402 1832 456 Abgaro
1852 402 1873 442 a
1893 401 2087 442 Caracalla
2104 403 2226 444 ablata
2241 431 2254 451 ‚
2282 408 2322 445 &

230 462 398 502 Colonia
414 459 508 498 fffla
526 485 537 504 ‚
565 469 745 497 nummos
765 455 970 496 Gordiano
985 456 1279 511 Mesopotamia:
1297 457 1489 497 liberatori
1507 483 1519 502 ‚
1548 461 1587 497 &
1602 457 1877 511 Tranquillinae
1900 458 2010 497 uxori
2031 457 2172 499 itineris
2189 460 2322 501 comiti
2384 461 2407 475 '⁴

231 516 464 557 blandientes
484 513 719 553 dedicarunt.
757 511 956 551 Tristanus
976 522 1068 552 tom.
1086 526 1120 552 2.
1142 525 1229 567 pag.
1254 525 1343 562 519.
1366 513 1565 567 Abgarum
1582 511 1781 566 superioris
1799 513 1919 567 Regis
1937 512 2053 552 filium
2073 528 2140 568 per
2156 514 2321 555 Gordia·-
2405 526 2406 529 ’

229 585 321 612 num
345 572 382 609 in
405 568 570 609 ditiones
593 568 675 607 suas
698 567 719 606 a
735 565 854 606 Perfis
870 579 1074 621 occupatas
1091 568 1303 608 restitutum
1320 579 1546 623 auguratur,
1576 568 1628 607 ob
1650 568 1834 622 plurimos
1850 570 1898 608 ab
1912 567 1989 608 hoc
2008 568 2120 624 Rege
2139 583 2320 611 nummos

229 641 316 668 cum
334 624 579 677 Imperatoris
596 622 723 677 effigie
739 621 930 676 percussos
949 636 957 661 :
985 623 1183 677 Abgarum
1199 623 1359 676 quidem
1379 637 1467 663 cum
1484 622 1687 663 Gordiano
1707 624 1836 678 copias
1853 623 1934 664 suas
1950 625 2186 677 conjunxisse
2203 625 2321 665 mani-

228 681 365 722 festant
385 680 467 732 ejus
487 679 634 720 nummi
651 705 663 723 ‚
690 679 728 716 in
747 677 885 731 quibus
907 690 954 716 ex
973 691 1050 718 una
1065 690 1171 732 parte
1190 678 1381 718 Gordiani
1397 690 1513 733 caput
1530 705 1542 724 ,
1571 692 1617 718 ex
1637 678 1751 719 altera
1768 679 1944 734 Abgarus
1963 693 2081 733 eques
2096 708 2108 727 ,
2137 692 2321 736 tanquam

226 735 305 788 ipsc
323 748 460 788 agmen
480 734 623 774 ducens
641 732 777 772 vifitur.
815 733 947 786 Caput
966 733 1151 774 muliebre
1168 761 1180 780 ‚
1211 734 1362 774 Genius
1385 735 1439 774 est
1459 733 1658 780 Coloniae‚
1687 732 1842 775 solenne
1860 735 2010 775 urbium
2028 735 2321 790 Mesopotamiae

226 791 448 844 symbolum.
486 790 610 829 Diana
627 787 815 828 columnae
832 787 1033 842 impolita,
1062 788 1116 828 sui
1134 789 1278 829 cultum
1300 789 1447 829 Edeffae
1463 788 1649 845 fignificat
1665 809 1678 836 3
1707 789 1768 830 illa
1786 804 1915 831 arcum
1932 790 2055 845 gerit,
2084 791 2178 832 Deae
2193 791 2322 834 Vena-

227 847 328 886 tricis
345 845 499 900 insigne.

281 923 365 965 Hic
384 936 555 965 nummus
564 923 702 978 primae
717 920 992 977 magnitudinis
1012 919 1294 976 elegantiſjfmus
1310 921 1368 972 est.

937 1017 1447 1068 LAODICE'A
1499 1027 1624 1081 Syriae.

230 1629 463 1657 sAssrNIA
496 1628 564 1655 Tit
580 1627 939 1665 ANQvlLLINA
974 1627 1094 1654 AVG.
1134 1612 1267 1668 Caput
1282 1611 1569 1667 Tranquillinae.
1763 1662 1767 1666 .

283 1687 307 1713 c
317 1686 343 1712 o
357 1687 395 1711 L.
427 1686 453 1711 L
465 1685 491 1710 A
505 1684 531 1710 o
544 1685 569 1710 D
582 1684 596 1709 1
608 1685 630 1710 c
643 1684 666 1709 E
681 1683 708 1708 A
722 1683 740 1708 s
771 1683 808 1708 M
820 1684 844 1709 E
858 1683 882 1708 T
894 1682 925 1708 R
935 1683 961 1709 o
972 1682 993 1708 Ρ
1004 1684 1029 1709 o
1041 1684 1066 1709 L
1077 1684 1100 1709 E
1112 1682 1138 1709 0
1150 1683 1180 1708 s.
1218 1669 1379 1709 Coloniae
1397 1672 1567 1709 Aoeodlna'ooe
1585 1665 1842 1723 Metropoleos.
1877 1667 1925 1708 In
1944 1681 2029 1710 area
2056 1682 2090 1710 Δ.
2105 1684 2141 1711 E.
2169 1676 2327 1724 Δημαςκς

338 1735 387 1769 aar
400 1729 526 1773 ἐξερέοις.
562 1724 776 1779 Templum
792 1724 970 1779 dist'ylum
982 1751 995 1771 ‚
1023 1725 1062 1764 in
1080 1738 1161 1779 quo
1179 1725 1322 1779 Aquila
1338 1725 1406 1765 alis
1422 1723 1610 1779 expanfis.

282 1804 473 1844 Laodicea
489 1803 603 1858 Syriae
620 1803 709 1844 urbs
725 1802 915 1850 littoralis,
944 1803 1113 1844 Colonia
1129 1808 1168 1844 &
1187 1803 1422 1857 Metropolis
1439 1804 1459 1844 a
1476 1803 1580 1857 Sept.
1594 1802 1737 1844 Severo
1752 1801 1852 1842 facia
1862 1828 1875 1848 ‚
1902 1801 1953 1843 de
1969 1816 2045 1857 qua
2059 1802 2145 1846 fuse
2159 1805 2200 1846 in
2212 1806 2333 1851 Cara-'

227 1860 320 1901 calla
337 1860 501 1900 diximus
517 1886 529 1905 ‚
557 1858 661 1900 hunc
679 1873 883 1899 nummum
899 1858 1176 1914 Tranquillinae
1195 1873 1283 1900 cum
1302 1860 1507 1901 Gordiano
1529 1859 1568 1899 in
1589 1858 1693 1913 Syria
1711 1858 1876 1899 moranti
1898 1857 2074 1912 percuffit
2091 1875 2100 1900 ;
2126 1860 2330 1906 Laodiceae

229 1929 373 1956 nomen
399 1915 490 1956 huic
509 1914 591 1955 urbi
616 1915 638 1954 a
654 1915 815 1956 Seleuco
831 1915 871 1955 in
886 1916 1014 1956 matris
1028 1910 1217 1957 Labdices
1235 1916 1464 1956 memoriam
1482 1914 1616 1956 datum
1634 1916 1688 1956 est
1704 1942 1717 1962 ‚
1745 1914 1827 1955 haec
1847 1914 1953 1968 apud
1971 1914 2206 1970 Stephanum
2222 1919 2331 1974 prius

228 1970 436 2017 Ramitha,
464 1969 529 2010 sed
546 1970 676 2025 potius
694 1970 888 2012 Ramatha
904 1998 917 2017 ,
947 1985 1033 2025 quae
1051 1971 1157 2025 Syria
1172 1970 1302 2026 lingua
1317 1998 1330 2018 ‚
1357 1970 1543 2023 excelsam
1559 1969 1766 2026 fignificat,
1793 1969 1904 2025 qudd
1919 1969 2043 2011 forsan
2059 1971 2098 2012 in
2118 1972 2216 2014 colle
2235 1974 2330 2025 efl'et

229 2026 299 2067 fita
316 2053 328 2073 ‚
359 2030 398 2066 ὃ(
415 2039 555 2066 novam
577 2026 711 2066 urbem
733 2027 773 2066 in
797 2026 926 2068 littore
949 2026 1166 2068 condiderit
1190 2026 1399 2081 Seleucus;
1429 2038 1604 2069 montem
1620 2027 1723 2068 enim
1742 2026 1809 2067 fibi
1828 2026 2089 2069 imminentem
2111 2029 2232 2070 vineis
2249 2030 2330 2086 ple-

228 2095 325 2123 num
341 2081 482 2132 habere
501 2093 626 2122 narrat
645 2081 781 2122 Strabo
797 2081 857 2122 lib.
875 2096 891 2122 1
902 2096 937 2122 2.
967 2082 1214 2137 AquilaJovi
1228 2082 1349 2130 sacra,
1377 2083 1493 2138 ipfius
1509 2083 1723 2138 symbolum
1740 2082 1793 2123 est
1804 2110 1817 2130 ,
1830 2093 1873 2125 ut
1890 2086 1930 2123 &
1945 2083 2238 2141 vulgatiffimurn
2253 2086 2331 2129 Im-

229 2138 327 2200 perii
346 2136 517 2233 Rongani
535 2136 681 2233 igfigne
691 2156 705 2184 ς
732 2137 866 2177 verum
884 2137 946 2177 illa
961 2138 1002 2177 in
1016 2139 1094 2179 hoc
1111 2152 1275 2182 nummo
1294 2139 1430 2194 templi
1449 2138 1598 2181 aditum
1613 2152 1808 2194 occupans
1824 2165 1839 2186 ‚
1865 2138 1916 2179 ad
1927 2140 2071 2194 Jovem
2094 2142 2226 2197 potius
2243 2151 2340 2199 perg'

227 2205 350 2237 tmere
373 2207 425 2234 no
453 2207 483 2234 is
505 2207 543 2233 vi
573 2205 667 2234 etur.

284 2272 369 2314 Hic
387 2285 559 2314 nummus
565 2270 731 2324 ficundi
749 2269 890 2311 moduli
908 2269 1112 2322 rariſjimus
1131 2269 1190 2323 cst.

688 2392 939 2437 FVRIAE
976 2389 1260 2434 SABINAE
1296 2389 1874 2446 TRANQUILLINAE

774 2460 1262 2509 SANCTISSIMAE
1301 2461 1450 2504 AVG.
1489 2460 1787 2503 CONIVGI

727 2529 987 2574 DOMINI
1021 2528 1079 2571 N.
1117 2527 1245 2568 IMP.
1275 2526 1449 2568 CAES.
1478 2527 1537 2568 M.
1567 2521 1841 2568 ΛΝΤΟΝΙ

1020 2598 1370 2644 GORDIANI
1404 2600 1552 2643 AVG.

1310 2686 1432 2743 Apud
1444 2687 1485 2730 T
1478 2686 1658 2745 ristanum
1671 2695 1761 2730 tom.
1778 2699 1814 2727 2.
1822 2694 1913 2742 pag.
1933 2675 2023 2738 5³45.

1155 3018 1413 3064 &afim
