2491 4219
312 193 376 235 70
875 162 1861 224 DiADUMENiANUS.

372 241 538 289 Astartes
557 241 700 282 cultum
726 241 766 281 in
790 240 982 282 Palaestina
1005 241 1303 294 antiquissimum
1332 242 1440 283 fuiss'e
1460 258 1509 284 ex
1519 244 1695 299 josepho
1713 244 1915 288 novimus,
1946 242 2014 295 qui
2031 241 2130 282 Saiili
2146 241 2268 296 Regis
2286 241 2419 294 occist,

316 300 360 336 δί
385 296 547 337 filiorum
572 311 674 336 arma
700 296 739 335 in
759 296 842 349 ejus
865 298 1013 352 templo
1037 296 1145 337 fuisse
1170 297 1385 337 consecrata
1405 312 1528 340 narrat
1549 301 1683 353 Antiq.
1705 299 1767 339 lib.
1787 303 1823 338 6.
1843 311 1927 351 cap.
1954 312 1968 337 1
1983 311 2012 348 5.
2044 300 2102 334 Koa*
2115 301 2167 337 πὲς
2181 300 2236 346 μὶζδ
2250 306 2418 340 miamin

314 356 407 392 aba&
422 356 564 397 «ἐνέθηκα
579 360 617 391 (ἐς
631 355 665 389 τι)
682 354 825 402 ,mig-cmv
841 358 920 399 {apd-a.
947 352 1122 407 Qorum
1141 366 1249 391 arma
1264 354 1307 392 in
1322 351 1459 405 templo
1475 353 1652 403 Astartes
1671 354 1954 393 dedicaverunt.
1992 353 2131 394 Varius
2155 368 2234 395 erat
2253 357 2421 398 Astartes

317 409 497 454 vestitus,
524 412 561 447 ἅτ
579 408 683 447 varia
696 407 779 460 ejus
796 409 994 452 attributa,
1025 421 1098 460 pro
1113 406 1261 446 diverso
1277 407 1456 447 nimirum
1476 408 1626 448 honore
1647 409 1715 462 ipsi
1733 410 1771 448 in
1788 407 1944 448 diversis
1958 408 2095 461 Syriae,
2125 409 2354 458 Phoeniciae‚
2381 417 2421 453 δε

319 463 524 502 Pal-„estium
541 464 697 502 urbibus
713 463 858 502 tributo
875 478 884 502 z
913 464 995 502 haec
1012 474 1138 502 autem
1155 463 1193 502 in
1211 476 1260 502 eo
1274 462 1409 502 habitu
1423 463 1666 517 depingitur,
1693 478 1774 517 quo
1789 465 1811 503 ὲ
1831 463 1973 517 Bybliis
1989 464 2213 511 Phoenices,
2242 471 2280 506 δε
2297 467 2317 506 ἐι
2333 467 2421 507 Cae-

316 518 540 558 fanensibus
565 518 767 557 Palaestinae
790 518 993 557 colebatur.
1032 518 1094 557 De
1118 532 1162 557 ea
1190 517 1345 557 abunde
1361 518 1401 556 in
1419 518 1642 564 Hadriano,
1672 519 1875 558 Antonino
1890 515 1983 565 Pio,
2012 523 2053 558 δε
2073 520 2166 571 julia
2184 521 2341 562 Domna
2359 522 2419 562 di,

316 575 423 613 &tum
439 573 503 612 est.
535 570 600 611 ma
618 586 737 626 caput
755 573 887 613 dextr-Ji.
904 586 1161 626 papyraceum
1180 574 1296 627 gerit,
1322 571 1431 626 juxta
1450 574 1660 612 Luci-anum
1680 574 1718 612 in
1732 573 1816 613 Dea
1835 574 1939 628 Syria
1959 590 1966 613 :
1995 568 2077 623 eius
2095 577 2188 615 vero
2206 578 2339 630 capitis
2354 592 2419 632 pa*

315 628 470 681 ,pyracei
498 641 545 666 ex
584 627 813 667 Alexandria
843 628 1006 680 Byblum
1035 629 1232 681 appulsus,
1260 627 1508 668 anniversaria
1528 628 1721 668 Adonidis
1741 629 1965 669 celebranda
1989 623 2221 685 designabat.
2279 633 2420 688 Figura

313 697 434 735 quarn
454 682 558 737 pede
570 683 708 729 calcat,
739 682 888 722 Adonis
903 684 957 723 est
979 683 1142 730 fluvius,
1170 685 1340 738 quicum
1357 698 1493 724 cruore
1508 684 1765 730 inficiebatur,
1794 696 1946 737 tempus
1969 684 2128 740 lugendi
2154 688 2346 729 Adonidis
2364 703 2420 729 ar-

313 738 468 793 guebat.
499 737 671 779 vietor-ia
691 739 881 778 columna*
898 738 1075 793 imposita
1088 766 1101 785 ,
1131 740 1290 780 Astartae
1307 753 1491 780 coronam
1509 740 1727 794 porrigens,
1757 739 1855 793 slepe
1875 740 1965 779 huic
1985 741 2080 781 Dea·
2104 756 2234 782 comcs
2252 744 2290 782 in
2309 758 2420 785 num*-

313 794 388 834 mis
413 795 615 840 tribuitur,
644 794 683 833 in
708 794 785 834 hoc
810 795 973 849 gemina:
996 795 1082 835 sunt
1107 794 1199 834 hinc
1225 799 1264 834 δε
1287 794 1380 834 inde
1397 795 1516 849 globo
1534 794 1771 841 insistentes-²
1801 807 1927 835 utrum
1944 796 2056 850 igitur
2073 796 2122 836 ad
2142 798 2315 838 Astarten
2333 800 2419 854 spe-

312 850 420 945 giant
436 877 451 896 ,
483 865 536 890 an
562 850 656 890 vero
679 849 732 889 'ad
761 850 978 890 Macrinum
995 877 1007 897 ,
1036 863 1221 904 tanquam
1244 850 1293 890 de
1315 850 1464 890 Parthis
1494 854 1533 890 δε
1561 850 1875 890 Pseudantonino
1903 851 2088 892 νὲἑῖοτεηῑ
2108 879 2120 899 ,
2155 853 2312 894 videant
2337 869 2421 896 eru-

345 917 394 945 iti.

370 960 480 1001 Alter
495 960 577 1001 fere
594 960 740 1007 similis,
768 961 817 1001 ab
834 961 976 1001 Erizzo
992 975 1077 1015 pag.
1095 965 1190 1013 463.
1211 963 1249 999 ὃς
1266 960 1314 1000 ab
1331 959 1478 1000 Oiselio
1495 961 1570 1001 tab.
1593 973 1652 1011 17.
1671 960 1848 1015 vulgatur
1864 976 1873 1000 t
1899 961 2067 1001 Oiselius
2081 975 2209 1003 autem
2226 964 2420 1005 Commo·

311 1015 437 1056 dianae
456 1018 558 1057 urbis
575 1016 689 1056 AEliae
709 1030 854 1056 nornen
871 1016 939 1069 ipsi
960 1017 979 1055 a
995 1015 1226 1056 Commodo
1243 1015 1494 1062 collocatum,
1522 1016 1570 1056 ab
1597 1015 1800 1056 Hadriano
1828 1017 1866 1055 in
1895 1016 2062 1057 Caesonii
2079 1018 2293 1059 Commodi
2307 1020 2356 1060 ab
2371 1032 2420 1061 eo

311 1071 489 1126 adoptati
506 1073 734 1112 memoriam
751 1072 878 1112 eidem
900 1071 1013 1111 AEliae
1030 1071 1251 1125 impositum
1273 1085 1471 1126 perperam
1497 1072 1610 1112 tradit
1631 1087 1638 1110 :
1670 1072 1793 1112 Deam
1811 1073 1904 1112 vero
1925 1073 2121 1119 Astarten,
2151 1074 2420 1116 Commodum
2460 1083 2480 1103 ·’

308 1127 390 1167 esse
407 1127 597 1168 existimat
619 1149 629 1174 τ,
660 1128 794 1167 dextri
817 1128 977 1181 globum
1003 1141 1074 1182 pro
1094 1128 1220 1181 capite
1243 1128 1433 1182 Serapidis
1452 1141 1607 1182 gerere,
1637 1128 1728 1167 lae'va
1751 1127 1898 1167 hastam
1917 1128 2137 1169 Divinitatis
2154 1140 2226 1182 pro
2245 1130 2420 1184 sceptro:

312 1183 418 1236 pede
438 1183 597 1237 globum
620 1198 692 1237 pro
719 1183 828 1222 fluvii
849 1184 1003 1238 capite,
1032 1186 1070 1222 &
1096 1184 1180 1223 haee
1204 1184 1335 1223 omnia
1359 1183 1410 1223 ad
1425 1184 1528 1223 orbis
1554 1196 1737 1224 terrarum
1759 1184 1961 1237 imperium
1982 1183 2246 1229 denotandum
2262 1185 2419 1239 profert,

313 1238 473 1278 Theod.
492 1238 657 1278 Rickius
674 1239 734 1278 lib.
755 1239 806 1278 de
823 1239 991 1292 Capitol.
1014 1238 1132 1279 Rom.
1153 1253 1239 1293 pag.
1263 1244 1324 1285 56.
1345 1239 1543 1284 Astarten,
1563 1239 1587 1293 J
1592 1253 1707 1279 ovem
1724 1238 1912 1280 radiatum
1931 1253 2021 1280 cum
2038 1239 2159 1295 globo
2178 1244 2217 1281 &
2236 1237 2340 1282 hasta
2357 1255 2420 1282 at-

308 1294 482 1334 hitratur.
513 1294 700 1334 Rickium
717 1294 898 1348 sequutus
914 1296 968 1336 est
984 1296 1102 1336 Com.
1122 1293 1506 1349 Mediobarbuspag.
1525 1308 1617 1347 309.

368 1371 452 1412 Hic
465 1371 805 1424 nnmmzrsfi’cundi
820 1372 961 1413 modu-li
978 1371 1192 1424 rarifflmus.

1000 1469 1560 1511 ANTIOCHJA
1611 1471 1736 1522 Syme„

312 2007 364 2051 33¹2.
394 2023 423 2048 o
435 2020 495 2048 ΠΕ
507 2018 543 2048 A.
576 2022 602 2048 Λ
616 2021 646 2047 Ν
662 2022 686 2048 T
697 2021 724 2046 o
736 2021 765 2047 N
780 2021 795 2047 1
807 2019 839 2046 N
849 2021 875 2047 o
889 2021 922 2046 c.
951 2005 1086 2060 Caput
1100 2003 1402 2046 Diadumeniani
1422 2000 1501 2044 fine
1516 2003 1652 2044 laurea„

367 2078 403 2105 s.
422 2079 459 2104 e.
491 2078 527 2104 Δ.
546 2077 582 2102 a.
610 2062 956 2116 Senatufconfiaelto.
986 2060 1312 2113 Δημαςχικῆςὲξεσίως
1338 2061 1380 2100 in
1404 2073 1516 2100 area:
1542 2057 1673 2113 aquila
1701 2056 1792 2099 vero
1815 2057 1856 2097 in
1878 2056 1955 2098 ima
1974 2056 2123 2099 nummi
2137 2065 2265 2113 parte,
2293 2059 2422 2098 totum

422 2120 523 2160 intra
542 2118 720 2159 lauream.

365 2198 446 2239 Hic
478 2195 779 2238 Diadumeniani
803 2208 984 2236 nummus
1008 2193 1088 2235 fine
1113 2194 1218 2234 urbis
1243 2193 1424 2239 nomine,
1453 2192 1608 2246 qualem
1635 2192 1677 2231 in
1695 2190 1875 2232 Macrino
1890 2191 2078 2238 vidimus,
2106 2191 2156 2232 ad
2177 2190 2426 2233 Antiochiam

311 2255 429 2310 Syriae
444 2255 631 2309 pertinet,
660 2254 713 2293 ob
733 2252 874 2292 litteras
892 2265 925 2290 s.
946 2265 982 2291 c.
1001 2265 1035 2291 Δ.
1058 2265 1095 2290 E.
1117 2251 1157 2290 in
1174 2249 1355 2290 omnibus
1373 2247 1712 2288 Antiochenorum
1737 2247 2026 2287 numismatibus
2050 2247 2198 2301 semper
2224 2261 2427 2289 occurren-

311 2323 382 2352 tes.
419 2308 663 2363 Lampridius
689 2308 795 2348 enim
821 2307 907 2359 post
931 2306 1097 2351 Macrini
1124 2304 1174 2345 ad
1190 2304 1330 2344 milites
1349 2302 1658 2349 adlocutionem,
1688 2301 2153 2343 Diadumeno-monetam
2174 2310 2272 2344 mox'
2288 2302 2427 2342 Antio·

312 2367 410 2408 chia:
430 2365 613 2420 signatam
630 2363 755 2405 tradit.
788 2361 880 2401 Hdc
896 2360 1036 2401 habito
1051 2361 1247 2406 concione,
1260 2358 1402 2410 statim
1420 2357 1524 2410 apud
1538 2357 1791 2398 Antiochiam
1807 2365 1956 2397 moneta
1973 2359 2166 2397 Antonini
2183 2357 2425 2398 Diadumeni

312 2425 462 2464 nomine
475 2419 644 2475 percuffa
658 2419 720 2473 ess.
752 2417 962 2458 Geminam
983 2415 1093 2456 fuisse
1110 2415 1215 2469 apud
1232 2412 1514 2455 Antiochenses
1527 2412 1643 2467 Syriae
1658 2423 1826 2452 monetae
1843 2411 2061 2459 officinam,
2085 2413 2166 2466 jam
2191 2413 2230 2453 in
2258 2412 2426 2454 Othone

299 2478 482 2518 aadiximus
503 2491 512 2515 t
541 2476 578 2516 in
607 2489 684 2515 una
706 2474 866 2528 quidem
885 2473 1034 2513 nummi
1049 2472 1164 2525 Syriae
1177 2469 1358 2511 Re&oris
1374 2469 1533 2508 nomine
1553 2482 1641 2508 cum
1655 2467 1869 2522 epigraphe
1890 2482 1917 2506 A
1930 2481 1960 2507 N
1975 2482 1999 2507 T
2010 2482 2024 2507 1
2037 2482 2063 2506 o
2077 2482 2100 2507 x
2114 2482 2137 2507 E
2149 2482 2217 2509 ΩΝ
2234 2467 2356 2522 usque
2374 2467 2425 2507 ad

315 2531 550 2574 Caracallum
565 2531 793 2571 caelabantur
810 2544 818 2568 :
846 2529 885 2568 in
905 2529 1020 2568 altera
1038 2529 1131 2567 vero
1150 2526 1252 2566 urbis
1272 2536 1429 2564 moneta
1445 2523 1532 2564 solis
1553 2537 1584 2563 s.
1607 2538 1642 2563 e.
1665 2523 1798 2563 litteris
1820 2522 2005 2576 appositis
2026 2522 2260 2575 signabatur,
2289 2523 2339 2562 ad
2356 2522 2423 2562 de-

300 2587 528 2629 notandam
546 2585 663 2640 ipsius
683 2584 871 2624 cudendae
890 2581 1110 2623 facultatem
1129 2582 1150 2621 a
1165 2581 1358 2633 Pompeio
1375 2580 1435 2619 M.
1452 2579 1522 2619 fibi
1537 2578 1774 2624 concessam,
1802 2578 2135 2619 Senatusconsulto
2162 2577 2269 2618 fuisse
2286 2577 2423 2618 confit-

314 2656 480 2688 matam,
509 2643 571 2682 cui
590 2641 729 2681 additae
747 2639 831 2680 sunt
845 2639 906 2678 11ae
924 2651 1026 2679 nota:
1043 2651 1077 2676 Δ.
1098 2651 1135 2677 Ε.
1156 2649 1199 2677 ut
1213 2635 1400 2676 indicaret
1417 2635 1526 2687 urbs,
1554 2634 1656 2674 illam
1676 2634 1791 2674 etiam
1815 2633 2017 2674 Plebiscito
2043 2632 2257 2680 laudatam,
2286 2635 2327 2674 in
2343 2645 2425 2674 me-

315 2699 479 2741 moriam
498 2696 694 2750 l’ompeii,
720 2696 790 2748 qui
807 2694 1064 2734 Tribunitiam
1085 2692 1315 2746 potestatem
1336 2691 1357 2730 a
1378 2691 1420 2729 L.
1439 2689 1538 2744 Sylla
1558 2690 1764 2730 extin&am
1779 2689 2000 2729 restituerat.
2030 2689 2128 2729 Non
2147 2700 2275 2729 autem
2291 2689 2424 2730 littera:

316 2769 353 2795 Δ.
375 2769 410 2793 n.
431 2754 480 2793 de
494 2753 710 2792 Tribunitia
728 2750 918 2804 potestate
934 2748 1183 2802 Imperatoris
1199 2744 1456 2800 intelligendae
1477 2745 1584 2792 sunt,
1613 2745 1676 2785 cui
1694 2758 1836 2798 nempe
1861 2743 2105 2784 adversantur
2120 2745 2271 2784 nummi
2286 2747 2425 2798 Augu-

313 2805 476 2854 starum,
505 2812 543 2848 ὃς
565 2808 781 2852 Caesarum,
807 2806 848 2844 in
872 2805 1012 2858 quibus
1032 2804 1179 2843 ea'dem
1203 2815 1319 2842 voces
1339 2810 1570 2841 occurrunt:
1600 2800 1703 2842 testis
1723 2799 1768 2840 sit
1785 2800 1849 2840 hic
1865 2800 2073 2840 Herenniae
2090 2798 2294 2840 Etruscillae
2313 2812 2425 2839 num-

316 2879 403 2905 mus
418 2879 491 2918 pro
506 2863 669 2908 caeteris,
697 2862 737 2901 in
752 2875 836 2915 quo
853 2863 953 2900 circa
969 2860 1053 2912 ejus
1070 2858 1239 2912 effigiem
1258 2871 1280 2896 Ε
1293 2870 1313 2895 P
1326 2870 1350 2895 E
1364 2869 1391 2895 N
1407 2869 1434 2894 N
1452 2870 1466 2895 1
1479 2871 1506 2896 A
1541 2870 1564 2896 E
1579 2869 1603 2894 T
1615 2870 1637 2894 P
1649 2870 1675 2895 o
1687 2868 1745 2896 Tc
1758 2869 1783 2894 1<
1798 2868 1889 2895 ῙΛΛ
1901 2869 1929 2895 A
1945 2855 2082 2910 legitur
2098 2870 2107 2894 :
2137 2855 2177 2894 in
2192 2853 2319 2896 aversa
2329 2854 2423 2895 vero

306 2915 424 2975 ‘parte
441 2933 502 2959 ΔΗ
515 2927 550 2958 M
565 2931 592 2957 A
605 2932 627 2957 P
640 2931 676 2957 x.
707 2931 731 2956 E
743 2929 864 2956 ΞοΥΣ
876 2929 890 2954 1
904 2929 931 2954 A
947 2929 982 2954 c.
1001 2914 1098 2953 circa
1115 2912 1300 2952 ambitum
1312 2937 1324 2956 ,
1355 2923 1386 2949 s.
1404 2925 1439 2950 e.
1458 2913 1498 2951 in
1518 2924 1603 2951 arca
1623 2925 1710 2951 cum
1729 2910 1856 2964 aquila
1872 2925 1945 2964 pro
1962 2922 2002 2964 ty
2032 2924 2068 2950 o.
2099 2909 2202 2963 Quis
2221 2909 2324 2950 enim
2340 2909 2423 2949 haec

317 2980 506 3024 Δημειςχινιῆς
522 2975 635 3018 ἐξερέοις
653 2972 770 3011 verba
789 2970 840 3009 ad
860 2969 1095 3009 Etruscillam
1113 2965 1330 3019 Principem
1348 2965 1549 3006 foeminam
1566 2964 1732 3019 spestare
1748 2966 1940 3006 existimet
1958 2969 1973 3005 ?
2047 2979 2090 3005 ec
2105 2966 2220 3006 etiam
2238 2979 2272 3005 s.
2285 2975 2424 3005 c.n0ta

310 3032 355 3070 in
373 3029 450 3069 hoc
474 3026 774 3068 Diadumeniani
794 3039 956 3064 nummo
975 3023 1025 3063 ad
1044 3023 1205 3063 SenatuS
1223 3020 1445 3074 permissum
1466 3021 1650 3073 pertinet,
1680 3021 1790 3114 puod
1814 3021 1979 3062 multum
1998 3016 2104 3061 torfit
2123 3020 2196 3076 Eq.
2214 3017 2392 3061 Patinum
2409 3040 2424 3067 5

304 3082 380 3124 '‘sed
407 3096 498 3124 nota
522 3082 577 3123 cst
604 3079 923 3122 Antiochensium
952 3077 1078 3124 solita,
1105 3077 1157 3116 ob
1173 3087 1370 3116 monetam
1390 3074 1457 3114 sub
1473 3074 1664 3129 Pompeio
1695 3075 1748 3115 ibi
1765 3073 2120 3123 senatusconsulto,
2151 3088 2195 3117 ut
2213 3075 2346 3130 saepius
2365 3075 2423 3116 di-

314 3141 418 3179 {tum
436 3140 491 3180 est
503 3166 515 3184 ,
543 3136 768 3177 concessam.
803 3133 944 3188 Aquila
961 3133 1186 3173 Romanum
1203 3129 1415 3185 Imperium
1435 3128 1618 3186 designat.
2166 3157 2176 3166 .

368 3197 479 3235 Cave
495 3207 545 3233 ne
565 3191 864 3233 Diadumeniani
883 3202 1085 3228 nummum
1103 3186 1209 3241 apud
1227 3187 1344 3227 Com.
1364 3185 1664 3226 Mediobarbum
1681 3200 1768 3241 pag.
1790 3199 1880 3240 309.
1897 3200 1988 3227 cum
2004 3186 2217 3241 epigraphe
2232 3200 2258 3225 A
2270 3198 2420 3226 ΝτῙο-

317 3264 342 3289 x
356 3265 418 3290 ro
431 3264 484 3296 Ν,
515 3250 554 3289 in
571 3263 655 3303 quo
678 3260 753 3288 tres
774 3246 897 3287 Furia:
914 3244 1010 3285 stant
1031 3264 1042 3290 3
1073 3247 1111 3282 &
1131 3242 1291 3283 alterum
1310 3241 1576 3296 Philippijun.
1597 3256 1686 3282 curn
1703 3241 1843 3283 codem
1862 3254 1958 3297 typo
1981 3242 2086 3297 apud
2107 3242 2150 3282 P.
2174 3241 2420 3282 Harduinum

317 3320 404 3360 pag
435 3320 495 3357 54.
513 3305 565 3346 ad
588 3304 837 3345 Antiochiam
859 3301 984 3342 Cariae
1005 3299 1235 3354 spestantes‚
1263 3297 1484 3339 Antiochiae
1504 3298 1619 3353 Syriae
1636 3297 1789 3338 tribuas.

372 3384 454 3424 Hic
469 3398 642 3426 nummus
658 3381 969 3436 minimaeformae
978 3407 990 3428 ,
1018 3378 1042 3420 d
1061 3378 1209 3420 Patina
1211 3388 1304 3434 pag.
1323 3390 1371 3432 32
1377 3389 1415 3430 7,
1434 3375 1637 3432 vulgatus,
1666 3389 1730 3417 nec
1748 3389 1879 3423 rarus,
1907 3389 1973 3417 nec
1988 3373 2125 3416 obvius
2139 3372 2198 3425 est,

318 3915 415 3943 arr.
441 3913 528 3940 nai.
555 3912 657 3940 ΜΗ.
687 3911 762 3937 ori.
788 3910 1099 3938 ΑΝτΩΝιΝοε.
1135 3900 1270 3952 Caput
1290 3892 1588 3937 Diadumeniani
1603 3891 1802 3932 radiatum.

365 3970 523 3998 anmi-xi>
536 3971 570 3998 ιτ.
597 3969 657 3996 ΕΞ.
678 3967 801 3996 rnAT
813 3966 837 3993 ο
851 3971 885 3996 e.
914 3954 1133 3995 Tribunitid
1141 3953 1349 4007 potestate,
1376 3949 1524 4001 Confitl.
1561 3947 1705 4002 Aquila
1725 3946 1791 3988 alis
1805 3941 1987 4001 expansis.
2021 3952 2050 3986 s.
2073 3959 2109 3987 c.
2132 3958 2167 3988 Δ.
2180 3956 2218 3986 Ε.
2235 3943 2388 4039 ίιὲῗίτεει,

2304 4012 2420 4054 egans
