2574 4214
559 197 1708 266 >M.AURELIUS.
2154 220 2242 264 189}

215 265 280 309 Ad
298 266 526 321 Hipponem
547 266 682 308 Africae
701 270 832 308 urbem
849 267 1049 310 littoralem
1067 283 1267 311 nummum
1288 271 1573 317 revocavimus,
1603 272 1712 325 cujus
1731 272 1870 313 litteras
1892 275 2053 316 initiales
2081 291 2113 316 e.
2145 292 2183 317 G.
2216 293 2240 318 1.

161 336 201 368 u.
234 338 266 363 Ρ.
298 338 339 363 A.
371 323 420 363 lic
446 324 678 376 interpretati
702 323 850 368 sumus,
880 323 1034 364 Colonia
1059 325 1223 366 Gemella
1249 326 1364 377 Julia
1388 327 1633 380 ijpostensl&
1661 327 1743 367 Pia
1767 329 1947 382 Augusta.
1978 331 2116 383 Hippo
2132 334 2241 379 urbs,

160 378 315 421 Colonia
332 379 379 418 ab
400 380 601 419 Antonino
616 379 687 418 Pio
705 378 741 418 in
759 378 887 418 Itiner.
907 381 1124 420 nominatur
1143 396 1150 419 :
1178 385 1221 421 A
1244 382 1462 437 Tt‘rzgitnnis
1486 383 1719 437 Carthagine
1836 376 2014 438 Hippona
2033 386 2151 435 Regio
2172 390 2242 427 Co-

156 436 258 477 loma
277 449 308 473 Ρ.
338 449 361 474 x
377 449 399 474 x
411 449 434 473 x
448 448 460 472 1
475 448 502 473 1.
538 435 639 474 Urbs
654 434 713 474 illa
730 435 887 488 quidem
906 436 1066 476 Gemma
1080 436 1275 484 Straboni,
1305 440 1418 478 altera
1436 439 1561 492 Hippo
1577 439 1741 492 Regius,
1770 440 1884 480 altem
1901 440 2029 495 Hippo
2047 437 2243 484 ‘Dran-[¹7-

157 501 238 539 tos,
267 492 305 532 id
327 492 381 544 est
398 491 578 544 irriguus,
606 489 665 529 lib.
690 503 746 540 17.
766 505 849 544 pag.
871 493 959 543 832.
989 497 1042 534 Kal
1066 503 1091 530 οἱ
1112 497 1161 531 δύο
1188 501 1318 533 inuram
1335 522 1344 537 ‚
1370 499 1384 531 ὁ
1407 495 1459 541 μὶζᾶ
1483 497 1605 536 mman‘ov
1628 495 1724 535 Ιπῖκης
1744 520 1753 534 ,
1776 498 1969 544 ᾰῇέσητέρῳ
1994 499 2124 542 werf?
2140 490 2242 544 τφξτῷ

155 557 282 599 μῶλον,
309 550 403 596 ἄμφω
419 549 574 590 [iodrum.
607 546 664 584 Et
692 545 763 585 dno
793 547 1007 600 Htppones,
1035 548 1132 587 alter
1162 549 1285 589 Uticae
1301 550 1521 602 proxinms‚
1549 548 1646 589 alter
1670 550 1868 594 remotior,
1898 548 1945 592 dy
1975 549 2082 589 Trito
2094 553 2245 604 propin-

154 608 281 662 quior,
309 605 426 643 ambae
441 604 558 655 rogiae.
594 601 711 641 Unde
729 602 768 641 in
785 616 946 642 nummo
965 603 1132 643 Gemella
1153 604 1382 657 perhibetur.
1416 604 1512 644 Haec
1529 603 1644 655 Julia
1661 603 1816 648 dicitur,
1845 604 1979 657 :¹1Julio
2003 604 2171 650 Cazsare,
2201 615 2243 644 ut

154 660 238 712 ejus
263 673 403 699 nomen
425 659 587 703 indicat,
616 656 803 703 deducta,
834 657 964 710 quales
982 659 1154 711 plurima:
1174 659 1221 698 ab
1243 673 1291 698 co
1306 659 1344 697 in
1367 659 1493 700 Africa
1510 659 1723 699 constitut-:e
1743 659 2002 706 recensentur,
2036 661 2126 711 lulia
2147 660 2245 699 Bab-

153 715 219 760 ba,
243 715 343 768 Julia
364 713 523 758 Banasa,
545 711 646 766 Julia
664 712 882 766 Carthago,
906 712 1006 766 Julia
1027 714 1273 760 Constantia,
1304 712 1453 767 &Julia
1472 715 1614 769 Leptis.
1646 714 1735 754 ‘Piae
1752 728 1895 753 nomen
1913 717 1965 754 ob
1982 717 2158 756 Colonos
2174 715 2244 755 ite-

151 785 235 811 rum
263 770 311 809 ab
345 769 546 808 Antonino
565 769 634 807 Pio
652 767 799 812 missos,
828 767 886 806 vel
904 768 956 807 ob
974 768 1172 821 quoddam
1198 779 1399 821 acceptum
1421 769 1467 808 ab
1485 784 1534 809 eo
1554 767 1805 815 beneficium,
1835 769 2062 824 assiimplisse
2079 770 2242 811 videtur.

151 823 395 880 Capitolinus
419 824 521 864 enim
547 823 584 862 in
612 822 694 876 ejus
712 823 787 863 vita
803 823 928 876 inquit
956 838 963 861 ς
991 824 1147 863 Mzdtas
1161 825 1278 863 etiam
1294 825 1478 864 cevitates
1498 825 1656 877 adjuvit
1666 824 1848 877 pecnnid,
1876 834 1920 864 ut
1937 837 2042 879 opera
2058 826 2124 865 vel
2141 838 2243 865 nova

107 902 114 908 -
137 880 339 934 facerent,
369 879 435 919 vel
448 888 577 918 vetera
601 878 837 930 restituerent.
874 878 1072 918 Mentores
1090 878 1364 933 Hipponenses
1383 881 1441 919 M.
1464 875 1623 920 Aurelio
1641 881 1687 919 ab
1708 881 1910 920 Antonino
1929 881 2114 933 adoptato
2135 895 2245 920 num-

149 950 234 977 mos
254 936 340 975 suos
360 933 595 974 dedicarunt.
627 934 746 973 Ceres
765 934 803 973 in
818 947 978 973 nummo
998 934 1158 988 lignata,
1188 935 1378 988 Hippone
1398 935 1540 975 cultam
1557 935 1664 975 fuiffe
1680 935 1833 975 indicat.
1865 936 2122 976 Tertullianus
2145 935 2246 976 Afri·

149 1005 281 1031 canam
307 992 487 1030 Cererem
516 989 665 1028 summo
688 988 790 1028 cultu
818 992 855 1027 ὃ(
879 989 1114 1030 continentia
1133 989 1360 1031 celebratam
1379 992 1399 1031 ii
1418 991 1540 1032 viduis
1557 991 1776 1030 mulieribus
1792 1003 1916 1031 narrat
1938 992 1998 1031 lib.
2025 1005 2057 1031 2.
2080 992 2128 1031 ad
2147 1005 2240 1031 uxo-

147 1061 239 1086 rem.
277 1046 481 1090 Caeteritm,
510 1045 656 1098 inquit,
689 1042 885 1096 Africanae
911 1047 1036 1084 Cereri
1061 1048 1204 1084 viduas
1225 1047 1540 1098 qffiyterescimus.
1572 1047 1622 1086 Et
1637 1046 1725 1086 alibi
1745 1062 1751 1085 :
1783 1046 1969 1086 Foeminas
1990 1046 2079 1086 vero
2099 1047 2244 1086 Cererts

145 1103 366 1153 Africanae,
393 1102 577 1139 eniel-iam
597 1099 640 1143 ὅ)
648 1098 786 1153 sponte
802 1098 980 1139 abdicato
995 1102 1230 1139 matrimonio
1246 1100 1498 1153 affinescunt.
1528 1103 1649 1143 Ceres
1661 1102 1776 1142 tardas
1797 1104 1958 1157 utrique
1976 1103 2094 1162 gerit,
2124 1101 2240 1142 tiliam

143 1157 404 1209 Proserpinam
422 1169 566 1209 raptam
584 1168 776 1209 quaerens,
805 1167 846 1194 ut
864 1153 989 1194 fabula
1009 1156 1062 1195 est
1086 1156 1286 1196 notiffima.

196 1211 239 1251 P.
272 1210 495 1251 Harduinus
522 1224 605 1263 pag.
639 1213 722 1260 189.
753 1225 775 1250 c
794 1223 866 1262 pro
887 1224 911 1249 G
934 1210 1218 1258 substituendo,
1245 1211 1314 1252 has
1331 1211 1471 1252 litteras
1490 1227 1524 1252 c.
1545 1227 1580 1252 c.
1602 1227 1629 1252 1.
1650 1227 1690 1252 H.
1712 1226 1744 1251 P.
1764 1214 2056 1268 interpretatus,
2088 1213 2243 1253 Colonia

143 1267 350 1307 Concordia
361 1266 477 1318 Jnlz'a
497 1266 776 1306 Hadrumetina
789 1265 894 1311 Pia,
922 1266 1120 1312 Patinum,
1150 1267 1451 1308 Mediobarbum
1477 1271 1515 1307 «Sc
1538 1268 1633 1308 alios
1648 1268 1726 1307 hoc
1744 1283 1921 1308 arcanum
1941 1268 2085 1310 latuisse
2103 1269 2242 1323 gloria-

142 1334 202 1363 tur
221 1337 229 1361 :
258 1333 298 1362 at
315 1336 393 1361 non
409 1322 478 1361 illis
497 1321 640 1361 felicior
658 1334 789 1362 contra
809 1321 910 1374 ipsos
931 1321 1143 1362 Gruterum
1163 1324 1363 1376 producit,
1393 1326 1482 1363 cum
1501 1338 1546 1363 ex
1562 1338 1611 1363 eo
1629 1323 1912 1364 Hadrumetina
1926 1325 2095 1364 Colonia
2115 1324 2243 1364 &Tra-

135 1377 229 1431 jano
254 1377 419 1418 dcdueca
443 1377 509 1422 fit,
538 1381 575 1416 ὃ(
604 1377 717 1432 Ulpia
749 1376 790 1417 T
784 1378 920 1427 rajano
948 1376 1178 1430 appelletur,
1208 1391 1251 1419 ut
1276 1380 1378 1419 testis
1406 1379 1459 1418 est
1488 1379 1567 1432 ipsa
1581 1379 1810 1419 Gruteriana
1828 1380 2023 1433 inscriptio
2040 1394 2127 1434 pag.
2151 1386 2239 1433 362.

141 1446 390 1473 COLONJA
431 1445 751 1473 CONCORDIA
785 1445 952 1472 VLPIA
988 1446 1246 1472 TRAIANA
1284 1447 1543 1473 AvovsrA
1578 1448 1908 1477 FRVGIFERA
1941 1449 2241 1476 HADRVME-

141 1501 166 1530 'r
180 1502 194 1528 1
210 1502 236 1528 N
249 1502 288 1528 A.
319 1489 459 1544 Hippo
478 1488 571 1528 vero
587 1488 741 1528 Colonia
764 1488 932 1528 Gemella
947 1486 1064 1540 Julz'a
1085 1491 1123 1527 δε
1143 1488 1224 1527 ‘Pia
1241 1489 1280 1528 in
1300 1502 1462 1529 nummo
1479 1490 1679 1530 nominata
1697 1490 1763 1531 est.

189 1565 272 1608 Hic
287 1581 459 1608 nummus
478 1568 642 1607 minimae
649 1566 790 1620 formae
800 1578 870 1624 pro
889 1581 972 1606 raro
987 1565 1193 1606 habendas.

923 1670 1451 1712 PARJUM.

130 2212 196 2243 ΞΜ
208 2215 242 2242 Ρ.
272 2212 321 2244 Μ.
352 2211 377 2242 A
393 2214 420 2239 v
433 2215 473 2241 R.
507 2213 534 2241 A
549 2214 579 2240 N
592 2214 617 2240 τ
630 2215 656 2241 ο
668 2212 700 2239 N
712 2214 726 2240 1
737 2213 769 2240 N
781 2214 809 2240 v
821 2213 854 2240 s.
886 2200 1020 2254 Caput
1042 2197 1102 2240 M.
1123 2199 1269 2241 Aurelii
1287 2190 1510 2241 laureatum.

184 2273 208 2300 c
219 2271 245 2298 o
259 2272 295 2299 L.
327 2271 349 2297 Ρ
362 2271 387 2297 Α
405 2272 433 2299 a
446 2271 460 2297 1
475 2270 516 2296 A.
549 2271 562 2296 1
577 2271 604 2296 v
615 2271 653 2297 L.
686 2271 712 2296 A
725 2270 752 2297 v
765 2270 804 2296 G.
835 2255 991 2296 Colonia
1010 2256 1189 2296 Pariana
1203 2255 1321 2309 Jult'a
1338 2256 1526 2312 Augusta.
1557 2256 1704 2298 Mulier
1721 2257 1855 2299 stolata
1870 2258 1970 2300 stans
1979 2271 2067 2299 cum
2084 2259 2237 2302 calatho

237 2314 278 2354 in
294 2313 438 2370 capite,
466 2311 599 2353 dextra
614 2311 764 2368 signum
779 2311 960 2359 militare,
990 2311 1132 2352 finistrzi
1148 2313 1401 2367 cornucopiae.

179 2392 329 2434 Parium
348 2419 360 2438 ,
387 2391 476 2432 urbs
494 2390 630 2445 Myfiae
649 2391 699 2431 ad
715 2390 993 2444 Propontidem
1010 2417 1022 2436 ,
1052 2390 1074 2430 ἐι
1087 2389 1204 2431 Pariis
1224 2391 1353 2432 insulae
1373 2390 1488 2431 maris
1503 2391 1632 2448 AEgaei
1648 2392 1806 2433 condita
1823 2420 1835 2440 ,
1863 2405 1907 2434 ut
1926 2409 1974 2435 ex
1991 2394 2178 2435 Strabone
2195 2395 2238 2436 li-

125 2461 221 2504 quet
237 2448 297 2488 llb
317 2461 376 2488 10.
394 2462 481 2503 pag.
494 2450 588 2498 487.
618 2449 675 2484 Υπὲ
691 2452 707 2494 ‘j
724 2450 848 2491 Παφίων
864 2452 985 2488 ὸκτίοθᾞ
1005 2446 1119 2488 Θείους,
1143 2448 1191 2494 ἱρὰ
1209 2446 1329 2491 Παφίαν,
1344 2453 1375 2484 ἐν
1390 2453 1428 2496 τῇ
1441 2455 1605 2497 Προπυντίδᾶ
1620 2450 1708 2487 πόλις.
1741 2448 1860 2488 Parii
1877 2450 2043 2501 Thafitm
2058 2450 2231 2491 condide-

123 2512 238 2551 runt,
267 2500 314 2546 ὅ]
333 2503 499 2543 Parrum
517 2502 643 2542 urbem
659 2504 700 2541 in
718 2501 962 2555 Propontide.
1001 2500 1171 2541 Colonia
1187 2500 1366 2556 dicitur&
1383 2501 1510 2542 Plinio
1525 2501 1587 2542 lib.
1613 2516 1644 2553 5.
1667 2517 1751 2558 cap.
1772 2518 1834 2557 32.
1868 2505 2033 2545 Parium
2055 2506 2232 2553 Colonia,

122 2573 234 2615 quam
254 2558 442 2598 Homerus
461 2558 679 2609 Adrqslzam
696 2557 916 2610 appellavit.
955 2555 1111 2610 AJulio
1128 2556 1283 2597 Caessr'e
1296 2555 1483 2605 deducta,
1512 2557 1637 2610 Juliae
1654 2572 1801 2600 nomen
1816 2560 1954 2608 habet,
1984 2574 2025 2602 ut
2045 2561 2161 2603 docet
2175 2564 2234 2603 in-

123 2614 276 2668 scriptio
292 2625 403 2654 vetus
419 2614 440 2653 ὲ
452 2613 599 2668 Spomo
610 2611 767 2652 Miscell.
784 2611 870 2652 sect.
891 2625 922 2663 5.
944 2626 1032 2666 pag.
1054 2625 1143 2666 173.
1163 2611 1325 2653 laudata.

847 2697 992 2738 DIVI
1027 2697 1165 2738 IVLI
1201 2698 1492 2739 FLAMINI

896 2753 945 2792 C.
978 2752 1300 2792 ANTONIO
1333 2754 1391 2792 M.
1419 2753 1464 2792 F.

813 2805 1003 2848 VOLT.
1044 2807 1226 2850 RVFO
1263 2807 1538 2851 FLAMIN.

713 2862 858 2904 DIVI
893 2862 1040 2905 AVG.
1070 2863 1213 2906 COL.
1239 2863 1334 2907 CL.
1367 2863 1623 2905 APRENS

727 2918 812 2959 ET
845 2918 989 2959 COL.
1019 2919 1138 2960 IVL.
1168 2919 1620 2962 PHLLIPPENSJS·

746 2974 1138 3016 EORVMDEM
1174 2974 1260 3021 ET
1297 2974 1601 3022 PRINCIPI

727 3029 898 3072 ITEM
928 3030 1227 3077 COL.1VL.-
1248 3029 1612 3077 PARIANAE.

172 3114 351 3172 Augustae
367 3117 461 3168 vero
477 3130 622 3162 nomen
638 3117 811 3172 praefert,
839 3128 978 3172 utpote
996 3118 1185 3159 veteranis
1204 3118 1343 3159 iterum
1358 3117 1525 3159 Colonis
1546 3118 1788 3175 frequentata
1810 3120 1859 3160 ab
1885 3120 2082 3177 August03
2112 3121 2224 3176 quod

118 3171 267 3228 fignum
292 3171 450 3214 militare
468 3187 602 3214 eorum
625 3174 838 3230 symbolum
859 3175 881 3213 a
901 3173 1057 3214 muliere
1076 3172 1211 3214 dextra
1226 3174 1418 3228 gestatum
1442 3188 1602 3230 arguere
1620 3175 1781 3217 videtur.
1828 3175 1895 3215 Illa
1922 3176 2010 3216 urbs
2031 3176 2094 3216 seu
2115 3178 2220 3218 urbis

118 3230 267 3270 Genius
284 3228 337 3268 est
349 3255 361 3275 ,
388 3229 629 3283 cornucopiae
646 3243 724 3284 prae
739 3229 913 3272 manibus
931 3228 1084 3270 habens.
1122 3229 1164 3269 P.
1181 3227 1410 3270 Harduinus
1426 3244 1513 3285 pag.
1527 3233 1622 3292 381.
1641 3244 1846 3272 nummum
1870 3230 1974 3270 hunc
1997 3231 2066 3272 sub
2097 3245 2118 3272 Ρ
2133 3247 2159 3272 A
2173 3247 2222 3274 R-

119 3299 144 3327 L
157 3299 183 3326 A
198 3299 213 3326 1
225 3299 244 3324 s
279 3298 301 3323 c
312 3298 337 3324 ο
348 3298 385 3324 L.
414 3285 623 3340 epigraphe
635 3285 832 3341 vulgavit,
861 3297 978 3338 quam
998 3284 1038 3324 in
1054 3284 1247 3339 Lycaonia
1265 3283 1400 3325 frustra
1417 3299 1562 3340 quaerit.

168 3363 252 3404 Hic
269 3374 440 3405 nummus
457 3364 729 3418 mediaeformae
742 3391 754 3412 ,
780 3363 870 3404 olim
886 3365 928 3405 in
943 3363 1086 3403 cimelio
1104 3363 1217 3405 Card.
1234 3363 1282 3403 de
1298 3363 1468 3417 Mafflmi
1476 3393 1488 3413 ‚
1518 3357 1614 3405 mihi
1629 3361 1724 3405 dono
1739 3363 1856 3406 datus
1872 3363 1921 3405 ab
1937 3364 2066 3407 excell.
2081 3366 2222 3409 Hiero-

115 3431 220 3475 nymo
232 3421 384 3462 Corrari
399 3419 537 3464 Nobilt¹
550 3421 711 3468 Veneto,
739 3421 888 3460 eximiae
904 3420 1083 3458 raritatis
1096 3417 1144 3463 ό
1154 3417 1384 3475 praestantiae
1401 3421 1459 3473 est.

1473 4032 1592 4087 Aa3
