2574 4214
915 172 1514 234 AUGUSTUS.
2195 186 2262 246 35?

165 731 193 769 'A
207 728 234 766 v
244 738 270 765 G
282 739 309 765 v
322 737 341 764 s
355 730 379 763 ‘r
391 730 418 763 v
430 735 463 763 S.
502 722 635 777 Capilt
651 709 816 778 Augusti
830 711 1054 762 laureatum.
1597 762 1600 766 ,
1843 760 1847 763 ,
1910 772 1912 774 ¹
2084 756 2086 758 .

148 799 156 812 ι
217 796 253 822 c.
288 792 324 820 c.
355 793 371 818 1
384 792 419 818 L.
453 791 495 818 A.
526 792 561 818 c.
590 791 627 817 M
641 790 667 816 A
682 784 747 819 NL
760 791 812 817 10
843 791 881 816 T.
913 791 935 816 P
948 791 971 816 E
985 790 1010 816 T
1024 784 1053 816 k
1065 789 1092 816 o
1105 786 1161 815 Nl
1174 789 1201 815 o
1232 790 1248 816 1
1261 789 1289 816 1.
1320 788 1347 814 v
1363 786 1378 814 1
1393 774 1438 815 k.
1475 774 1630 816 Colonia
1646 772 1816 826 Cesarea
1831 770 2131 827 IlliceAtgusta.
2160 771 2256 813 Caio

148 849 154 857 ·
204 860 208 863 -
269 835 421 876 Manlio
436 858 450 881 ,⁴
477 832 566 874 Tito
586 833 770 873 ‘Petronio
785 828 1034 872 Duum-viris.
1082 831 1227 886 Aquila
1250 830 1456 887 legiona-ria
1476 856 1488 875 ‚
1526 834 1565 870 &
1590 829 1770 871 vexillum
1796 829 1895 870 inter
1925 828 2007 868 duo
2031 827 2135 883 ligna
2160 827 2257 869 mili-

153 989 160 1000 ,
211 903 647 1002 Apttlcrillx'slediobarbum
666 957 753 999 pag.
771 956 836 995 49.
865 957 938 997 pro
966 958 1006 983 L.
1031 956 1069 982 M
1080 956 1108 982 A
1123 955 1152 982 N
1169 956 1184 983 1
1200 957 1227 982 o
1257 942 1343 997 lege
1371 956 1407 981 c.
1434 953 1471 980 Μ
1484 953 1510 980 Α
1524 954 1554 980 N
1566 956 1592 981 L
1607 954 1622 980 1
1638 953 1682 980 ο.
1715 939 1782 979 Ad
1801 938 1900 979 hanc
1919 938 2055 979 urbem
2072 944 2254 1000 revocan-

266 1001 339 1042 dus
356 1000 410 1040 est
430 999 544 1040 etiam
565 1013 745 1041 nummus
761 1026 774 1045 ‚
803 1013 921 1052 quem
938 999 999 1039 ille
1018 1012 1104 1053 pag.
1123 1011 1190 1050 47.
1216 1012 1263 1038 ex
1280 997 1368 1038 falsa
1382 997 1517 1051 Sponii
1533 996 1698 1037 leffione
1719 1008 1764 1035 N.
1782 1008 1856 1049 pro
1878 1009 1894 1053 i
1910 1009 1949 1035 L.
1975 994 2026 1035 ad
2042 993 2256 1037 Colomam

266 1055 542 1110 Carthaginem
559 1054 720 1095 Novam
738 1054 953 1110 Augustam
969 1064 1134 1094 revocat.

209 1133 276 1175 Ne
294 1147 495 1173 nummum
515 1147 603 1173 cum
617 1132 679 1174 his
697 1132 800 1173 notis
828 1146 863 1171 c.
888 1147 923 1173 c.
950 1146 966 1172 1
981 1146 1019 1173 L.
1043 1143 1087 1171 A.
1115 1131 1166 1172 ad
1176 1131 1383 1172 Coloniam
1392 1130 1537 1171 Illicem
1550 1130 1763 1186 Augustam
1775 1141 2062 1175 revocaremus,
2091 1126 2253 1169 dubium

155 1190 336 1232 movebat
353 1188 516 1229 secunda
533 1188 655 1229 littera
681 1202 716 1228 c.
744 1201 861 1242 quam
881 1187 1041 1238 Caesaris
1062 1187 1105 1227 P.
1124 1186 1303 1227 Norifius
1321 1185 1427 1240 apud
1450 1185 1752 1226 Mediobarbum
1772 1201 1858 1241 pag.
1876 1198 1942 1237 49.
1960 1186 2254 1238 interpretatur,

152 1260 225 1301 pro
242 1244 346 1284 solita
361 1258 459 1284 voce
475 1257 503 1282 1.
523 1243 564 1283 id
582 1243 637 1283 est
655 1243 858 1289 Immanis,
886 1242 935 1282 ad
950 1242 1050 1282 hanc
1070 1243 1204 1283 urbem
1219 1242 1385 1282 maxime
1402 1240 1616 1295 speuante,
1635 1252 1679 1282 ut
1691 1241 1836 1282 dictum
1853 1241 1930 1281 est:
1959 1240 2025 1281 sed
2037 1241 2126 1280 cum
2136 1240 2255 1280 etiam

150 1301 187 1342 ei
206 1300 362 1340 Vic‘lrix
386 1311 605 1355 cognomen
630 1299 724 1339 Ant.
750 1298 986 1352 Augustinus
1009 1298 1108 1337 Dial.
1131 1311 1166 1349 7.
1189 1311 1236 1338 ex
1253 1311 1418 1337 nummo
1434 1295 1552 1336 musei
1569 1297 1624 1336 sui
1648 1296 1814 1337 inditum
1833 1296 2013 1337 exhibeat
2028 1323 2041 1342 ‚
2068 1295 2172 1335 varia
2189 1294 2254 1335 ali·

151 1355 312 1412 quando
329 1354 561 1409 cognomina
578 1353 786 1394 Coloniam
804 1352 1028 1393 Illicitanam
1046 1363 1090 1393 ut
1106 1352 1195 1392 alias
1213 1353 1326 1392 urbes
1345 1351 1538 1405 usurpasse
1557 1352 1775 1405 putavimus
1797 1372 1810 1399 -‚
1837 1351 1903 1391 sed
1923 1350 1972 1391 ad
1991 1352 2092 1391 hanc
2115 1350 2252 1390 urbem

151 1423 353 1453 nummum
380 1409 568 1464 pertinere
593 1409 697 1466 figna
713 1408 886 1450 militaria
903 1420 987 1449 tum
1006 1409 1046 1448 in
1064 1421 1113 1448 eo
1129 1434 1142 1455 ,
1171 1418 1256 1447 tum
1273 1408 1313 1447 in
1329 1406 1409 1446 aliis
1427 1406 1600 1458 ejusdem
1617 1406 1796 1448 Coloniae
1813 1406 1883 1446 sub
1901 1406 2065 1447 Tiberio
2080 1403 2253 1459 percuffix

150 1465 420 1522 persuaserunt.

205 1521 345 1575 Aquila
361 1523 400 1560 &
415 1520 596 1560 vexillum
617 1520 716 1560 inter
732 1518 939 1581 duofigna
962 1518 1137 1559 militaria
1153 1515 1373 1559 veteranos
1389 1530 1437 1557 ex
1453 1516 1603 1557 duabus
1617 1516 1855 1571 Legionibus
1871 1543 1884 1564 ‚
1912 1530 2078 1571 quarum
2093 1514 2252 1558 nomina

149 1578 189 1618 in
209 1576 375 1616 nummis
395 1575 527 1616 omissa
544 1577 763 1630 ignoramus
775 1602 788 1621 ,
817 1588 856 1614 m
873 1574 1065 1615 coloniam
1082 1572 1275 1614 deduetos
1291 1583 1464 1627 arguunt.

201 1630 357 1672 Manlia
373 1644 467 1686 gens
484 1632 523 1671 in
539 1631 713 1686 patricias
730 1635 768 1671 ὃς
785 1630 951 1685 plebeias
967 1629 1085 1669 divisa
1105 1629 1184 1675 est;
1212 1628 1402 1669 Petronia
1418 1627 1518 1668 inter
1536 1626 1705 1682 plebeias
1724 1625 1948 1668 recensetur.

204 1708 285 1751 Hic
300 1722 472 1750 nummus
478 1710 602 1764 parvi
620 1705 761 1749 moduli
770 1719 843 1764 pro
860 1722 945 1749 raro
961 1716 1194 1748 numeratur.
1231 1712 1234 1713 ’

894 1803 1477 1847 ITALJCA.

136 2396 304 2429 1>1vvs
336 2400 616 2429 Avovsrvs
647 2401 841 2429 PATER.
880 2385 1016 2443 Caput
1034 2376 1414 2444 Augustiradiatum.
1812 2440 1813 2444 Ἰ
1956 2441 1958 2443 ¹
2128 2441 2131 2444 y

188 2457 226 2484 M
240 2457 265 2483 v
279 2456 320 2482 N.
356 2456 371 2483 1
389 2457 414 2483 τ
428 2457 453 2484 Α
468 2458 543 2539 LP
535 2457 557 2483 1>
571 2458 593 2483 E
608 2457 757 2539 95de
772 2457 799 2483 v
810 2457 851 2484 G.
878 2442 1138 2498 Municipium
1153 2443 1356 2497 Italicenfi’
1363 2440 1545 2499 permissu
1556 2439 1731 2499 Augusti.
1760 2442 1841 2484 Ara
1856 2442 1897 2484 in
1909 2456 1987 2498 qua
1998 2455 2080 2484 vox
2111 2455 2134 2483 Ρ
2146 2455 2178 2484 R
2189 2443 2235 2484 οἶ

244 2512 272 2538 v
288 2512 379 2538 IDE
394 2511 471 2539 NT.
544 2513 628 2539 rovz
656 2513 699 2538 en
720 2512 777 2538 zae.

187 2576 326 2616 Italica
344 2576 433 2616 urbs
450 2576 646 2630 Hispaniae
668 2577 824 2618 Boeticae'
846 2577 895 2618 ad
913 2577 1057 2618 Boetim
1073 2572 1238 2618 fluvium
1253 2604 1265 2624 ‚
1294 2577 1316 2617 Ξι
1332 2576 1514 2629 Scipione
1531 2590 1637 2617 anno
1656 2576 1710 2616 U.
1732 2576 1779 2617 C.
1799 2581 1891 2628 654.
1919 2574 2076 2618 condita
2094 2604 2106 2624 ‚
2135 2589 2233 2632 pace

130 2643 219 2670 cum
237 2631 601 2685 Carthaginensibus
620 2632 734 2678 inita,
763 2645 807 2673 ut
825 2644 950 2673 narrat
968 2633 1173 2686 Appianus
1189 2633 1240 2672 de
1261 2631 1370 2672 Bello
1387 2631 1498 2686 Hisp.
1528 2634 1584 2672 Koa*
1609 2636 1704 2671 οἰυπῖς
1724 2638 1739 2670 δ
1759 2639 1886 2670 Σκιπίων
1910 2636 2026 2682 ὀλίγῐω
2049 2636 2170 2681 §peamau
2192 2638 2233 2673 ὥς

131 2688 193 2722 3311*
207 2689 304 2735 eiplw'y
318 2690 489 2722 καταλιπών
500 2712 510 2728 ,
536 2689 672 2734 συνῴκισε
687 2689 740 2726 τὲς
756 2694 946 2736 uenenum-rso&
962 2694 988 2727 ἐς
1001 2690 1107 2730 πόλιν,
1130 2689 1172 2724 lu?
1186 2690 1247 2725 son}
1265 2691 1292 2725 ἰς
1310 2692 1429 2727 lnam
1446 2690 1592 2724 Ιτικλικζα)
1607 2690 1741 2724 ἐκάλεσε.
1772 2687 1945 2734 Rebilo,
1973 2695 2103 2740 utpote
2112 2698 2232 2740 paca.

129 2741 174 2781 ta*
193 2743 359 2796 regione,-
383 2740 490 2781 haud
504 2741 635 2782 valido
644 2741 811 2796 praesidio
823 2769 837 2788 ,
859 2742 990 2795 -Scipio
1006 2742 1145 2782 milites
1160 2755 1286 2781 omnes
1302 2741 1526 2781 vulneribus
1545 2741 1684 2781 debiles
1698 2744 1740 2781 in
1756 2754 1871 2781 unam
1885 2742 2012 2781 urbem
2029 2743 2234 2796 compulit,-

129 2800 243 2851 q'uam'
255 2796 305 2836 ab
320 2796 446 2840 Italia
462 2795 649 2838 Italicam
659 2799 885 2837 nominavit.
923 2796 1186 2850 Municipium
1210 2797 1293 2837 haec
1317 2797 1357 2836 in
1380 2796 1550 2837 nummis
1566 2808 1704 2837 vocata
1723 2796 1779 2837 est
1792 2823 1806 2842 ,
1832 2796 1943 2851 quod
1959 2795 2164 2839 confirmat
2179 2800 2229 2839 A.

130 2850 277 2892 Gellius
291 2851 351 2892 lib.
367 2856 426 2892 16.
437 2866 518 2907 cap.
533 2866 549 2892 1
559 2865 592 2905 3.
611 2851 661 2893 de
679 2853 853 2894 oratione
869 2866 990 2907 quam
997 2852 1224 2893 Hadrianus>
1236 2851 1372 2893 habuit
1385 2851 1438 2892 a‘d
1451 2852 1636 2893 Senatum
1643 2871 1660 2900 ,·
1683 2854 1891 2908 mirarique·
1891 2852 1940 2904 se
1957 2852 2116 2901 ostendit
2132 2853 2236 2908 quod

128 2904 176 2950 ό·
193 2906 263 2961 ιφβ
272 2907 493 2959 Italicenses
502 2935 515 2959 ‚
543 2907 592 2952 dr
601 2907 772 2964 quaea'am
782 2908 1000 2963 Municipia
1013 2909 1175 2964 antiqua
1186 2927 1202 2954 ,-
1227 2909 1270 2948 in
1285 2907 1420 2963 qulbus
1432 2906 1630 2961 Uticenses
1645 2910 1840 2956 nominat,
1866 2908 2047 2962 cumsuis
2063 2910 2229 2950 moribus

125 2960 335 3018 leglbufque
350 2964 410 3014 uti
418 2963 563 3018 poffent
575 2990 588 3010 ‚
616 2964 741 3021 injus
756 2963 995 3005 Coloniarum
1011 2965 1154 3014 mutari
1168 2959 1400 3018 gestiverint.
1443 3010 1445 3013 .
1994 3008 1996 3013 .

132 3055 135 3062 .
181 3018 438 3072 Ut-uplurimae
463 3019 577 3060 urbes
601 3019 746 3074 templa
767 3019 855 3075 post
879 3019 1045 3076 Augusti
1072 3033 1094 3060 a
1125 3016 1317 3072 otheofim
1342 3014 1578 3060 aedificarunt'
1593 3045 1606 3066 ,
1632 3013 1850 3061 Italicenses
1869 3020 1953 3073 ejus'
1967 3015 2228 3062 Providentiae‘

124 3086 227 3113 aram
245 3073 314 3127 ipsi
333 3074 496 3114 erestam
512 3075 553 3114 in
569 3075 737 3116 nummis
754 3069 969 3131 percussere
985 3102 997 3122 ,
1026 3087 1070 3117 ut
1117 3074 1309 3117 eneficanr
1328 3067 1446 3130 i'pfius
1469 3074 1710 3116 voluntatem
1735 3075 1850 3116 instar
1868 3075 2058 3120 numinis,
2084 3074 2226 3117 mundi

122 3140 250 3183 partes
267 3129 522 3183 pulcherrime
541 3130 797 3173 administrare
812 3131 1116 3173 demonstrarent
1133 3146 1141 3171 ε
1168 3130 1347 3173 homines
1364 3131 1469 3172 enim
1485 3131 1584 3171 inter
1601 3130 1701 3172 deos
1714 3127 1843 3176 relati,
1871 3129 2027 3170 secundi
2041 3129 2224 3172 dicuntur

121 3184 288 3230 ordinis;
317 3198 392 3238 qua
410 3186 461 3226 de
480 3199 521 3226 re
540 3186 767 3243 loquentem
783 3186 916 3229 audias
934 3181 1181 3228 Plutarchum
1199 3186 1250 3228 de
1268 3183 1376 3228 Fato.
1408 3198 1433 3224 Η
1449 3190 1468 3236 5⁸
1482 3184 1636 3236 aaa&
1661 3186 1800 3237 Μιτέρων
1814 3192 1884 3231 θεῶν
1900 3193 1926 3224 ἓ
1943 3188 1980 3235 ‚ff
1994 3190 2106 3235 ἐςρινόν
2121 3191 2216 3225 ἰόντων

121 3244 185 3278 καθ’
199 3242 240 3277 [αἳ
253 3242 291 3278 πί
304 3259 332 3278 τε
348 3245 440 3284 &omae
455 3248 582 3292 φίνεοθη
594 3240 777 3293 ήωγμῼέὶις
793 3275 804 3287 ,
830 3250 856 3297 ,ᾗ
873 3247 926 3282 ἔπι
942 3246 1023 3290 wc
1037 3244 1201 3295 Quoia>
1215 3249 1242 3297 ,ᾗ
1256 3244 1415 3290 eamdam
1425 3249 1534 3285 ὲκοίςων
1547 3244 1579 3283 ³:²³*
1589 3248 1682 3295 Ίςῲῶν.
1710 3242 1883 3283 Secunda
1895 3243 2217 3283 verb-Providen-

120 3298 198 3342 tia,
213 3296 462 3349 ficundorum
479 3298 530 3351 est
545 3298 693 3340 deorum
701 3327 715 3347 ,
742 3302 808 3357 qui
819 3310 888 3355 per
905 3300 1036 3341 caelum
1049 3300 1314 3356 ingrediuntur
1324 3328 1338 3349 ‚
1365 3301 1442 3357 qua
1454 3300 1503 3346 &¹
1517 3300 1732 3343 mortalium
1747 3311 1807 3339 res
1822 3295 2144 3350 ordinataefiunm
2164 3296 2215 3344 ὠ·

109 3349 337 3407 fingulorum
346 3367 526 3407 generum
535 3354 738 3408 permansio
756 3365 868 3412 atque
873 3354 987 3409 salus
994 3365 1233 3411 procuratur.

169 3428 253 3471 Hic
272 3444 443 3474 nummus
457 3432 653 3475 mediocris
655 3434 794 3488 sormae
812 3448 923 3476 rarus
939 3433 990 3488 est
1004 3431 1054 3478 ὅγ’
1068 3433 1227 3490 elegans.

996 3512 1034 3553 Ο
1089 3511 1122 3552 S
1174 3513 1207 3553 C
1260 3509 1318 3555 A.
