2491 4219
238 170 300 225 ῖς
850 128 1215 206 εΕῬτ.
1364 156 1763 207 GETA.

1012 270 1597 315 PTOLEMAIS.

250 836 289 864 τ’.
321 835 340 863 s
354 836 378 863 ε
390 837 425 863 Ρ.
454 836 483 864 G
495 837 520 863 E
534 837 558 863 T
573 837 615 863 A.
647 836 670 864 c
683 837 709 862 A
723 837 746 863 E
761 836 794 863 s.
825 822 961 877 Caput
981 823 1093 865 Getae
1111 823 1269 864 nudum.

306 894 332 920 c
342 893 369 920 0
379 895 417 921 L.
450 893 472 920 P
485 894 510 920 τ
523 884 549 919 o
563 894 601 919 L.
633 878 788 920 Colonia
805 879 1032 919 Ptolemais.
1062 880 1243 926 Colonus
1259 879 1337 934 agit
1355 878 1475 920 boves
1483 907 1495 927 ,
1524 877 1673 921 adstant
1689 891 1857 935 quatuor
1873 879 1976 937 signa
1990 881 2171 924 militaria.

309 949 468 991 Patinus
497 951 536 989 in
553 962 717 990 nummo
739 948 912 1003 troph-eea
927 949 1104 990 exhibuit
1129 969 1140 995 ·,
1168 952 1208 988 δε
1227 963 1406 1004 quaenam
1423 950 1632 990 Ptolemais
1659 952 1747 991 urbs
1767 952 1879 991 Getae
1897 966 2100 993 nummum
2129 951 2299 1000 cudent,
2327 952 2366 996 Ῑέ
2432 947 2433 950 “

249 1007 431 1062 ignorare
447 1005 616 1051 fatetur;
645 1004 711 1045 sed
727 1004 787 1044 illa
805 1018 895 1059 quae
913 1005 953 1044 in
970 1004 1170 1045 Phoenicia
1187 1005 1262 1052 est,
1289 1005 1388 1046 inter
1406 1006 1518 1046 urbes
1542 1006 1715 1060 ejusdem
1738 1007 1907 1047 nominis
1930 1009 2260 1064 quatergeminas,
2288 1010 2367 1052 sola

250 1063 464 1103 Coloniam
484 1063 635 1114 accepit
650 1061 671 1100 a
695 1060 887 1108 Claudio,
914 1060 954 1100 in
976 1074 1093 1114 quam
1113 1061 1269 1101 dedueti
1286 1075 1365 1102 non
1385 1061 1508 1101 modo
1532 1062 1653 1103 Cives
1677 1076 1724 1102 ex
1746 1063 1898 1109 Roma,
1926 1063 1992 1103 sed
2016 1064 2201 1106 Veterani
2224 1067 2273 1106 ab
2299 1081 2369 1108 eo·-
2433 1078 2438 1082 ·

250 1117 345 1158 dem
367 1118 543 1171 Principe
560 1118 599 1156 in
616 1130 702 1156 eam
723 1114 917 1157 transmiffi
935 1116 1040 1163 sunt,
1071 1128 1114 1157 ut
1131 1117 1310 1158 Colonus
1326 1131 1444 1171 agens
1464 1118 1606 1165 boves,
1636 1122 1674 1158 δε
1692 1118 1795 1175 signa
1811 1118 1983 1160 militaria
1997 1119 2197 1161 denotant.
2228 1121 2368 1176 Ulpia-

252 1187 328 1214 nus
346 1173 408 1212 lib.
426 1187 457 1213 1.
471 1174 521 1213 de
535 1171 727 1213 Cenfibus
740 1173 829 1227 Dig.
846 1172 1020 1223 5o.illam
1041 1184 1178 1227 praeter
1197 1186 1341 1213 nomen
1355 1173 1553 1220 Coloniae,
1583 1175 1679 1215 nihil
1693 1175 1833 1214 habere
1852 1174 1977 1215 tradit.
2010 1176 2369 1229 Ptolemaidenstum

252 1231 374 1274 enim,
401 1229 549 1282 inquit,
578 1228 734 1268 Colonia
744 1255 756 1274 ,
783 1242 866 1283 quae
881 1230 982 1268 inter
1000 1229 1223 1268 'Phoenicem
1240 1226 1288 1272 ὠ
1305 1228 1555 1277 Palaestinam
1564 1229 1639 1280 fita
1655 1230 1724 1278 est,
1752 1231 1813 1270 nil
1814 1239 1957 1284 praeter
1975 1245 2105 1272 nomen
2120 1233 2283 1273 Coloniae
2299 1232 2370 1274 ha·

253 1284 325 1323 bet.
355 1284 433 1324 Sed
453 1298 533 1324 non
554 1283 756 1324 verisimile
772 1285 828 1325 est
844 1284 1055 1325 Claudium
1073 1285 1192 1325 Cives
1211 1284 1418 1325 Romanos
1436 1288 1475 1324 &
1494 1285 1710 1327 Veteranos
1734 1286 1773 1325 in
1793 1300 1878 1326 eam
1907 1286 1985 1326 fine
2000 1287 2170 1341 quadam
2189 1288 2369 1331 immuni·
2429 1287 2431 1289 ¹
2454 1284 2455 1288 ¹

251 1351 332 1380 tate
359 1339 427 1394 ipsi
457 1339 631 1379 concessa
662 1339 885 1387 deduxisse,
914 1354 1031 1394 quam
1048 1341 1096 1381 ab
1113 1340 1245 1395 aliquo
1263 1341 1503 1394 Imperatore
1521 1342 1685 1382 ablatam
1712 1341 1888 1395 suspicari
1906 1343 1994 1396 quis
2015 1342 2159 1397 poss'et,
2187 1344 2298 1397 quod
2326 1349 2369 1386 &

251 1396 336 1436 aliis
353 1394 568 1436 faetitatum
591 1395 724 1449 passim
745 1396 927 1451 legimus,
957 1395 1084 1436 forsan
1101 1397 1190 1436 cum
1206 1397 1290 1451 Syri
1309 1400 1348 1436 ὃς
1374 1396 1581 1437 Phoenices
1612 1396 1824 1437 Pescennio
1855 1398 2130 1439 acclamassent.
2165 1399 2372 1443 Ptolemai-

254 1450 412 1546 denseS,
440 1463 483 1491 ut
500 1451 609 1492 suum
627 1465 718 1508 erga
733 1452 918 1492 Severum
935 1451 1167 1494 denotarent
1185 1452 1438 1507 obsequium,
1466 1452 1556 1507 ipsi,
1584 1457 1623 1493 &
1643 1452 1795 1493 familiae
1814 1452 2059 1495 dileffissimae
2079 1468 2260 1497 nummos
2282 1455 2371 1502 sues

251 1520 329 1549 con
347 1518 533 1547 ecfarusst·

309 1574 393 1615 Hic
405 1589 580 1617 nummus
593 1577 721 1617 tertiae
736 1576 1034 1632 magnitudinis,
1062 1574 1087 1615 d
1104 1575 1253 1616 Patina
1263 1585 1351 1630 pag.
1365 1589 1386 1630 3
1397 1589 1417 1615 1-
1420 1588 1458 1628 7.
1474 1576 1679 1632 vulgatus,
1695 1587 1768 1632 pro
1785 1591 1870 1618 raro
1888 1575 1936 1622 ἕν’
1950 1575 2116 1633 eleganti
2131 1577 2339 1621 habendus.

1055 1675 1089 1717 S
1139 1674 1170 1715 I
1219 1674 1273 1715 N
1323 1676 1362 1716 Ο
1417 1675 1462 1716 P
1517 1676 1569 1718 E.

256 2218 313 2256 rs
327 2225 346 2254 s
359 2227 384 2255 r,
397 2225 431 2253 Ρ.
463 2226 490 2253 G
504 2226 528 2252 E
542 2226 566 2252 τ
579 2225 619 2252 A.
652 2225 689 2254 c.
719 2211 855 2268 Caput
870 2211 984 2254 Getae
998 2209 1078 2253 sine
1091 2211 1234 2254 laurea}

313 2283 347 2310 c.
380 2283 406 2309 1.
439 2283 477 2308 F.
509 2281 528 2309 s
543 2282 640 2308 1No
654 2280 712 2309 PE
726 2283 757 2308 s.
787 2269 952 2309 Coloniae
973 2267 1098 2320 Juliae
1119 2267 1260 2308 Felicis
1289 2265 1453 2322 Sinopes.
1491 2267 1615 2309 Piscis.
1656 2268 1808 2324 Regius
1832 2267 1887 2309 est
1903 2268 2052 2325 integer
2072 2281 2274 2320 nummus,
2302 2281 2376 2315 nee

368 2338 447 2364 vox
467 2338 494 2363 A
509 2337 553 2363 N.
573 2337 748 2378 unquam
764 2324 915 2370 extitit,
944 2336 988 2366 ut
1008 2335 1120 2377 putat
1135 2324 1176 2363 P.
1195 2323 1424 2364 Harduinus
1444 2336 1533 2378 pag.
1550 2327 1646 2375 456.
1675 2324 1846 2365 Similem
1877 2324 2083 2366 Florentiae
2107 2327 2289 2370 Marchio
2314 2327 2374 2383 Jo.

369 2379 604 2420 Niccolinus
623 2377 802 2434 poffidet.
830 2379 988 2420 Patinus
1005 2379 1074 2420 has
1092 2379 1234 2420 litteras
1253 2392 1282 2419 1.
1313 2391 1350 2418 F.
1383 2377 1506 2431 Juliae
1523 2378 1688 2426 Felicis,
1717 2379 1756 2420 se
1777 2379 1952 2435 ignorare
1966 2379 2118 2422 fatetur.

311 2460 484 2513 Sinopen
506 2457 622 2498 Ponti
647 2456 806 2498 Asiatici
826 2456 962 2498 urbem
989 2458 1194 2499 littoralem
1219 2457 1425 2499 Caraeallae
1446 2471 1628 2499 nummos
1649 2457 1788 2498 dicaffi:
1805 2458 2023 2505 retulimus,
2051 2472 2140 2513 quae
2153 2458 2242 2503 suos
2262 2462 2376 2505 Getae

258 2515 365 2557 stati-i
383 2513 552 2569 profert,
581 2513 706 2555 forsan
724 2513 886 2567 quando
912 2514 1075 2555 Severus
1102 2528 1237 2554 eorum
1262 2525 1371 2568 pater
1398 2514 1521 2554 vistor
1546 2528 1634 2554 curn
1657 2513 1726 2554 illis
1740 2527 1787 2554 ex
1815 2513 1996 2555 Parthico
2013 2514 2114 2555 bello
2131 2516 2277 2564 redux,
2307 2530 2376 2573 per

259 2569 561 2626 Cappadociam
583 2570 655 2610 iter
670 2569 826 2616 habuit,
855 2569 919 2609 ubi
934 2569 1178 2611 Plautianum
1198 2569 1394 2625 aegrotass‘e
1408 2581 1534 2610 narrat
1553 2570 1634 2610 Dio
1654 2569 1714 2610 lib.
1738 2582 1801 2620 75.
1821 2583 1909 2624 pag.
1931 2573 2023 2622 857.
2054 2573 2127 2608 nm*
2147 2579 2204 2620 γέν
2226 2574 2248 2615 ξ
2263 2577 2376 2624 Σεεήμ

261 2636 294 2667 ἐν
309 2630 429 2666 τυοὶνοις
443 2629 598 2667 vaano-cmm
611 2629 696 2663 οευπὶν
713 2627 952 2674 &und-swidg-
980 2625 1177 2682 roirca
1194 2639 1309 2681 quum
1323 2625 1466 2678 Danis
1476 2625 1640 2665 Severus
1656 2625 1914 2665 ‘Plautianum
1929 2633 2175 2681 aegrotantem
2190 2627 2378 2678 vzsttaret.

260 2684 374 2724 Piscis
390 2683 428 2722 in
452 2696 614 2722 nummo
635 2683 808 2729 caelatus,
837 2682 1001 2722 Pelamis
1019 2682 1094 2728 est,
1123 2681 1174 2722 ad
1190 2680 1452 2722 denotandam
1471 2680 1757 2727 Thunnorum,
1787 2679 1850 2720 seu
1875 2681 2118 2722 Pelamidurn'
2141 2684 2268 2724 versus
2292 2683 2378 2738 ejus

260 2740 364 2781 littus
380 2738 658 2783 abundantiam
677 2743 716 2778 ὃς
733 2737 1003 2792 piscationem,
1031 2737 1084 2778 de
1101 2751 1180 2792 qua
1200 2737 1314 2778 tradit
1328 2736 1464 2777 Strabo
1485 2737 1547 2778 lib.
1568 2751 1605 2789 7.
1627 2750 1711 2791 pag.
1734 2749 1825 2790 320.
1862 2736 2050 2777 Nascitur
2059 2749 2188 2778 autem
2205 2739 2245 2779 in
2264 2739 2378 2781 Palu-

260 2795 376 2835 dibus
386 2794 584 2834 Maeotidis
606 2809 614 2833 :
643 2795 813 2848 cumque
834 2794 981 2849 aliquid
997 2794 1136 2834 virium
1153 2793 1278 2847 cepit,
1306 2806 1351 2832 ac
1366 2792 1416 2832 ad
1432 2792 1538 2834 littus
1559 2792 1744 2833 Asianum
1761 2791 1986 2833 deferuntur
2006 2793 2127 2847 usque
2151 2793 2202 2834 ad
2227 2794 2376 2849 Trape-

262 2862 422 2891 zuntem
439 2853 478 2889 δε
493 2849 743 2890 Pharnaciam
755 2877 767 2896 ,
794 2860 913 2903 atque
929 2850 982 2890 ibi
999 2850 1166 2904 primum
1182 2849 1383 2902 capiuntur
1401 2863 1409 2887 :
1436 2848 1502 2888 sed
1519 2862 1565 2888 ea
1582 2847 1914 2902 piscatio'copiosa
1929 2861 2010 2888 non
2026 2849 2102 2896 est,
2131 2849 2222 2902 quia
2233 2849 2376 2903 justam

263 2904 570 2961 magnitudinem
586 2905 800 2945 Pelamides
818 2919 897 2945 non
914 2905 1000 2944 sunt
1015 2904 1201 2945 assecutae.
1232 2907 1360 2944 Σινώπην
1376 2910 1685 2954 ωυῑὲπι,ώρω,τὲς9ι
1701 2908 1782 2951 wc
1795 2922 1827 2942 τε
1845 2906 1899 2942 viu)
1914 2907 2008 2953 θῆςριν
2019 2911 2042 2957 23,
2062 2906 2118 2943 vlu>
2129 2909 2293 2956 mfflxa'aa
2311 2907 2378 2948 edu.
2425 2920 2429 2924 *
2474 2931 2475 2934 ,

264 2963 336 3003 Ad
353 2961 513 3013 Sinopen
530 2959 644 3015 nsque
653 2960 849 3014 provec‘Zae
855 2961 948 3015 jam
976 2959 1024 3002 ὠ»
1050 2968 1165 3013 captu
1189 2959 1358 2999 meliores
1364 2960 1484 3009 sunt,
1513 2959 1560 3003 ἐφ’
1584 2960 1640 3002 ad
1650 2960 1924 3013 salsamentum
1954 2961 2223 3002 commodiores.
2271 2961 2380 3005 Post·

264 3018 384 3071 quam
405 3015 455 3056 ad
471 3016 650 3111 ffyaneas
666 3015 870 3070 appulere,
897 3014 1037 3070 easque
1052 3014 1290 3069 praeteriere,
1318 3013 1369 3056 ad
1385 3014 1618 3069 Byzantium
1637 3019 1676 3056 ὃ(
1691 3016 1742 3058 ad
1761 3030 1882 3057 cornu
1898 3021 1982 3070 ejus
2001 3029 2298 3067 convertuntur,
2323 3016 2377 3062 ibi

267 3072 309 3113 fit
325 3073 433 3113 tertia
453 3072 491 3126 pi
508 3071 618 3111 catio.
2466 3030 2491 3147 J

321 3150 404 3195 Hic
424 3163 596 3195 nummus
612 3151 776 3191 minimae
791 3149 921 3198 molis,
949 3148 975 3191 ci
992 3147 1142 3193 Patino
1151 3159 1240 3205 pag.
1262 3161 1355 3204 317.
1379 3147 1583 3203 vagatus,
1609 3150 1712 3191 inter
1719 3149 2000 3206 praestantiores
2017 3150 2263 3194 collocandus.
2366 3176 2370 3190 ·
2468 3146 2491 3219 5}ss

1127 3247 1160 3289 S
1210 3246 1253 3290 T
1300 3248 1338 3288 Ο
1393 3249 1431 3291 Β
1486 3247 1525 3290 I.

285 3842 320 3868 v.
351 3841 370 3866 s
385 3841 408 3866 Ε
422 3841 442 3866 p
454 3841 492 3866 τ.
525 3840 550 3867 c,
563 3841 587 3865 E
601 3840 624 3866 T
639 3839 667 3866 A
699 3840 722 3866 c
736 3840 761 3866 A
776 3841 799 3867 E
813 3841 846 3867 s.
875 3829 1009 3884 Caput
1024 3830 1138 3872 Getae
1155 3827 1233 3870 fine
1247 3829 1382 3871 laurea.

336 3896 374 3923 M
386 3897 411 3922 v
424 3895 454 3922 N
468 3897 482 3921 1
495 3897 517 3922 c
530 3896 545 3921 1
557 3896 589 3921 p,
621 3896 641 3921 s
654 3896 679 3922 τ
692 3896 718 3922 o
733 3896 755 3923 B
766 3897 790 3922 E
802 3896 832 3922 N
846 3898 879 3925 s.
909 3886 1165 3942 Municipium
1181 3885 1417 3937 Stobenstum.
1448 3881 1617 3929 Vistoria
1636 3878 1836 3940 gradiens,
1863 3877 1998 3927 dextra
2020 3881 2210 3936 lauream,
2239 3880 2380 3927 sinistri

391 3937 557 3992 palmam
571 3938 677 3992 gerit.
2035 3940 2040 3944 ’

2272 3992 2381 4050 Stobi
