2574 4214
277 174 292 202 1
310 174 367 202 ze
423 193 426 197 .
1072 157 1122 205 N
1229 156 1264 203 E
1366 154 1413 205 R
1515 154 1578 205 O.
1874 214 1877 215 ⁷

221 247 228 256 ·
272 222 387 262 tradit
406 220 484 261 Dio
501 217 564 262 lib.
579 224 642 263 60.
660 231 744 277 pag.
765 224 857 264 686.
885 226 941 264 xm*
962 226 1020 273 peel·
1043 230 1134 273 ὀλίγον
1157 224 1211 261 vlu)
1231 227 1420 271 dsznsstslw*
1436 229 1635 272 Ayelamlvow
1651 224 1740 272 ’ἔγημε
1756 250 1766 264 ,
1794 214 1884 263 dd}
1899 226 2021 271 Δομιτίκ
2037 222 2060 263 Ξ
2075 223 2216 269 Nipwv&
2232 229 2371 272 {mepa-

274 283 402 321 fflw&
414 283 554 325 pnm‘gy,
578 279 626 325 &i
642 281 675 324 ,Ξ
689 282 766 320 καλὴ
783 279 837 315 lui.
875 277 1076 333 Pauloque
1093 276 1173 329 post
1187 277 1337 331 fratris
1351 278 1422 330 sici
1440 278 1567 328 filiam
1592 280 1844 332 Agrippinam
1869 287 2027 318 matrem
2048 278 2222 319 ‘Domitii
2244 293 2374 333 cogno-

273 340 397 371 mento
414 331 583 372 Neronis
595 359 606 378 ‚
636 345 790 372 uxorem
809 333 925 372 duxit
937 358 949 379 ‚
962 332 1097 385 forma
1111 332 1294 387 infignem.
1333 333 1373 373 Is
1389 348 1482 373 vero
1499 346 1679 373 nummus
1695 335 1716 373 a
1733 333 1946 374 Corinthiis
1963 333 2092 385 primis
2109 333 2265 387 Imperii
2284 334 2371 373 Ne-

271 387 377 427 ronis
394 386 632 441 temporibus
645 388 838 440 percussus
855 387 929 433 est,
958 388 1046 427 cum
1064 388 1097 427 is
1113 388 1280 428 maxime
1296 400 1455 428 matrem
1475 388 1743 434 venerabatur,
1773 399 1815 428 ut
1829 400 1953 428 narrat
1969 388 2174 428 Suetonius
2189 388 2228 428 in
2241 388 2283 427 N
2286 401 2372 429 ero-

272 455 323 481 ne
341 455 423 496 cap.
441 457 479 492 9.
509 442 637 481 Matri
641 441 834 493 simmam
850 443 1011 482 omnium
1026 455 1149 482 rerum
1159 442 1402 495 publicarum
1407 444 1725 498 privatarumque
1732 442 1910 498 permisi).
1944 443 2009 484 De
2027 443 2168 485 Fulvio
2187 446 2225 484 δί
2242 443 2374 486 Annio

272 497 499 538 Duumviris
519 496 664 537 dicium
685 498 739 538 est
756 499 796 538 in
815 497 1039 552 Agrippina.

327 574 410 618 Hic
424 589 597 617 nummus
614 578 740 617 tertiae
756 574 1032 631 magnitudinis
1050 575 1151 615 inter
1165 574 1324 615 rariores
1337 572 1552 615 collocatur».

272 1103 305 1134 N
318 1107 341 1134 E
355 1106 385 1134 R
395 1106 423 1133 o
453 1106 477 1134 c
489 1105 516 1132 A
530 1105 568 1132 ιε.
601 1104 629 1132 G
642 1104 666 1131 ε
678 1104 706 1132 a
720 1103 770 1132 M.
804 1104 832 1131 A
846 1104 872 1132 v
885 1092 926 1132 G.
965 1088 1101 1145 Caput
1119 1081 1295 1132 Neronis
1310 1089 1509 1132 radiatum.

327 1163 388 1190 co
400 1163 440 1188 n.
472 1162 496 1188 τ
511 1161 539 1187 1.
570 1161 593 1187 c
605 1162 631 1187 L
645 1161 673 1187 A
688 1161 714 1186 v
725 1162 752 1188 n
763 1160 826 1187 10.
857 1160 872 1186 1
886 1160 912 1186 1.
943 1159 970 1186 v
984 1160 998 1186 1
1011 1160 1051 1187 R.
1083 1160 1123 1196 q.
1157 1160 1183 1187 A
1197 1161 1223 1186 D
1236 1160 1276 1187 v,
1309 1161 1335 1187 A
1355 1160 1377 1186 v
1388 1161 1428 1187 e.
1459 1145 1655 1193 Corinthi,
1679 1145 1828 1186 Tiberio
1841 1140 1999 1187 Claudio
2011 1137 2238 1186 ‘Duumviro
2249 1134 2381 1203 Qin-

380 1201 582 1259 quennali,
610 1202 822 1244 Adventus
838 1201 1012 1258 Augusti.
1052 1201 1167 1242 Nero
1184 1213 1340 1257 togatus
1358 1202 1457 1243 stans
1468 1229 1480 1250 ‚
1509 1202 1683 1244 dextram
1701 1201 1911 1242 extendens
1923 1227 1935 1249 ,
1962 1201 2056 1242 lae'va
2074 1201 2266 1243 volumen.

326 1281 522 1322 Corinthii
547 1279 722 1322 Neronis
741 1282 781 1322 in
799 1294 936 1322 eorum
953 1279 1088 1321 urbem
1108 1280 1318 1323 adventum
1340 1280 1379 1321 in
1401 1280 1567 1322 nummis
1592 1281 1641 1321 ad
1664 1287 1840 1321 aeter‘nam
1865 1279 1919 1320 rei
1941 1279 2166 1321 memoriam
2187 1279 2382 1337 signarunt

270 1335 332 1378 his
350 1337 476 1384 notis,
508 1351 532 1377 a
547 1351 626 1377 nv.
657 1351 683 1376 A
699 1351 777 1378 vo.
808 1338 1018 1377 Adventus
1036 1336 1206 1392 Augusti.
1244 1336 1451 1378 Suetonius
1474 1337 1514 1377 in
1540 1338 1623 1390 ejus
1646 1336 1723 1377 vita
1743 1350 1823 1389 cap.
1849 1338 1907 1386 19.
1936 1337 2266 1391 Peregrinationes
2284 1334 2383 1377 dua's

270 1406 420 1433 omnino
425 1392 617 1448 suscepit,
647 1392 933 1433 Alexandriam
950 1390 998 1437 ὠ·
1014 1393 1229 1433 Achaiam:
1246 1391 1324 1445 fid
1335 1391 1626 1439 Alexandrina,
1653 1390 1730 1446 ipso
1739 1390 1986 1445 profec‘h'onis
2000 1390 2080 1437 die,
2100 1391 2256 1443 destitit.
2284 1390 2386 1432 Ide‘o

271 1460 452 1504 togatus,
482 1451 521 1488 &
547 1462 629 1488 non
657 1447 861 1503 paludatus
889 1448 931 1487 in
955 1461 1119 1488 nummo
1146 1447 1349 1489 exhibetur
1365 1473 1378 1493 ,
1407 1448 1592 1502 quoniam
1615 1448 1655 1487 in
1675 1461 1768 1501 pace
1785 1447 1933 1487 tantum
1951 1457 2052 1502 togae
2069 1446 2156 1486 usus
2173 1458 2273 1493 erat3
2300 1445 2386 1487 haec

272 1515 367 1559 toga
387 1504 408 1542 a
429 1503 598 1558 tegendo
611 1528 622 1550 ‚
650 1503 762 1558 quud
783 1515 923 1558 corpus
940 1512 1068 1558 tegat,
1097 1502 1219 1544 dieta:
1247 1503 1630 1557 superimponebatur
1650 1515 1777 1543 autem
1794 1502 1931 1542 tunicae
1948 1522 1960 1548 3
1989 1503 2070 1541 laxa
2086 1506 2166 1542 erat
2181 1528 2193 1548 ‚
2223 1505 2262 1543 ὃς
2281 1501 2320 1542 in
2338 1497 2387 1543 fi—

272 1572 368 1600 num
386 1559 514 1599 multis
530 1560 699 1612 crispulis
719 1558 921 1599 substracta
938 1559 1237 1616 succingebatur.
1277 1558 1338 1599 Sic
1356 1559 1448 1612 toga
1462 1570 1618 1599 ornatus
1635 1558 1838 1598 exhibetur
1854 1558 2075 1598 Hadrianus
2092 1557 2132 1596 in
2148 1558 2315 1597 nummis
2330 1557 2385 1598 ob'

273 1615 359 1667 ejus
375 1614 703 1670 peregrinationes
718 1613 828 1655 cufis.
866 1614 1068 1655 Nummos
1081 1616 1162 1668 jam
1180 1613 1291 1668 supra
1308 1613 1375 1655 sub
1392 1614 1483 1655 Tib.
1498 1614 1654 1655 Claudii
1665 1613 1804 1666 Optati
1823 1613 2080 1653 Duumviratu
2099 1612 2291 1666 percussos
2306 1611 2388 1653 vul-

274 1671 471 1726 gavimus,
499 1671 540 1710 in
557 1670 634 1711 hoc
651 1670 846 1710 Duumvir
862 1670 1179 1725 Qinquennalis
1197 1668 1430 1724 perhibetur.
1468 1669 1727 1710 Duumviralis
1742 1669 1899 1709 tandem
1919 1668 2143 1708 Censoriam
2161 1668 2389 1724 dignitatem

274 1728 444 1781 accepit,
474 1740 594 1781 penes
611 1740 730 1781 quam
747 1726 864 1767 etiam
884 1739 965 1767 erat
982 1737 1149 1767 monetae
1165 1724 1356 1766 cudendae
1372 1724 1532 1766 facultas
1546 1752 1556 1769 ,
1584 1737 1627 1765 ut
1645 1728 1681 1763 ὅ(
1698 1738 1816 1778 penes
1836 1724 2071 1765 Duumviros
2081 1743 2093 1771 3
2122 1723 2233 1778 quod
2249 1722 2388 1765 confirss

275 1795 356 1824 mat
372 1783 541 1823 nostram
559 1780 610 1823 de
626 1782 800 1822 Neronis
816 1781 938 1822 statua
955 1782 978 1822 a
995 1781 1220 1823 Duumviris
1232 1781 1602 1836 Qinquennalibus
1618 1780 1742 1837 posita
1756 1780 1990 1822 sententiam.

332 1860 416 1903 Hic
430 1874 603 1902 nummus
621 1859 933 1915 minimaeformae
945 1861 1050 1902 inter
1063 1859 1310 1917 elegantiores
1317 1858 1530 1915 ponendus.

280 2407 433 2443 Naxo
464 2409 567 2440 cna
580 2395 661 2438 vni
690 2404 904 2438 cansam
934 2405 964 2435 A
977 2404 1056 2435 ve.
1085 2403 1253 2435 Genu.
1282 2398 1396 2433 uvir.
1435 2388 1570 2445 Caput
1586 2387 1761 2431 Neronis
1775 2388 2001 2431 laureatumL

341 2470 365 2496 c
375 2469 401 2496 o
412 2468 452 2495 R.
485 2467 514 2494 A
525 2468 551 2494 D
562 2467 589 2494 v
599 2467 624 2493 E
634 2465 666 2493 N
679 2465 703 2492 τ
715 2465 742 2493 v
754 2465 774 2492 s
809 2466 836 2492 A
851 2464 878 2492 v
890 2462 929 2491 G.
968 2448 1174 2497 Corinthi,
1201 2445 1412 2490 Adventus
1429 2447 1599 2500 Augusti.
1637 2446 1762 2487 Navis
1779 2446 1966 2500 praetoria.

338 2531 539 2573 Corinthii
561 2544 698 2571 navem
712 2557 724 2577 ‚
749 2527 861 2584 supra
879 2542 997 2584 quam
1015 2526 1130 2569 Nero
1147 2525 1199 2567 ad
1217 2538 1351 2568 eorum
1367 2525 1498 2565 urbem
1521 2525 1720 2579 appulerat
1735 2550 1747 2571 ,
1775 2524 1824 2565 ad
1843 2535 2023 2564 aeternam
2041 2521 2094 2563 rei
2112 2521 2335 2563 memOriam
2349 2520 2392 2564 ixi

285 2588 456 2632 nummis
474 2600 563 2627 cum
581 2580 794 2642 epigraphe
825 2598 851 2624 A
865 2598 892 2624 D
904 2596 931 2624 v
944 2598 969 2624 E
981 2597 1012 2624 N
1025 2598 1050 2624 τ
1061 2597 1089 2623 v
1103 2596 1122 2622 s
1156 2595 1184 2622 A
1195 2594 1223 2622 v
1236 2591 1276 2623 G.
1307 2580 1518 2634 insculpere
1539 2579 1752 2621 voluerunt.
1798 2579 1964 2634 Opinati
1982 2578 2140 2633 quidam
2158 2578 2310 2631 poffent
2328 2591 2395 2620 na-

285 2656 376 2686 'vem
397 2643 445 2683 ab
463 2643 534 2683 illis
553 2641 643 2681 ideo
658 2641 850 2694 demetam
869 2639 966 2686 effe,
996 2639 1088 2693 quia
1103 2637 1314 2679 triremium
1335 2636 1510 2677 inventio
1528 2635 1618 2690 ipsis
1635 2634 1866 2689 potissimum
1884 2633 2130 2679 adscribitur,
2156 2633 2262 2686 juxta
2277 2632 2393 2674 Thu·

285 2698 467 2756 cydidem
484 2717 496 2744 3
522 2696 587 2737 sed
609 2696 737 2737 falsam
758 2708 894 2736 eorum
914 2694 1142 2748 opinionem
1162 2692 1254 2734 inde
1273 2691 1525 2746 conjicimus,
1555 2691 1665 2744 quod
1681 2689 1877 2730 Patrensts
1896 2689 2062 2730 eundem
2082 2693 2218 2742 typum
2240 2702 2328 2729 cum
2350 2686 2396 2730 fi·

287 2756 368 2799 mili
393 2752 604 2808 epigraphe
626 2749 883 2806 percusserint.
930 2748 1118 2791 Triremis
1143 2747 1321 2803 pra-:toria
1348 2747 1423 2788 esse
1450 2745 1627 2794 videtur,
1654 2745 1798 2796 etiamsi
1822 2757 1898 2786 tres
1918 2744 2002 2798 ejus
2023 2757 2216 2795 remorum
2239 2743 2398 2786 ordines

288 2822 449 2865 propter
467 2807 660 2861 scalptoris
676 2805 950 2862 negligentiam
969 2804 1103 2860 fignati
1121 2804 1160 2843 in·
1177 2803 1346 2844 nummis
1362 2811 1443 2843 non
1462 2799 1719 2843 observentur.
1749 2800 1794 2842 N
1797 2807 1886 2841 aves
1903 2799 2042 2854 quibus
2059 2799 2314 2853 Imperatores
2331 2813 2399 2841 vo-

288 2866 481 2908 hebantur
500 2890 513 2910 ‚
539 2863 791 2915 utplurimum
810 2888 822 2907 ,
848 2861 950 2902 utin
968 2859 1160 2901 Hadriani
1183 2862 1222 2898 &
1245 2857 1434 2898 Gordiani
1458 2857 1516 2896 Pii
1539 2857 1704 2897 nummis
1723 2882 1735 2902 ,
1761 2864 1809 2896 e‘x
1832 2854 1952 2896 tribus
1974 2861 2167 2895 remorum
2195 2853 2398 2895 ordinibus

289 2932 400 2963 erant
419 2917 643 2968 compofitae
661 2943 672 2963 ,
702 2916 842 2969 easque
859 2915 997 2956 nostris
1013 2914 1182 2955 utiliores
1202 2912 1326 2953 asserit
1344 2912 1401 2951 vir
1421 2910 1465 2951 cl.
1486 2911 1617 2965 Raph.
1636 2911 1839 2951 Fabrettus
1851 2937 1864 2957 ‚
1893 2910 1958 2964 qui
1979 2909 2029 2950 de
2048 2909 2093 2950 iis
2113 2908 2264 2949 erudite:
2282 2908 2395 2950 difle-

291 2978 366 3017 ruit
381 2975 431 3015 de
446 2973 534 3014 Col.
549 2972 706 3024 Trajan.
725 2985 808 3026 cap.
829 2983 863 3021 5.
891 2970 1070 3010 Praetoria
1087 2967 1214 3013 navis,
1242 2978 1286 3008 ut
1302 2965 1421 3006 classis
1436 2965 1615 3021 princeps
1629 2966 1759 3022 ignem
1775 2966 1918 3007 caetcris
1936 2964 2111 3020 praefert‚
2137 2964 2161 3005 a
2179 2971 2258 3020 qua
2276 2962 2396 3006 diste-

290 3032 383 3074 dere
400 3030 516 3071 etiam
536 3028 574 3068 in
594 3027 843 3081 tempestate,
870 3025 940 3066 nisi
956 3024 1045 3066 data
1064 3022 1267 3070 facultate,
1294 3020 1468 3077 nuspiam
1483 3020 1582 3063 licet.

348 3109 432 3151 Hic
450 3107 664 3152 nummulus
672 3106 857 3162 frequens
874 3103 924 3158 est
944 3100 993 3148 ὢ
1011 3102 1159 3146 obvius.

307 3641 375 3668 Nn
390 3638 455 3666 Ro
487 3637 673 3664 cmivn.
705 3636 852 3665 cans.
882 3637 1001 3664 nvo.
1034 3633 1198 3664 GERM.
1233 3618 1369 3674 Caput
1384 3615 1558 3658 Neronis
1570 3613 1793 3676 laureatum.
2171 3665 2179 3673 ι
2368 3664 2376 3672 1

340 3697 422 3724 ‘co
435 3695 477 3720 a.
511 3694 546 3719 c.
574 3693 589 3719 1
600 3693 626 3718 v
637 3693 663 3718 L
674 3692 689 3717 1
702 3693 728 3718 o
759 3694 781 3718 Ρ
793 3694 819 3719 o
831 3694 856 3720 L
868 3693 893 3719 r
907 3693 934 3718 A
948 3693 973 3718 n
985 3691 1015 3718 N
1027 3693 1055 3719 o
1085 3692 1102 3719 1
1113 3691 1143 3719 1.
1174 3690 1202 3718 v
1213 3689 1229 3716 1
1241 3688 1286 3716 R.
1321 3673 1527 3720 Corinthi,
1554 3672 1647 3712 Caio
1661 3669 1775 3724 Julio
1798 3665 1975 3721 ‘Pohraeno‘
1992 3664 2229 3707 Duumvtro.
2271 3663 2398 3706 Navis

418 3735 593 3791 praetoria
610 3747 699 3773 cum
715 3735 999 3790 remigantibus.

364 3814 443 3854 Hic
460 3825 639 3853 nummus
658 3811 830 3852 Neronis
844 3813 884 3852 in
899 3812 1034 3852 urbem
1051 3809 1259 3850 adventum
1276 3835 1289 3855 ‚
1319 3807 1414 3848 dum
1430 3805 1491 3846 ille
1508 3798 1917 3863 portum‘ingrediturf.
1942 3797 2108 3841 exhibet.
2145 3797 2399 3854 Remigante8

310 3869 350 3912 in
369 3869 509 3910 triremi
524 3865 708 3922 praetori?
716 3866 1001 3921 conspiciuntur
1012 3892 1024 3912 ‚
1052 3868 1090 3904 &
1111 3877 1154 3905 ut
1171 3864 1340 3916 loquitur
1356 3861 1541 3922 Virgilius
1557 3857 1750 3920 AEneidos
1765 3855 1828 3898 hb.
1848 3867 1884 3908 5.

654 3924 663 3930 ”
952 3919 1112 3976 Triplici
1130 3917 1358 3973 consurgunt
1373 3918 1502 3958 ordine
1520 3926 1624 3955 remi.
2337 3952 2405 4002 De
