2574 4214
130 795 154 840 ’τ
167 811 196 838 1.
226 811 249 837 c
262 792 287 836 ἑΑ
303 807 351 835 Es
364 807 390 834 A
404 807 447 833 R.
478 806 608 833 D1v1.
642 805 756 831 AVG.
788 805 825 831 F.
857 805 883 831 A
897 793 956 832 Vc
972 806 998 831 v
1013 806 1031 831 s
1046 806 1083 832 T.
1117 805 1181 831 1M
1194 806 1229 833 P.
1259 807 1285 832 v
1300 807 1315 832 1
1333 807 1348 832 1
1367 807 1398 832 1.
1440 795 1572 849 Caput
1586 793 1733 834 Tiberii
1754 793 1832 833 fine
1852 793 1988 834 laurea.

183 868 217 894 c.
247 864 350 891 vm.
379 862 496 888 MAR
514 861 586 887 so.
618 861 697 887 PR.
731 860 835 886 cos.
866 861 944 886 NE.
983 849 1021 887 in
1049 847 1129 887 aliis
1160 861 1281 888 NER.
1315 863 1426 889 cAE.
1460 864 1498 901 Q·
1529 865 1604 890 PR.
1637 863 1676 888 A.
1709 863 1754 888 M.
1788 862 2089 889 GEMELLvs.
2123 864 2160 890 F.
2183 864 2220 890 c.

237 906 332 947 Caio
358 904 467 945 Vibio
490 902 622 955 Marso
647 901 876 953 ‘Proconsule
893 930 905 948 ,
936 902 1088 942 Nerone
1105 903 1251 954 Caesare
1266 904 1460 959 Qaestore
1475 905 1722 945 ‘provinciali
1740 932 1752 950 ,
1778 904 1906 944 Aulus
1923 905 2129 944 Memmius
2149 905 2223 945 Ge-

236 960 366 1002 mellus
377 957 468 1011 fieri
489 960 655 998 curavit.
693 957 836 1013 Figura
851 958 1044 999 muliebris
1063 959 1186 999 velata
1201 959 1335 1000 sedens
1352 987 1364 1006 ,
1394 959 1526 1000 dextra
1543 971 1713 1015 pateram
1731 987 1742 1005 ,
1769 959 1861 999 laeva
1876 959 2047 1006 hastam,
2074 960 2114 1000 in
2136 973 2224 1004 area

235 1032 272 1058 D.
290 1031 330 1056 D.
354 1014 388 1055 Ρ.
408 1027 443 1053 Ρ.
473 1013 713 1053 Decuriones
721 1012 942 1067 posuerunt.

179 1094 244 1135 Ad
260 1093 420 1134 Uticam
437 1090 605 1146 pertinet
623 1090 825 1137 nummus,
854 1091 922 1132 etfi
938 1088 1083 1132 nomen
1101 1093 1202 1133 urbis
1217 1092 1324 1134 desit.
1353 1093 1495 1149 Figura
1511 1093 1665 1140 sedens,
1683 1093 1802 1133 statua
1819 1094 1873 1133 est
1889 1093 2007 1134 Liviae
2023 1092 2086 1133 seu
2102 1090 2222 1146 Juliae,

122 1147 454 1206 quemadmodum
474 1148 514 1188 in
534 1147 728 1201 superiore
743 1161 907 1187 nummo
924 1176 936 1195 ,
965 1148 1013 1187 ab
1036 1147 1284 1188 Uticensibus
1306 1149 1463 1189 decreto
1488 1149 1754 1189 Decurionum
1779 1148 1931 1203 publice
1956 1147 2091 1202 pofita.
2131 1149 2222 1188 Uti-

121 1205 271 1259 censes,
290 1215 335 1244 ut
345 1202 507 1243 Tiberio
522 1202 820 1257 gratularentur,
849 1204 978 1244 matris
998 1203 1180 1258 Augusta:
1199 1204 1357 1244 statuam
1375 1204 1620 1245 dedicarunt:
1648 1204 1802 1258 plurimi
1819 1205 1921 1245 enim
1939 1204 1991 1244 illi
2009 1204 2140 1258 primis
2151 1203 2222 1243 Ti-

121 1260 214 1302 berii
229 1260 379 1313 imperii
395 1257 633 1312 temporibus
649 1256 764 1298 delati
780 1256 866 1298 sunt
880 1258 1074 1305 honores,
1103 1259 1194 1299 teste
1212 1259 1342 1300 Dione
1358 1256 1421 1300 lib.
1441 1272 1501 1310 57.
1521 1273 1607 1315 pag.
1628 1265 1719 1309 609.
1751 1265 1826 1297 Ax‘n
1842 1262 1980 1304 ὒὲηςυλωῖ
1994 1265 2028 1296 αἱ
2042 1261 2063 1302 Ξ
2077 1262 2217 1304 ricem,

121 1319 170 1366 Ul
183 1319 211 1354 ’πὶ
226 1319 333 1357 &adme
349 1317 441 1365 ἕνομοο
455 1316 557 1367 χξὸνον
573 1316 637 1352 wei
653 1317 754 1366 ἔχων,
779 1315 826 1362 Q
846 1317 990 1362 ἑκοίῲεπ
1007 1319 1124 1361 ἀμφοῖν
1140 1319 1258 1361 ὁμοίως.
1294 1315 1525 1369 Qinetiam
1548 1315 1707 1369 epistolis
1732 1315 1874 1355 Tiberii
1891 1342 1903 1361 ,
1933 1329 2061 1355 nomen
2087 1315 2222 1358 matres?

121 1370 345 1428 'aliquandiu
362 1370 593 1424 adscriptum
596 1369 708 1424 suit,
735 1369 945 1426 litteraeque
959 1369 1015 1409 ad
1025 1369 1217 1408 Tiberim
1234 1371 1359 1416 datae,
1387 1370 1521 1409 Liviae
1538 1372 1654 1410 etiam
1669 1370 1978 1421 inscribebantur.
2009 1370 2115 1410 Cum
2134 1371 2224 1410 ante

122 1432 209 1484 pag.
225 1430 315 1467 600.
334 1425 500 1466 dixisset:
528 1433 697 1477 Hgocrifflrmoi
713 1429 732 1476 ’3
747 1429 775 1464 ‘ni
791 1431 818 1465 ’θ
834 1433 937 1466 Λικΐοις
952 1431 1060 1474 ὄνομα,
1080 1427 1121 1463 ὅτι
1138 1427 1185 1473 Q
1202 1428 1280 1466 οἰυτνῖ
1295 1433 1320 1463 “z‘-
1336 1429 1544 1474 πξαγμοίτων,
1568 1431 1604 1464 ὥς
1620 1428 1666 1474 Q
1683 1432 1863 1477 οἰυταξχὲαῑκ
1879 1423 2069 1464 duamani..
2084 1424 2219 1464 Liviae

117 1482 224 1539 porro
240 1496 369 1523 nomen
378 1480 511 1522 addidi
520 1509 532 1528 ,
549 1481 652 1536 quod
665 1482 747 1536 ipsa
764 1484 900 1528 etiam,
919 1480 1026 1537 quast
1034 1481 1266 1534 Imperatrix
1278 1507 1290 1526 ,
1310 1480 1421 1520 rebus
1422 1480 1508 1531 fi’fi'
1522 1479 1673 1534 ingfft.
1705 1480 1799 1533 Qa
1815 1480 1866 1520 de
1883 1495 1922 1520 re
1932 1477 2135 1520 Uticenses
2152 1480 2223 1530 staf

122 1551 228 1581 tuam
244 1537 436 1592 publicam
449 1564 460 1583 ,
488 1537 538 1577 C.
558 1536 679 1578 Vibio
697 1537 828 1577 Marso
844 1535 1075 1577 PrOconsule
1093 1563 1106 1582 ,
1135 1539 1172 1575 &
1189 1535 1355 1576 Nerone
1372 1534 1521 1575 Caesare
1542 1535 1745 1585 Quaestore
1769 1533 1979 1589 provinciae,
1991 1562 2002 1581 ‚
2032 1534 2136 1586 Juliae
2155 1535 2224 1576 de-

121 1594 316 1635 dicarunt:
343 1593 409 1633 sed
425 1593 514 1633 cum
534 1604 608 1633 tres
628 1606 752 1633 annos
769 1593 929 1634 Vibium
951 1591 1123 1632 Marsum
1142 1590 1280 1632 Africae
1298 1605 1346 1644 ex
1362 1590 1607 1644 sequentibus
1629 1591 1796 1631 nummis
1812 1589 2000 1644 praefuiffe
2017 1587 2224 1637 docemur,

116 1650 172 1690 de
187 1647 302 1703 ipfius
319 1649 357 1688 in
378 1648 451 1688 hac
468 1648 666 1702 provincia
680 1647 976 1694 Proconsulatu,
1005 1651 1043 1687 ὅτ
1059 1645 1233 1701 Neronis
1253 1646 1322 1686 sub
1337 1660 1387 1686 eo
1408 1647 1614 1698 Qaestura
1630 1646 1903 1700 inquirendum
1920 1646 2082 1686 videtur.
2113 1672 2116 1676 -
2182 1688 2185 1690 ,

175 1705 225 1746 C.
244 1703 382 1745 Vibius
404 1703 556 1745 Marsus
572 1703 796 1744 Germanici
812 1704 979 1758 Legatus
999 1701 1072 1747 fluit
1087 1730 1100 1748 ,
1130 1704 1220 1743 cum
1242 1701 1306 1742 hic
1328 1702 1367 1741 in
1387 1701 1492 1756 Syria
1512 1716 1616 1742 anno
1634 1702 1687 1742 U.
1704 1701 1753 1742 C.
1773 1715 1863 1754 771.
1883 1713 2057 1742 mortuus
2073 1701 2128 1741 est
2140 1727 2152 1746 ,
2180 1711 2223 1741 ut

119 1759 244 1800 innuit
258 1759 420 1801 Tacitus
437 1759 576 1799 Annal.
595 1759 656 1799 lib.
678 1774 712 1798 2.
743 1758 1009 1811 Corfitltatum
1022 1758 1111 1798 inde
1126 1760 1227 1797 inter
1237 1757 1428 1813 Legatos,
1446 1759 1583 1812 quique
1598 1757 1667 1796 alii
1680 1756 1903 1796 Senatorum
1915 1756 2097 1804 aderant,
2126 1756 2226 1811 qm'ss

120 1828 208 1855 nam
225 1814 341 1867 Syriae
352 1814 603 1869 praeficeretur
615 1842 627 1861 ‚
655 1813 703 1858 &
725 1816 871 1854 caeteris
899 1812 1041 1854 modice
1067 1813 1154 1866 nists
1180 1816 1280 1853 inter
1306 1812 1460 1853 Vibium
1477 1811 1654 1865 Alarsum
1672 1809 1719 1855 <VJ
1739 1814 1807 1861 Cn.
1825 1811 1999 1851 Sentium
2015 1811 2081 1851 diu
2098 1810 2226 1865 quaest-

119 1880 225 1917 tum,
252 1870 339 1909 dein
355 1870 510 1921 lilarfits
521 1870 666 1921 seniori
684 1868 732 1913 <VJ
750 1870 880 1910 acrius
897 1869 1070 1910 tendenti
1090 1869 1221 1909 Sentio
1237 1868 1417 1918 conceffit.
1455 1868 1497 1907 E.
1518 1868 1715 1922 Apronius
1731 1868 1770 1907 in
1791 1867 2066 1907 Proconsulatu
2086 1865 2228 1907 Africae

117 1926 198 1980 jam
221 1939 324 1965 anno
345 1925 577 1978 praecedenti
600 1925 660 1964 M.
679 1924 800 1965 Furio
817 1925 984 1964 Camillo
1000 1952 1012 1971 ,
1041 1925 1110 1978 qui
1130 1924 1327 1964 Numidas
1350 1924 1449 1963 duce
1469 1923 1713 1963 Tacfarinate
1738 1922 1935 1978 subegerat
1952 1949 1964 1968 ,
1993 1935 2042 1962 ex
2060 1920 2226 1969 Tacito,

120 1979 289 2021 succeffit
308 1993 412 2019 anno
435 1980 487 2019 U.
507 1980 556 2019 C.
578 1991 670 2030 772.
699 1980 743 2018 L.
766 1981 963 2032 Apronius
988 1992 1121 2029 contra
1144 1978 1342 2029 Numidas
1368 1977 1468 2018 felici
1489 1978 1621 2032 praelio
1646 1978 1833 2032 pugnavit
1849 2005 1861 2024 ,
1890 1978 1985 2017 &in
2006 1976 2138 2030 fugam
2154 1991 2225 2018 eos

119 2036 233 2076 vertit
249 2048 353 2074 anno
370 2047 463 2087 773.
501 2034 616 2074 Mota
633 2034 757 2074 rursus
772 2034 905 2075 Africa
924 2034 1075 2075 incursu
1093 2033 1348 2087 Tacfarinatis
1359 2061 1372 2080 ,
1400 2034 1446 2073 C.
1459 2032 1601 2086 Junius
1620 2032 1759 2072 Blaesus
1778 2034 1957 2087 Apronio
1974 2032 2144 2073 successit
2160 2046 2227 2072 an-

119 2105 175 2131 no
195 2103 218 2142 7
223 2102 287 2141 74.
319 2087 458 2128 Blaesus
475 2089 683 2143 prorogat-21
698 2087 767 2127 fibi
783 2090 981 2142 provincia
997 2088 1285 2128 Tacfarinatem
1305 2088 1420 2127 fratre
1435 2087 1520 2140 ejus
1536 2099 1652 2142 capto
1668 2087 1891 2142 profligavit
1907 2102 2011 2129 anno
2033 2100 2083 2140 77
2093 2100 2132 2139 5.
2143 2087 2226 2133 ,Ti-

119 2146 245 2187 berius
269 2143 396 2195 Druso
417 2142 497 2183 filio
520 2156 677 2184 mortuo
691 2169 704 2189 ,
733 2142 938 2184 Neronem
956 2147 996 2182 &
1016 2142 1183 2183 Drusum
1199 2140 1356 2182 Senatui
1378 2141 1455 2182 hoc
1473 2142 1638 2196 ipsomet
1653 2157 1756 2183 anno
1773 2143 2063 2184 commendavit
2076 2170 2089 2190 ,
2117 2142 2225 2198 apud

118 2199 288 2243 eundem
307 2199 544 2239 Historicum
564 2213 572 2238 :
599 2198 663 2238 Hi
677 2198 808 2244 e(robus
839 2197 947 2238 Nero
965 2194 1014 2241 &¹
1033 2197 1170 2250 Druse
1182 2224 1194 2244 ‚
1211 2199 1418 2252 parentum
1432 2196 1530 2245 loco,
1559 2200 1619 2238 ita
1635 2199 1723 2238 nati
1741 2198 1848 2251 istis,
1875 2208 1920 2240 ut
1939 2200 2036 2239 bona
2052 2198 2154 2239 mala
2181 2212 2228 2239 ue

117 2255 242 2308 vestra
261 2253 316 2294 ad
329 2253 619 2307 Rempublicam
631 2255 861 2309 pertineant.
891 2254 1012 2294 Anno
1033 2257 1125 2305 776.
1155 2252 1356 2297 Dolabella
1371 2252 1581 2294 Proconsul
1595 2253 1767 2305 Africam
1784 2254 1956 2301 sortitus,
1977 2253 2121 2295 bellum
2135 2210 2227 2295 lquu.

116 2310 302 2355 midicum
327 2309 494 2351 confecit
512 2325 520 2349 :
554 2308 655 2349 illam
676 2322 748 2363 per
770 2321 846 2350 tres
870 2323 994 2350 annos
1018 2308 1290 2361 administrasse
1313 2308 1465 2350 videtur
1482 2336 1503 2359 ,Ι
1523 2311 1614 2350 cum
1631 2309 1771 2351 Vibius
1788 2309 1938 2351 Marsus
1955 2306 2058 2350 anno
2074 2313 2166 2362 778.
2184 2311 2226 2352 in

117 2365 228 2409 causa
251 2365 533 2421 Smyrnaeorum
558 2364 784 2405 sententiam
807 2365 848 2404 in
863 2365 1007 2406 Senatu
1026 2365 1164 2406 dixerit
1181 2393 1192 2412 ,
1221 2379 1268 2406 ex
1285 2365 1427 2406 eodem
1444 2364 1587 2406 Tacito
1607 2381 1614 2405 :
1645 2365 1874 2422 Censttitque
1890 2365 2028 2416 Vibius
2042 2363 2228 2417 Marsas,

117 2430 164 2463 ut
178 2420 315 2462 Marco
331 2420 497 2476 Lepido,
524 2421 587 2460 cui
603 2434 654 2472 ea*
661 2422 864 2474 provincia
881 2419 1091 2460 obvenerat
1102 2448 1115 2468 ,
1131 2420 1250 2474 super
1267 2434 1460 2460 numerum
1475 2421 1672 2476 legaretur
1707 2422 1747 2460 ui
1766 2420 1897 2476 templi
1917 2434 2047 2462 curam
2052 2420 2222 2476 sufczPe-

116 2479 188 2518 ret.
218 2478 337 2517 Anno
353 2483 480 2517 autem'
499 2489 591 2528 779.
611 2475 782 2527 Marsus,
809 2485 854 2516 ut
869 2476 1095 2530 opinamur,
1124 2475 1295 2516 Africam
1312 2476 1501 2523 obtinuit,
1531 2480 1569 2516 ὅ(
1582 2476 1685 2530 Qae
1720 2490 1805 2517 ores
1823 2491 1927 2518 anno
1944 2478 2073 2532 primo
2089 2475 2136 2516 N
2137 2491 2222 2518 ero-

119 2536 210 2575 nem
228 2535 266 2572 &
283 2531 450 2573 Drusum
466 2530 635 2572 Caesares
651 2531 798 2572 habuit.
849 2579 851 2581 ¹
1354 2580 1357 2583 ,
2048 2581 2051 2582 ⁷

173 2589 279 2629 Cum
295 2586 374 2628 sors
389 2591 428 2627 &
444 2587 668 2640 conjunffio
684 2586 856 2640 ejusdem
873 2586 1080 2640 provinciae
1097 2586 1411 2628 necessitudinem
1427 2587 1624 2640 quandam
1641 2586 1814 2634 afferret,
1843 2587 1957 2633 Nero
1969 2587 2095 2628 Caesar
2105 2587 2224 2640 Qae-

118 2643 198 2686 stor
214 2643 302 2682 Caii
320 2642 428 2683 Vibii
451 2641 568 2695 patris
588 2642 812 2682 Germanici
835 2642 972 2696 Legati
995 2641 1116 2682 fa&us
1139 2643 1215 2682 effe
1239 2643 1416 2688 videtur3
1445 2642 1555 2695 cujus
1573 2642 1733 2682 honoris
1749 2645 1863 2683 causa
1882 2643 1980 2683 moti
1996 2642 2222 2689 Uticenses,

119 2698 205 2752 ejus
220 2697 432 2749 Qaesturae
447 2697 488 2736 in
503 2696 671 2736 nummis
687 2697 944 2737 meminerunt
956 2724 969 2743 ,
999 2709 1031 2735 N
1043 2710 1080 2736 E.
1111 2711 1134 2735 c
1148 2711 1189 2736 A.
1223 2711 1260 2746 Q.
1292 2711 1313 2735 P
1328 2710 1371 2736 R.
1400 2696 1555 2736 Nerone
1574 2696 1720 2748 Caesare
1739 2697 1935 2752 Qaestore
1951 2697 2199 2741 Provinciali
2208 2722 2223 2745 ‚

118 2754 179 2795 Ita
196 2753 304 2793 Fulv.
324 2750 487 2793 Urfinus
503 2751 602 2792 circa
619 2752 782 2792 Antonii
801 2762 917 2805 caput
933 2752 973 2790 in
993 2750 1156 2791 nummo
1174 2751 1280 2790 Fam.
1295 2751 1458 2791 Valeriae
1487 2765 1536 2790 M.
1568 2766 1592 2791 B
1606 2765 1632 2790 A
1648 2764 1678 2790 R
1691 2765 1713 2790 B
1725 2765 1751 2792 A
1766 2765 1804 2792 T.
1836 2767 1872 2801 Q.
1904 2766 1937 2791 P.
1967 2752 2103 2792 Marco
2119 2754 2220 2794 Bar·

120 2809 209 2849 bato
231 2807 426 2869 Qaestore
449 2806 710 2848 Provinciali.
747 2805 965 2852 Duum'vir,
992 2807 1082 2846 cum
1110 2819 1179 2860 per
1207 2805 1451 2860 praenominis
1474 2819 1516 2845 A.
1538 2809 1690 2847 tantum
1710 2833 1722 2853 ,
1750 2810 1788 2846 &
1805 2807 1973 2847 nominis
1990 2821 2040 2846 M.
2060 2808 2222 2849 initiales

118 2863 258 2905 litteras
277 2862 517 2914 inscribatur,
548 2876 590 2902 A.
609 2862 756 2902 Aulum
772 2889 786 2909 ,
811 2861 922 2917 quod
940 2860 1167 2908 familiarum
1182 2875 1409 2914 praenomen
1426 2861 1616 2915 peculiare
1638 2861 1682 2903 fit
1697 2888 1711 2907 ,
1742 2862 1978 2916 interpretati
1996 2862 2124 2903 sumus
2141 2883 2153 2909 ·,
2180 2868 2220 2904 δε

120 2932 171 2958 Μ.
185 2918 428 2965 Memmium,
455 2917 565 2972 quod
582 2918 659 2958 hoc
675 2931 895 2973 cognomen
909 2916 1109 2956 Memmiae
1125 2916 1232 2970 genti
1248 2915 1412 2970 vulgare.
1450 2917 1512 2956 M.
1530 2928 1659 2957 autem
1678 2917 1890 2959 Memmius
1908 2917 2108 2958 Gemellus
2122 2918 2221 2958 Prae-

119 2986 181 3015 tor
200 2987 301 3014 anno
324 2973 374 3013 U.
392 2975 442 3014 C.
461 2977 513 3022 69
522 2986 555 3024 5.
575 2973 798 3027 perhibetur
815 2981 828 3020 ς’
866 2971 894 3012 fi
917 2971 1076 3026 quidem
1104 2970 1155 3011 ad
1181 2971 1293 3011 aliam
1316 2984 1498 3013 revocent
1518 2971 1699 3013 familiam
1719 2986 1789 3027 per
1807 2986 1858 3013 M.
1875 2973 2119 3020 inchoatam,
2146 2986 2221 3015 nos

120 3039 376 3083 repugnantes
390 3042 471 3069 non
486 3027 697 3070 habebunt.

173 3106 255 3147 Hic
271 3117 441 3148 nummus
451 3106 627 3158 secunda
646 3099 920 3163 magnitudinis
937 3105 958 3146 ἑ
972 3100 1095 3159 museo
1113 3103 1231 3158 nostro
1241 3131 1255 3153 ,
1281 3106 1379 3144 inter
1394 3104 1638 3161 elegantiores
1653 3104 1902 3148 collocandus.

117 3698 183 3728 τι.
215 3702 443 3732 CAESAR.
470 3682 602 3732 n1v1.
635 3706 752 3734 Avo.
784 3707 820 3733 F.
854 3690 1153 3733 Avovsrvs.
1185 3707 1449 3734 1MP.V111.
1489 3693 1789 3747 CaputTiberii
1808 3694 1970 3735 nudum.

171 3758 208 3785 c.
239 3757 336 3784 vm.
366 3759 562 3788 MARSO.
594 3761 671 3788 PR.
705 3762 814 3789 cos.
843 3762 923 3788 DR.
955 3762 1068 3789 cAE.
1102 3763 1144 3802 Q
1170 3761 1244 3789 PR.
1278 3763 1316 3788 τ.
1348 3765 1383 3789 c.
1415 3763 1585 3790 ervs.
1621 3763 1718 3792 1-·.c.
1769 3751 1815 3790 In
1833 3765 1947 3796 area,
1985 3764 2023 3789 D.
2044 3764 2083 3789 D.
2113 3763 2145 3789 Ρ.
2168 3764 2201 3789 P.

122 3802 126 3806 '
190 3832 191 3836 ,
224 3799 317 3839 Caio
343 3799 453 3841 Vibio
475 3801 608 3855 Marso
631 3802 860 3855 Proconficle
873 3830 887 3850 ,
914 3803 1013 3844 Dru
1032 3817 1052 3842 o
1071 3803 1217 3854 Caefizre
1237 3803 1431 3859 Qtaestore
1447 3805 1694 3846 Provinciali
1712 3833 1723 3852 ,
1752 3806 1865 3846 Titus
1883 3808 1917 3845 C
1916 3805 2058 3844 avilius
2075 3805 2206 3858 Rufus

213 3852 304 3905 fieri
321 3857 488 3897 curavit.
515 3857 925 3914 Decurionespofitere.
962 3857 1103 3914 Figura
1118 3858 1312 3900 muliebris
1331 3859 1465 3904 sedens
1482 3872 1525 3900 ut
1544 3859 1662 3914 supra.

122 3953 129 3993 ,ᾗ
170 3931 302 3993 Hujus
325 3935 473 3975 nummi
495 3935 847 3990 interpretationem
868 3937 1096 3992 Angelonus
1114 3952 1203 3992 pag.
1224 3940 1288 3978 28.
1311 3937 1402 3978 edit.
1424 3952 1459 3977 2.
1489 3937 1671 3978 audacior
1690 3937 1828 3979 Patino
1849 3966 1860 3984 ,
1888 3939 1956 3990 qui
1976 3952 2060 3977 cam
2082 3952 2119 3991 p.
2139 3943 2202 3977 66.

118 3999 293 4040 praeterut
306 4016 318 4036 ,
346 3990 537 4046 aggressus
552 3992 628 4039 est,
653 3992 748 4032 Caio
765 3992 879 4034 Vibio
896 3992 1029 4045 Marfh
1045 3990 1276 4045 ‘Proconsule
1288 4020 1301 4040 ,
1327 3994 1423 4034 ‘Dru
1443 4008 1462 4033 o
1479 3992 1627 4044 (Σαβῖνε
1647 3993 1841 4048 ἑζῃρεβυγε
1861 3993 2208 4086 Popn.'iRon}an1'‚

147 4074 151 4081 .
2097 4051 2104 4059 ⁸
2131 4056 2209 4085 itus
