2491 4219
793 142 1617 190 GORDIANUSIII.
2145 154 2248 192 ἐἰ

613 209 713 250 Πῆξοα
729 206 940 254 α’γλαᾶκσιςπυν
956 211 1003 241 ἐπὶ
1016 210 1099 251 χθονὶ
1114 207 1228 247 fitia-ew
1244 209 1370 255 ὀπώρης,
2148 205 2150 207 ‚
2182 161 2211 202 4
2243 204 2247 207 Δ

619 256 766 291 Oa’vcw'nsc
783 258 930 300 ἐμὲᾗυωεν
947 255 1013 293 ‘dane
1029 261 1162 291 κενεώναζ
1176 257 1288 301 οίρέρης,

610 304 748 358 Egens
758 303 1326 356 praeclarosftuc'lusfhrentem
1341 307 1383 344 in
1397 314 1500 345 terra
1516 319 1633 346 uvam
1650 307 1749 346 vitis

611 360 807 413 Vimgenis
825 358 1001 412 tmplevit
1018 361 1136 398 totius
1157 370 1310 399 ventres
1326 369 1444 399 terrae.

138 428 288 469 Idcirco
308 426 449 480 Berytii
467 427 662 467 Bacchum
685 441 769 467 uvae
789 442 983 468 racemum
1003 427 1118 482 ipsius
1141 427 1288 469 donum
1309 441 1506 483 gerentem
1527 429 1740 475 cuderunt,
1768 432 1808 469 ὃς
1826 429 1998 470 Nonnus
2014 429 2103 470 loco
2120 428 2180 470 cit.
2200 428 2241 471 in

139 484 270 538 Beryti
287 483 388 522 urbis
404 481 657 535 descriptione
676 483 818 523 indicat
832 497 879 522 ex
896 498 975 537 qua
995 497 1102 538 parte
1119 484 1225 526 locus
1245 498 1325 525 erat
1341 485 1461 525 vineis
1479 483 1654 525 consitus.

608 559 653 587 Εἰς
666 553 783 596 §agilus
800 553 900 586 νοτίῖω
917 552 1129 598 ψαμωὲωδεές
1144 555 1210 587 εἰσιν
1225 557 1345 601 crimem)

610 606 655 635 Εἰς
669 601 764 645 :efisae
780 602 929 635 Σιδονίὶω·
956 601 1000 637 ὅθτ
1017 605 1131 636 πυικῖλοι
1147 603 1267 647 δένδρεσι
1281 601 1378 642 κήπων

610 648 663 685 Kalx
679 649 808 688 ςαῷυλαῖ
824 648 962 693 molucam-i.

602 697 652 735 In
674 696 803 735 littore
820 696 994 747 Australi
1012 696 1173 748 arenosae
1181 697 1279 747 fimt
1298 700 1376 737 viae

600 751 675 790 Ad
687 761 828 790 terram
846 751 1040 792 Sidoniam
1058 766 1069 790 .-
1098 752 1164 791 ubi
1181 754 1302 792 variae
1318 751 1469 793 arbores
1486 752 1679 794 hortorum

599 806 659 845 Et
675 806 920 858 uvaeflorent.

137 878 200 917 De
217 876 345 929 thyrso
364 874 503 927 Bacchi
519 889 591 928 pro
607 875 720 915 armis
735 874 909 929 symbolo
924 874 1072 916 diCcum
1089 876 1164 922 est,
1191 887 1235 917 ut
1250 876 1301 917 de
1317 875 1505 931 panthera
1526 877 1596 932 ipsi
1612 877 1724 919 sacra.

190 970 273 1010 Hic
288 983 458 1010 nummus
475 969 782 1023 minimaeformae
791 979 864 1023 pro
880 983 965 1010 raro
982 970 1189 1012 habendus.

105 1546 115 1556 κ
132 1532 197 1561 1M
210 1534 244 1560 P.
275 1532 301 1559 G
315 1532 340 1558 ο
354 1532 422 1557 RD
436 1532 450 1556 1
464 1531 491 1556 A
505 1530 533 1557 N
549 1530 605 1556 vs
639 1531 665 1556 A
679 1530 705 1556 v
719 1530 756 1556 G.
788 1532 848 1558 co
863 1531 896 1558 s.
933 1530 948 1557 1
968 1532 999 1557 1.
1042 1518 1176 1572 Caput
1195 1517 1387 1559 Gordiani
1405 1515 1608 1559 radiatum.

185 1590 246 1617 co
261 1590 298 1615 L.
330 1587 434 1613 IVL.
470 1587 495 1611 A
511 1587 537 1612 v
551 1586 591 1612 G.
626 1586 736 1612 FEL.
769 1587 825 1612 BE
840 1587 882 1613 R.
921 1573 1078 1613 Colonia
1106 1573 1224 1625 Julia
1251 1573 1426 1627 Augusta
1453 1573 1567 1614 Feltx
1595 1574 1771 1625 Berytus.
1818 1571 1996 1615 Bacchus
2019 1573 2243 1619 seminudus

240 1644 328 1670 cum
347 1629 540 1683 strophio,
568 1628 703 1668 dextra
718 1629 985 1683 cornucopiae,
1015 1628 1155 1669 finisti-2⁴2
1174 1629 1366 1683 thyrsum,
1393 1643 1467 1684 pro
1483 1629 1649 1684 pedibus
1664 1629 1860 1684 panthera.

180 1708 262 1748 Hic
278 1720 458 1748 nummus
476 1707 682 1747 Gordiano
698 1708 736 1746 in
753 1707 857 1761 Syria
873 1708 1038 1748 moranti
1053 1707 1162 1748 cusus
1179 1708 1331 1749 videtur
1347 1708 1401 1749 ob
1425 1707 1665 1764 epigraphen
1684 1708 1922 1749 Consulatus
1943 1707 2002 1748 II.
2021 1709 2109 1761 post
2130 1711 2242 1763 cujus

127 1764 374 1818 adeptionem
393 1763 432 1802 in
450 1777 534 1802 eam
555 1763 662 1803 venit
677 1763 726 1802 ad
747 1763 1027 1817 propulsandos
1043 1763 1171 1804 Persas
1186 1763 1228 1804 P.
1247 1764 1418 1805 Romani
1444 1765 1660 1818 provincias
1683 1765 1884 1805 vastantes
1926 1764 2101 1806 Bacchus
2119 1766 2160 1806 in
2177 1766 2238 1806 su-

125 1821 267 1874 periori
282 1832 444 1858 nummo
463 1818 597 1858 dextra
614 1831 829 1864 racemum,
858 1831 908 1859 ut·
919 1819 1055 1859 vitium
1071 1819 1191 1865 sator,
1218 1820 1258 1860 in
1278 1820 1355 1861 hoc
1371 1821 1617 1873 cornucopiae
1631 1819 1750 1874 gerit,
1780 1832 1824 1860 ut
1850 1819 1951 1860 urbis
1976 1820 2126 1861 Genius
2144 1836 2152 1861 :
2181 1822 2242 1862 so-

125 1877 253 1916 lemne
271 1875 376 1913 enim
395 1873 511 1913 Genii
528 1873 764 1926 symbolum,
792 1875 1040 1929 cornucopiae
1056 1875 1120 1916 est.
1151 1875 1196 1915 N
1198 1889 1325 1917 onnus
1341 1888 1471 1917 autem
1488 1876 1648 1930 Dionys.
1668 1889 1733 1928 41-
1769 1875 1922 1917 Beroen
1942 1877 2077 1918 urbem
2095 1876 2239 1920 Bacchi

126 1930 425 1972 fundamentum
445 1929 620 1983 appellat.
1080 1979 1081 1982 Ἴ

622 2001 692 2046 Ρίζοι
706 2000 759 2040 βιέ
775 1998 872 2045 Βερᾶη,
899 2002 999 2034 κυλίων
1016 1999 1141 2042 τξοφδς,
1168 1998 1279 2047 ὥχΘύ
1297 1998 1451 2040 dudm-rosv,

615 2096 719 2140 Βάκχε
734 2095 823 2142 πξνόν
839 2096 984 2136 ἔδεθλον,
1010 2096 1146 2131 ὀνοαῖλιον
1161 2096 1320 2144 ἰοχεοάρης.

610 2144 750 2183 Radix
771 2146 867 2183 vitae
885 2145 1025 2191 Beroe,
1053 2145 1202 2185 urbium
1219 2148 1378 2192 nutrix,
1404 2144 1518 2185 decus
1534 2146 1684 2198 regum,

613 2229 1426 2240 0000000000000

607 2253 757 2298 Bacchi
758 2251 978 2308 jucundum
980 2246 1305 2307 fimdamentum,
1331 2254 1563 2295 domicilium
1577 2255 1738 2296 Dianae.

122 2322 268 2378 Berytii
283 2322 455 2378 alludunt
472 2320 595 2360 forsan
616 2321 772 2361 Baccho
790 2321 890 2361 urbis
910 2321 985 2361 suae
1005 2321 1139 2362 Genio
1158 2323 1407 2376 cornucopiae
1423 2324 1593 2378 gerenti,
1620 2325 1733 2378 quod
1754 2322 1819 2366 ille
1841 2324 1930 2380 post
1945 2325 2078 2368 vinum
2096 2325 2235 2382 inveni

105 2389 206 2420 ·tum
217 2406 229 2426 ,
256 2388 376 2420 cornu
393 2377 442 2418 ad
458 2376 552 2417 illud
570 2376 781 2416 bibendum
800 2376 888 2416 usus
905 2376 970 2423 fit,
1001 2377 1096 2417 teste
1109 2376 1253 2417 eodem
1272 2377 1317 2418 N
1319 2391 1428 2419 onno
1449 2378 1611 2434 Dionys.
1634 2393 1699 2421 12.

612 2446 669 2484 Kal
684 2448 778 2483 δέπας·
792 2447 925 2492 ἀγκύλον
938 2444 1003 2492 εἶχε
1020 2446 1091 2489 βοδς
1105 2449 1197 2491 κέρας.

614 2496 673 2536 Et
680 2495 859 2550 poculum
874 2509 1036 2535 curvum
1052 2496 1188 2536 habuit
1203 2495 1315 2536 bovis
1331 2510 1456 2538 cornu.

121 2564 245 2618 Quafi
266 2564 357 2605 illud
374 2578 493 2605 cornu
511 2564 672 2605 alterum
688 2563 732 2605 s1t
748 2563 991 2604 abundantiae
1007 2563 1235 2618 symbolum.
1270 2565 1332 2605 De
1352 2564 1484 2618 thyrso
1500 2568 1541 2605 &
1557 2565 1744 2620 panthera
1761 2566 1894 2621 saepius
1910 2567 1931 2607 a
1948 2566 2058 2608 nobis
2072 2567 2230 2613 distum.

105 2621 235 2679 'Occo
248 2634 335 2677 pag.
354 2633 403 2674 43
416 2634 447 2660 2.
469 2622 508 2660 in
529 2620 606 2661 hoc
624 2633 786 2660 nummo
805 2619 899 2676 legit
918 2619 992 2661 levi
1009 2633 1137 2661 errore
1159 2633 1181 2659 P
1195 2634 1218 2659 E
1231 2634 1267 2660 1..
1283 2634 1356 2675 pro
1374 2635 1398 2661 ιτ
1412 2635 1435 2660 E
1449 2634 1487 2660 L.
1507 2635 1627 2675 quern
1641 2621 1742 2663 vidit
1756 2623 1872 2663 Com.
1884 2623 2174 2667 Mediobarbus.

175 2699 261 2739 Hic
275 2713 448 2739 nummus
465 2699 773 2753 minimaeformae
782 2725 795 2746 ,
821 2698 846 2739 d
863 2699 1013 2740 ‘Patina
1037 2697 1221 2753 vulgatus
1226 2709 1315 2754 pag.
1338 2712 1357 2753 3
1365 2711 1429 2752 70.
1448 2698 1586 2740 obvius
1602 2699 1665 2752 cst.

175 3249 284 3278 cot..
315 3243 365 3271 ιν
379 3243 420 3270 L.
452 3243 479 3269 A
493 3241 569 3269 vc.
600 3243 623 3271 p
638 3242 712 3271 BL.
744 3243 855 3270 BER.
897 3229 1054 3285 Colonia
1077 3228 1195 3283 Julia
1218 3213 1392 3286 Augusta
1417 3227 1531 3271 Felix·
1552 3231 1727 3286 Berytus.
1757 3230 1933 3272 Bacchus
1957 3231 2086 3274 nudus
2102 3233 2225 3285 stans}

228 3283 636 3398 ὲῐίλῑξὲῗῒΰῧίἕᾶῐῐΰίῑεε
653 3312 667 3352 ²,
692 3285 826 3351 dextra
845 3296 1031 3326 coronam
1050 3284 1121 3364 fibi
1143 3286 1312 3342 imponit
1327 3312 1341 3334 ,
1370 3285 1516 3328 sinistra
1539 3286 1705 3341 satyrum
1725 3286 1969 3341 ampleffitur
1985 3313 1999 3336 ,
2025 3300 2099 3344 pro
2113 3292 2225 3345 pedi}

170 3425 332 3466 Erizzus
351 3421 455 3461 hunc
470 3432 672 3460 nummum
690 3418 840 3460 erosum
863 3432 952 3459 cum
969 3418 1129 3461 dimidia
1142 3421 1293 3475 tantum
1310 3419 1428 3476 ipfius
1446 3421 1690 3476 inscriptione
1713 3435 1736 3460 c
1749 3435 1774 3461 o
1786 3434 1823 3461 L.
1855 3435 1871 3461 1
1883 3436 1910 3462 v
1923 3435 1961 3463 L.
1993 3435 2022 3463 A
2037 3436 2066 3463 v
2077 3438 2117 3465 G.
2137 3425 2222 3466 reli-

117 3495 197 3536 qua
211 3481 304 3521 vero
321 3476 447 3517 deleta
463 3489 486 3515 F
499 3489 523 3514 Ε
535 3490 573 3515 L.
605 3489 628 3514 B
639 3489 662 3514 E
676 3488 717 3514 R.
734 3474 924 3529 vulgavit,
954 3488 1119 3529 eamque
1135 3477 1188 3518 ob
1206 3476 1356 3518 causam
1375 3477 1537 3517 Coloniae
1552 3476 1677 3529 Juliae
1693 3475 1872 3532 Augustae
1885 3477 2072 3533 ascripfit,
2101 3494 2220 3534 quam

114 3536 254 3591 Juliam
274 3531 505 3587 Augustam,
539 3529 643 3582 Jubae
659 3530 792 3570 urbem
809 3531 975 3585 Regiam
996 3531 1191 3573 existimat.
1220 3531 1399 3572 Eundem
1419 3532 1594 3574 describit
1610 3532 1724 3573 Occo
1756 3545 1844 3588 pag.
1861 3547 1911 3587 43
1924 3547 1956 3584 5.
1977 3533 2042 3575 sed
2060 3535 2188 3589 lepide
2210 3550 2219 3575 :

118 3590 284 3635 ΛΙιιίίεν,
311 3586 455 3641 inquit,
483 3585 586 3626 nuda
612 3599 695 3624 cum
719 3585 912 3639 infantulo
922 3587 1054 3641 juxta
1079 3589 1202 3637 vitem
1224 3601 1308 3628 cum
1331 3587 1523 3634 canicula,
1552 3586 1656 3642 quali
1680 3591 1773 3628 vero
1793 3589 1968 3630 Bacchus
1987 3589 2053 3635 fit,
2082 3590 2219 3631 mulier

119 3645 250 3690 nuda,
276 3644 428 3697 Satyrus
443 3641 559 3688 vero,
588 3640 825 3688 infantulus,
855 3641 1026 3695 denique
1047 3640 1232 3689 Pardalis‚
1261 3642 1442 3683 canicula.
1483 3642 1687 3684 Occonem
1707 3643 1823 3684 nimis
1840 3645 2017 3700 religiose
2035 3645 2220 3698 sequutus

117 3699 398 3742 Mediobarbus
415 3710 618 3737 nummum
634 3710 719 3750 pag.
744 3709 835 3749 341.
853 3695 904 3736 ad
922 3696 1087 3742 eandem
1107 3696 1299 3747 Coloniam
1321 3695 1477 3750 Juliam
1499 3698 1711 3752 Augustam
1734 3699 1827 3739 nulli
1850 3701 1999 3755 regioni
2019 3699 2218 3752 ascriptam

119 3766 300 3798 revocat:
327 3753 368 3792 P.
397 3764 524 3793 autem
550 3751 777 3792 Harduinus
804 3765 891 3806 pag.
922 3752 1011 3804 177.
1035 3752 1135 3793 hanc
1163 3751 1298 3793 urbem
1323 3751 1515 3798 fictitiam,
1544 3753 1686 3794 Gaden
1709 3754 1785 3796 esse
1808 3755 1995 3796 existimat
2014 3781 2026 3800 ‚
2062 3754 2128 3794 sed
2153 3755 2218 3797 hic

121 3822 302 3852 nummus
324 3807 373 3848 ad
400 3808 582 3861 Berytum
607 3807 775 3860 pertinet
798 3821 806 3845 z
835 3807 984 3848 nummi
1002 3819 1131 3849 autem
1152 3820 1287 3862 typus,
1314 3807 1547 3864 feracitatem
1563 3810 1642 3849 vini
1661 3812 1759 3850 circa
1774 3809 1874 3850 hanc
1893 3810 2026 3850 urbem
2043 3809 2216 3852 denotat.

120 3865 318 3920 Berytium
336 3863 468 3903 vinum
484 3862 626 3902 Plinius
643 3862 891 3903 commendat
906 3862 970 3903 lib.
988 3875 1048 3915 14.
1064 3877 1148 3918 cap.
1168 3866 1204 3904 8.
1235 3860 1409 3904 Bacchus
1429 3875 1612 3918 tanquam
1627 3866 1708 3905 vini
1722 3866 1921 3911 inventor,
1950 3864 2016 3904 fibi
2033 3879 2217 3908 coronam

121 3920 307 3976 imponit,
334 3929 539 3973 propterea
555 3918 728 3972 pampini
746 3917 816 3972 ipsi
833 3917 1004 3967 adstant,
1033 3919 1249 3973 eademque
1266 3917 1318 3970 de
1334 3918 1444 4016 gausa
1458 3920 1519 3961 ille
1537 3920 1714 3975 Satyrum
1737 3921 1919 3963 comitem
1943 3923 1982 3962 δε
1999 3921 2079 3962 vini
2075 3934 2223 4015 ssaman-

1393 3988 1415 4029 3
2044 3986 2073 4017 ti
2103 3989 2228 4021 imum
