2491 4219
813 117 1087 166 TREB.
1175 114 1598 164 GALLUsz-
2161 134 2252 175 ιη

960 227 1480 275 COELLU.
1853 198 1856 202 ⁴
2003 197 2007 202 ’

166 805 277 836 ΙΜΡ.
309 801 410 837 vm.
444 805 595 832 TREB.
625 804 842 834 G.ALt,vs
876 808 995 835 Avo.
1027 795 1161 851 Caput
1178 795 1281 836 Galli
1299 795 1520 839 laureatum.

221 866 248 890 A
263 865 336 945 ΗΚΒ.
367 861 558 889 ΜνΝιο.
591 861 741 888 COEL.
770 849 956 897 QAElium
978 851 1234 907 Municzpium
1260 853 1530 894 Coellutanum.
1570 853 1682 909 Lupa
1708 867 1797 896 cum
1821 850 1989 910 puerulis
2015 849 2194 898 Romulo
2220 858 2261 899 δὲ

317 920 416 945 emo.

216 984 356 1025 Coellu
375 983 464 1023 urbs
481 982 534 1022 est
551 983 595 1022 N
598 982 751 1023 umidiae
768 983 960 1031 littoralis,
988 984 1039 1028 de
1056 1000 1133 1040 qua
1152 988 1306 1042 paffim,
1335 989 1542 1043 Municipii
1559 988 1785 1045 dignitatem
1806 990 1854 1030 ab
1871 989 2074 1032 Hadriano
2092 991 2261 1046 accepit}

161 1052 204 1081 ut
224 1041 378 1080 testatur
397 1039 549 1085 QAEliae
567 1039 691 1094 gentis
709 1039 899 1080 Hadriani
923 1054 1066 1081 nomen
1086 1044 1194 1095 quod
1211 1044 1271 1084 illa
1287 1045 1412 1100 gerit;
1440 1044 1620 1099 plurimas
1637 1046 1738 1086 enim
1758 1046 1797 1086 in
1822 1046 1894 1086 hac
1916 1048 2111 1100 provincia
2128 1049 2260 1100 Impe-

159 1109 263 1137 rator
279 1096 340 1135 ille
359 1095 545 1135 Colonias
562 1093 778 1141 constituit,
807 1095 857 1135 de
874 1097 1014 1150 quibus
1032 1096 1164 1151 paffim
1182 1100 1351 1154 egimus,
1379 1099 1632 1155 quamobrem
1651 1102 1811 1143 Senatus
1831 1101 1981 1143 videtur
2001 1103 2036 1142 ei
2057 1114 2261 1143 nummum

159 1150 373 1206 percuffiffe
389 1165 477 1191 cum
497 1150 573 1190 hoc
593 1150 742 1205 elogio,
771 1162 802 1191 R
812 1165 836 1190 E
850 1165 868 1190 s
881 1165 906 1191 τ
918 1165 932 1191 1
945 1167 970 1192 τ
983 1165 1009 1191 v
1022 1165 1046 1192 τ
1057 1168 1084 1193 o
1097 1167 1125 1193 R
1139 1167 1154 1194 1
1183 1168 1211 1194 A
1227 1167 1250 1194 F
1263 1168 1294 1195 R
1306 1169 1321 1194 1
1334 1171 1357 1195 c
1369 1171 1395 1195 A
1410 1170 1444 1196 E.
1474 1156 1696 1197 Coellutani
1717 1171 1896 1198 nummos
1923 1158 2008 1198 suo‘s
2030 1158 2148 1199 Gallo
2175 1170 2260 1200 tan-

156 1219 276 1262 quam
294 1214 400 1247 novo
415 1207 640 1258 Imperatori
656 1206 901 1253 dedicarunt,
930 1208 991 1249 vel
1008 1209 1117 1263 quOd
1138 1209 1372 1251 frumentum
1394 1226 1441 1252 ex
1457 1226 1592 1254 eorum
1611 1214 1722 1262 urbe,
1752 1213 1802 1254 ad
1830 1227 2022 1255 annonam
2045 1215 2086 1255 P.
2113 1215 2263 1257 Roma-

156 1270 212 1303 'no
239 1263 537 1308 conciliandam,
566 1262 921 1316 suppeditaverintg
949 1264 1048 1304 hanc
1071 1267 1166 1305 vero
1190 1265 1550 1323 frumenticopiam
1574 1282 1623 1310 eo
1639 1270 1817 1312 libentius
1837 1271 2120 1319 concesserunt,
2149 1272 2263 1325 quod

157 1319 381 1372 Municipes
402 1318 510 1365 fasti,
540 1318 676 1375 eadem
693 1332 781 1358 cum
803 1318 881 1376 ipsa
904 1319 1036 1360 Roma
1053 1321 1248 1376 privilegia
1268 1322 1472 1371 haberent,
1501 1338 1579 1378 qua
1599 1325 1651 1366 de
1664 1340 1704 1367 re
1720 1328 1872 1380 Lupam
1889 1340 1977 1367 cum
1993 1327 2161 1382 puerulis
2177 1329 2264 1370 Ro-

159 1388 231 1414 mae
246 1375 406 1429 insignia
421 1375 461 1413 in
481 1373 649 1414 nummis
664 1373 859 1416 exhibent.
1595 1384 1598 1387 '

156 1452 162 1457 ’
212 1453 295 1495 Hic
311 1448 483 1494 nummus
488 1453 667 1505 secundie
675 1452 816 1507 formae
830 1454 932 1494 'inter
948 1453 1194 1510 *elegantiores
1209 1457 1493 1510 computandus.

998 1552 1425 1614 DACJA.

147 2152 213 2183 1M
226 2153 260 2179 P.
291 2152 327 2179 c.
359 2152 458 2179 vm.
492 2151 643 2179 TREB.
672 2129 898 2181 GALLvs.
929 2134 1051 2182 Avo.
1080 2143 1215 2197 Caput
1229 2142 1349 2194 Treb.
1367 2136 1472 2181 Galli
1487 2139 1712 2182 laureatur-ii:
1825 2182 1832 2192 Δ,
2069 2182 2073 2187 ,
2170 2195 2173 2197 q

200 2209 224 2235 P
236 2209 266 2234 R
278 2208 303 2244 o
318 2207 342 2235 v
355 2208 373 2244 J
385 2207 416 2233 N
428 2208 451 2234 c
463 2208 478 2233 1
491 2208 518 2233 A
550 2208 577 2234 D
592 2208 619 2232 A
632 2208 654 2233 c
667 2206 681 2232 1
697 2207 737 2233 A.
774 2192 822 2233 In
840 2193 924 2235 imo
949 2208 978 2234 A
990 2208 1031 2235 N.
1057 2203 1083 2236 v
1097 2208 1130 2236 1.
1166 2198 1312 2236 Mulier
1328 2196 1427 2236 stans
1444 2194 1546 2236 inter
1561 2194 1744 2250 Aquilam
1762 2196 1802 2235 &
1816 2193 1994 2250 Leonem
2005 2221 2018 2243 ‚
2046 2189 2180 2240 dextra
2197 2200 2257 2242 ra}

255 2252 389 2297 mum,
407 2247 561 2289 'sinistra
580 2248 788 2302 scipionem
799 2274 812 2293 ,
840 2249 880 2288 in
895 2250 1010 2302 *cujus
1028 2251 1138 2302 apice
1158 2250 1493 2303 caputafininum.
1582 2259 1586 2264 ·

198 2328 321 2369 Dacia
336 2327 454 2374 libera
479 2328 500 2366 a
520 2326 702 2380 Philippo
722 2326 822 2366 fa&a
838 2321 962 2366 annos
983 2322 1065 2367 aerae
1085 2327 1159 2367 suae
1184 2327 1233 2367 ab
1256 2327 1333 2368 hoc
1354 2338 1529 2382 tempore
1545 2338 1773 2383 computat;
1802 2329 1948 2371 sextum
1966 2341 2094 2372 autem
2112 2334 2150 2373 in
2173 2334 2252 2377 hoc

143 2396 308 2426 nummo
324 2382 482 2438 signavit
495 2409 507 2429 ,
537 2381 606 2436 qui
622 2381 829 2435 respondet
846 2383 950 2422 anno
967 2382 1095 2436 primo
1112 2381 1268 2435 Imperii
1282 2382 1394 2422 Galli.
1424 2383 1568 2424 Mulier
1583 2385 1740 2439 quidem
1759 2380 1944 2427 haitenus
1960 2386 2061 2441 figna
2079 2390 2250 2431 militaria

143 2440 363 2494 Legionum
382 2437 433 2478 ad
454 2437 557 2478 suam
575 2436 787 2478 custodiam
804 2436 1076 2479 destinatarum
1092 2436 1200 2493 gestit
1212 2465 1224 2484 ,
1252 2437 1319 2478 sed
1338 2451 1442 2479 nunc
1462 2452 1534 2494 pro
1549 2439 1594 2480 iis
1611 2454 1756 2481 ramum
1774 2440 1885 2482 olivae
1903 2446 2055 2496 praerert
2071 2471 2085 2490 ,
2114 2459 2250 2496 pacem

143 2509 233 2535 cum
254 2494 427 2534 Barbaris
447 2496 468 2533 a
485 2492 602 2533 Gallo
625 2493 758 2533 initam
778 2507 970 2548 arguens,
998 2507 1115 2549 quam
1144 2494 1288 2534 tributo
1317 2508 1446 2536 annuo
1473 2506 1628 2536 centum
1655 2496 1921 2538 drachmarum
1947 2499 2063 2544 emit,
2099 2498 2149 2539 de
2166 2515 2249 2553 quo

142 2550 383 2603 Pomponius
399 2549 538 2590 Laetus.
567 2548 655 2605 Qt'
671 2549 813 2588 tributo
823 2548 1017 2603 pendendo
1037 2549 1237 2589 obnoxiam
1244 2549 1389 2602 ficerit
1407 2549 1556 2597 urbem,
1574 2561 1719 2605 praeter
1737 2552 1892 2592 Gallum
1897 2552 1986 2606 fuit
2005 2567 2120 2593 nemo.
2160 2555 2249 2597 Tri-

144 2607 282 2647 butum
311 2605 384 2646 fuit
406 2604 674 2645 drachmarum
700 2617 896 2645 aurearum
921 2619 993 2646 cc.
1031 2605 1146 2645 Laeva
1169 2618 1285 2644 manu
1309 2604 1543 2658 scipionem,
1571 2607 1633 2646 cui
1657 2607 1879 2661 impofitum
1902 2607 1956 2647 est
1982 2609 2087 2648 Asini
2110 2623 2248 2663 caput,

142 2673 328 2715 tanquam
345 2660 490 2714 insigne
507 2661 623 2716 gerit,
651 2671 694 2700 ut
710 2661 750 2700 in
766 2660 934 2701 nummis
952 2660 1076 2700 Decio
1094 2660 1116 2700 a
1133 2660 1273 2701 Senatu
1291 2659 1470 2714 percuffis
1488 2660 1718 2703 observatur.
1758 2663 1900 2718 Aquila
1917 2663 2073 2718 Imperii
2093 2665 2248 2718 Roma-g⁴

142 2718 183 2758 ni
196 2717 411 2772 symbolum
430 2716 505 2763 est5
534 2717 641 2763 Leo,
663 2716 870 2771 provinciae
885 2715 1040 2771 infign'e.

195 2795 281 2836 Hic
298 2809 471 2836 nummus
487 2794 682 2836 mediocris
695 2794 862 2843 moduli,
888 2794 914 2835 a
931 2794 1081 2836 Patina
1089 2803 1178 2849 pag.
1199 2806 1292 2848 397.
1310 2793 1495 2850 vagatus
1506 2822 1519 2843 ,
1538 2805 1609 2850 pro
1624 2796 1800 2848 rariffimo
1816 2794 2025 2838 habendus.

928 2897 1448 2950 DAMASCUS.

131 3487 241 3515 ῙΜΡ.
274 3488 310 3514 c.
342 3487 444 3514 vm.
475 3484 625 3516 rann.
657 3481 838 3516 GALLO
867 3489 986 3518 Avo.
1015 3476 1151 3532 Caput
1169 3468 1271 3520 Galli
1293 3476 1516 3520 laureatumj
1773 3522 1775 3527 ,
2058 3499 2069 3516 ·
2132 3522 2135 3525 .

183 3544 207 3570 c
218 3544 244 3568 o
258 3545 296 3570 L.
326 3542 351 3569 Δ
363 3544 389 3570 Α
405 3543 441 3570 Μ
454 3544 480 3571 A
496 3545 514 3570 s
527 3545 550 3571 c
562 3544 603 3570 0.
634 3544 671 3570 M
683 3545 706 3570 E
719 3545 744 3570 τ
756 3545 786 3572 R
798 3545 824 3571 0
834 3545 868 3571 P.
897 3532 1050 3574 Colonia
1064 3533 1284 3588 Damascos
1298 3534 1530 3590 Metropolis.
1559 3531 1734 3575 Bacchus
1751 3531 1863 3589 super
1878 3533 2034 3591 cippum
2050 3535 2198 3591 positus
2202 3541 2219 3588 ᾖ

236 3583 369 3625 dextra
385 3585 558 3640 laevaque
573 3585 662 3627 vitis
677 3586 872 3641 palmitem
886 3587 948 3629 seu
966 3602 1124 3630 ramum.

180 3662 389 3703 Damascus
415 3664 477 3704 vel
510 3664 718 3706 Damascos
748 3665 983 3721 Metropolis
1009 3667 1247 3722 Coelesyriae,
1275 3666 1444 3710 Colonia
1474 3668 1496 3710 a
1524 3668 1704 3723 Philippo
1730 3664 1917 3717 dedueka,
1951 3668 2066 3710 Treb.
2096 3669 2215 3713 Gallo

126 3731 307 3758 nummos
328 3718 492 3760 eandem
510 3720 562 3760 ob
582 3720 730 3761 causam
748 3735 793 3762 ac
812 3721 1022 3763 Antiochia
1039 3722 1254 3771 dedicavit,
1282 3738 1423 3778 nempe
1447 3736 1491 3766 ut
1506 3725 1686 3765 auxilium
1709 3725 1757 3766 ab
1780 3725 2013 3780 Imperatore
2035 3725 2215 3779 impetra-

128 3784 186 3813 ret
199 3784 330 3813 contra
350 3773 601 3829 irrumpentes
627 3775 777 3822 Persas,
807 3776 859 3818 de
880 3778 1021 3832 quibus
1045 3778 1286 3834 Pomponius
1309 3780 1440 3821 Laetus
1462 3781 1501 3820 in
1527 3781 1608 3833 ejus
1630 3781 1707 3821 vita
1736 3796 1744 3821 :
1776 3780 1998 3829 Scytharum
2024 3783 2210 3835 exemplo,

127 3828 199 3867 alu·
212 3827 329 3873 hostes
333 3830 501 3884 surgunt
522 3845 702 3887 armaque
718 3833 873 3886 capiunt
889 3853 904 3878 ς
929 3842 1016 3886 ‘tum
1030 3835 1072 3875 in
1087 3836 1235 3888 viscera
1251 3835 1284 3876 S
1272 3838 1368 3890 yriae
1377 3844 1583 3889 penetrant
1600 3835 1762 3877 Parthi.
1799 3835 1971 3877 Bacchus
1994 3834 2047 3875 sui
2067 3836 2211 3878 cultum

126 3882 233 3937 apud
250 3883 509 3927 Damascenos
523 3887 668 3941 arguit,
689 3886 752 3929 ille
767 3888 807 3930 in
825 3902 959 3931 eorum
978 3890 1168 3932 territorio
1184 3891 1313 3933 vineta
1329 3890 1585 3945 plantaverat,
1611 3905 1698 3947 quae
1711 3891 1905 3934 adferente
1919 3889 2116 3946 Stephano
2135 3893 2212 3932 Da-

1413 3946 1490 3988 Dd
1522 3960 1542 4002 3
2066 3947 2215 4000 mascus
