2574 4214
245 145 335 179 [ος
889 130 1691 181 CLAUDIUS.

241 213 266 239 T
279 213 306 239 1.
338 215 360 240 c
373 215 397 240 L
411 213 449 238 A.
481 212 507 239 c,
520 213 543 239 Ε
559 212 601 239 R.
633 212 655 238 c
668 211 694 238 A
706 212 729 238 r:
742 210 774 238 s.
811 198 944 253 Caput
960 199 1114 240 Claudii
1130 199 1349 239 laureatum.
1672 237 1681 247 ‚

297 269 329 294 c.
354 270 389 294 c.
414 268 440 293 1.
464 269 496 294 B.
519 269 557 294 D.
579 267 616 294 D.
647 254 799 294 Colonia
815 254 1037 308 Campestris
1053 253 1169 306 Julia
1182 254 1340 300 Babba,
1367 252 1513 292 decreto
1528 252 1803 292 Decurionum.
1840 248 1968 291 Palma
1983 250 2105 292 arbor.

297 331 452 371 Babbaei
471 331 652 384 plurimos
670 330 836 371 Claudio
850 345 1030 371 nummos
1048 330 1306 385 percusserunt
1318 358 1330 377 ,
1357 330 1393 369 ei
1410 329 1640 383 gratulantes
1657 329 1709 370 ob
1725 329 1923 370 victoriam
1940 342 2072 370 contra
2089 328 2250 372 Mauros
2265 345 2325 372 re-

242 384 434 426 bellantes.
465 387 696 426 Mauritania
716 386 886 441 Bogudis
902 399 1084 440 regnum,
1114 386 1218 437 Jubae
1235 385 1313 425 filio
1329 399 1402 439 pro
1419 384 1608 424 Numidia
1624 386 1664 424 in
1680 385 1913 438 provinciam
1930 384 1971 423 P.
1983 385 2153 425 Romani
2165 386 2330 434 redafflt,

241 440 289 478 ab
305 442 478 495 Augusto
494 440 665 480 conceffa
680 441 755 487 est,
784 443 905 494 eaque
924 441 1070 494 potitus
1085 439 1140 479 est
1156 439 1383 480 Ptolemaeus
1394 439 1508 493 Jubae
1525 438 1644 479 filius:
1670 440 1753 493 ipso
1768 441 1862 480 vero
1875 439 2059 493 Caligulae
2072 440 2172 493 juffu
2189 441 2330 489 occiso,

241 494 373 534 Mauri
391 497 442 535 ob
459 495 540 547 ejus
558 495 701 535 caedem
719 495 951 535 AEdaemone
967 495 1103 535 liberto
1121 493 1227 547 regio
1244 493 1343 533 duce
1359 494 1607 540 rebellarunt,
1638 507 1739 547 quos
1750 495 1936 535 Claudius
1953 494 2107 535 tandem
2124 509 2192 550 per
2208 497 2330 551 Lega-

242 560 304 588 tos
329 550 480 589 domuit
497 576 508 594 ‚
537 553 575 588 δε
594 550 865 590 Mauritaniam
883 551 904 588 a
924 549 1100 604 Caligula
1121 548 1202 602 jam
1220 547 1375 587 divisam
1394 574 1406 593 ‚
1433 548 1473 586 in
1492 547 1589 587 duas
1609 549 1824 602 provincias
1848 551 2122 597 commutavit,
2151 563 2195 591 ut
2215 552 2330 594 tradit

242 603 323 644 Dio
347 605 408 644 lib.
428 610 490 644 60.
509 618 596 658 pag.
617 611 665 656 67
676 620 708 645 Ι.
745 607 947 654 Πξᾳχῧέντων
965 607 983 652 ’j
999 608 1112 647 τέτων,
1131 609 1151 650 ,δ
1165 606 1327 649 Κλααὶδᾶίῴ·
1343 609 1414 652 dlxii
1428 605 1482 642 τὲς
1497 606 1620 652 Μοαὶρες
1634 606 1687 642 τὶς
1700 608 1845 648 Uannius
1858 605 1980 652 ἕνεηιόζυ,
2007 608 2034 644 ’ἐς
2047 622 2075 642 π
2088 608 2126 642 πὶ
2141 608 2206 644 ’ωὲ)
2220 611 2330 655 ΤὲγΓιν,

242 662 289 709 <qi
306 669 330 699 ἐς
344 665 382 697 πὶ
399 664 461 699 rw&
477 664 664 709 Καισάρειαν,
684 667 759 707 (ἀφ’
775 664 862 711 ὧνπερ
879 663 925 708 ’cdl
942 660 1150 712 όνομοίζοντιᾴ)
1168 663 1216 710 Ul
1233 664 1284 699 δύο
1300 662 1426 711 ἄρχεο-ιν
1443 669 1567 700 ἱππεῦσι
1585 663 1764 707 ωερσέπιξεο
1795 661 1874 700 His
1890 661 1984 701 ac‘ffbs
1995 689 2007 708 2
2021 661 2204 702 Claudim
2213 661 2331 702 Mau-

242 728 303 754 ros
315 715 484 765 subditos
501 719 542 756 in
557 717 652 756 duas
662 719 885 771 provincias
901 716 1031 765 divtfit
1040 744 1052 763 ‚
1081 718 1195 758 imam
1210 717 1265 756 ad
1279 716 1452 773 Tingim,
1473 716 1634 756 alteram
1650 715 1705 754 ad
1713 716 1940 769 Caesaream,
1968 716 2065 757 unde
2080 719 2229 756 nomina
2244 731 2331 772 quo-

240 784 311 824 qne
327 770 509 810 ambabus
524 772 651 811 indita
665 800 677 818 ,
704 772 844 811 duobus
859 773 907 810 iis
924 771 1114 826 equitibus
1124 770 1342 826 praeposttis.
1387 771 1558 812 Palmam
1576 771 1750 812 arborem
1769 772 1819 812 ad
1835 771 2088 812 Babbenfium
2106 773 2293 828 originem
2309 774 2334 814 ἃ.

242 825 369 878 Tyriis
385 826 706 880 Plioenicibusque
725 827 931 866 deduStam
950 839 1108 868 revocat
1122 827 1164 866 P.
1179 827 1405 867 Harduinus
1418 840 1502 881 pag.
1520 830 1583 868 86.
1613 833 1704 875 Φοῖνιξ
1721 840 1849 869 autem
1866 827 2003 868 Graece
2020 827 2145 881 palma
2159 828 2233 876 est,
2261 842 2330 869 un-

242 880 292 920 de
307 880 511 921 Phoenices
529 881 620 921 diffi
637 882 689 921 ob
706 881 917 934 palmarum
934 881 974 921 in
991 882 1063 922 hac
1078 882 1236 936 regione
1252 880 1535 922 abundantiam.

295 958 378 998 Hic
395 974 568 1001 nummus
584 961 731 1000 minimi
748 959 910 1006 moduli,
935 958 958 1000 a
974 959 1126 1001 Patina
1136 969 1224 1015 pag.
1246 973 1336 1000 100.
1355 959 1539 1015 υιιζξαῑτις
1548 987 1561 1008 ,
1587 963 1688 1002 inter
1703 962 1860 1002 rariores
1875 968 2104 1003 numeratur.

242 1478 279 1504 c.
301 1478 333 1504 c.
357 1477 384 1503 1,
407 1476 444 1502 n.
474 1476 516 1502 D.
538 1477 578 1502 D.
609 1462 765 1503 Colonia
783 1462 1006 1518 Campestris
1019 1461 1135 1516 Julia
1149 1462 1308 1509 Babba,
1335 1461 1482 1503 decreto
1498 1461 1775 1503 Decurionum.
1813 1460 1968 1503 Taurus
1984 1472 2118 1504 natans
2133 1461 2174 1502 in
2188 1463 2311 1517 aquis.

298 1541 345 1581 In
361 1541 543 1595 superiori
559 1555 721 1581 nummo
740 1541 954 1582 Babbenses
965 1569 976 1588 ‚
1004 1554 1049 1583 ut
1064 1541 1101 1582 se
1119 1543 1141 1582 a
1157 1541 1405 1583 Phoenicibus
1421 1554 1527 1583 ortos
1543 1542 1789 1590 denotarent,
1817 1542 1982 1597 palmam
1994 1541 2166 1582 arborem
2179 1543 2220 1582 in
2231 1555 2343 1583 num-

246 1597 317 1637 mis
334 1597 605 1651 insculpserunt
623 1612 630 1637 :
659 1599 699 1637 in
713 1596 790 1637 hoc
804 1599 898 1637 vero
909 1597 1054 1652 Jovem
1069 1597 1137 1639 sub
1153 1599 1250 1639 tauri
1267 1599 1431 1640 natantis
1449 1597 1578 1654 effigie
1594 1600 1682 1639 cum
1699 1599 1897 1653 Europam
1913 1598 2103 1654 Agenoris
2112 1597 2342 1639 Phoenicum

245 1652 368 1708 Regis
392 1652 506 1692 filiam
532 1665 703 1706 raperet,
732 1652 1011 1700 exhibuerunt,
1039 1666 1157 1708 atque
1182 1653 1275 1694 inde
1302 1666 1453 1694 taurum
1477 1655 1517 1694 in
1545 1655 1654 1708 aquis
1677 1655 1816 1708 pariter
1841 1655 1864 1694 a
1882 1653 1919 1695 se
1938 1653 2107 1700 cultum,
2135 1668 2180 1694 ac
2200 1654 2341 1695 bovem

245 1710 366 1761 Apim
385 1709 433 1747 ab
453 1707 648 1762 AEgyptiis
666 1707 892 1748 indicarunt.
930 1708 1113 1762 Hyginus
1130 1709 1236 1748 illum
1253 1710 1352 1749 inter
1368 1710 1463 1750 astra
1483 1710 1729 1750 constitutum
1742 1737 1754 1757 ‚
1782 1710 1891 1762 cujus
1910 1710 2077 1764 priorem
2095 1709 2242 1750 tantum
2258 1723 2345 1763 par·

245 1775 324 1803 tem
339 1777 522 1817 apparere
538 1775 662 1803 narrat
678 1763 810 1802 Poem.
829 1763 967 1803 astron.
984 1764 1046 1804 lib.
1062 1778 1095 1804 2.
1131 1763 1210 1803 Hic
1226 1765 1369 1804 dicitur
1383 1766 1486 1804 inter
1500 1764 1601 1818 astra
1616 1765 1857 1817 constitutus,
1878 1765 1980 1821 qubd
1991 1765 2184 1820 Europam
2197 1763 2344 1818 incolas

246 1832 328 1858 men
344 1818 565 1870 transvexit
580 1819 744 1858 Cretam.

299 1896 382 1937 Hic
397 1909 568 1937 nummus
584 1897 747 1936 minima
757 1897 894 1951 formae
912 1896 1181 1950 rariffi'mus-est
1199 1898 1448 1951 aestimandus.

991 1999 1587 2045 BERYTUS.

246 2553 315 2586 T1.
346 2554 554 2583 cLAvD1
570 2553 624 2580 vs
653 2552 786 2580 cAEs
802 2552 885 2580 AR.
916 2551 1037 2579 Ave.
1070 2550 1239 2579 GERM.
1275 2537 1408 2592 Caput
1425 2534 1580 2578 Claudii
1596 2535 1820 2577 laureatum:

302 2613 324 2639 c
337 2611 362 2637 o
376 2612 414 2638 L.
444 2610 498 2637 1'v
511 2611 547 2636 L.
578 2610 605 2635 A
618 2609 644 2635 v
657 2609 698 2636 G.
730 2609 753 2635 F
767 2609 790 2635 E
803 2610 841 2635 L.
872 2609 895 2634 B
907 2608 930 2634 E
942 2606 986 2635 R.
1022 2593 1178 2635 Colonia
1191 2593 1308 2647 Julia
1322 2592 1494 2649 Augusta
1513 2589 1625 2632 Felix
1642 2592 1807 2645 Berytus·
1831 2589 1893 2632 vel
1909 2589 2125 2645 Berytenfis.
2162 2591 2341 2635 Colonus

354 2666 471 2708 agens
491 2652 619 2693 boves.

299 2733 464 2780 Berytus
482 2757 493 2777 ‚
521 2731 611 2770 urbs
627 2728 833 2769 Phoeniciae
848 2728 1019 2769 littoralis
1030 2755 1042 2775 ,
1071 2727 1237 2769 Colonia
1258 2728 1278 2768 a
1294 2727 1394 2781 Julio
1410 2725 1558 2768 Caesare
1577 2726 1779 2768 constituta
1797 2752 1810 2774 ‚
1838 2727 1877 2766 &
1893 2725 2004 2767 novis
2023 2725 2171 2768 colonis
2193 2727 2243 2769 ab
2258 2727 2345 2769 Au-1

246 2789 360 2846 gusto
384 2786 648 2840 frequentata,
679 2784 784 2825 unde
807 2784 859 2823 illi
878 2784 999 2836 Juliae
1014 2789 1054 2825 &
1067 2783 1248 2839 Augustae
1267 2783 1499 2839 cognomina
1516 2811 1529 2830 ,
1558 2782 1728 2824 Claudio
1749 2796 1930 2823 nummos
1951 2781 2105 2823 dedicat
2119 2808 2133 2829 ‚
2162 2782 2198 2823 ei
2213 2781 2342 2825 forsan

248 2842 462 2900 gratulans,
490 2841 599 2894 quod
619 2841 820 2880 Romanos
836 2839 1117 2880 Ptolemaidem
1140 2839 1312 2892 ejusdem
1334 2839 1540 2893 provinciae
1565 2839 1699 2878 urbem
1723 2838 1886 2880 colonos
1902 2836 2104 2879 deduxerit
2112 2856 2124 2884 5
2152 2851 2270 2891 quam
2287 2839 2342 2880 ob

249 2913 329 2941 rem
345 2898 528 2938 colonum
543 2897 850 2990 mveRagentem
862 2922 875 2942 ‚
895 2895 1073 2936 Coloniae
1084 2892 1298 2950 symbolum
1310 2921 1323 2940 ,
1351 2907 1426 2947 pro
1440 2904 1538 2947 typo
1553 2893 1730 2941 exhibet,
1758 2905 1801 2934 ut
1818 2893 1856 2935 st
1871 2893 2090 2936 Romanam
2103 2893 2243 2948 pariter
2253 2893 2337 2948 Co÷

251 2955 394 2996 lonia'm
411 2951 485 2993 esse
501 2951 645 2992 demon
680 2961 748 2991 ret.
1082 2977 1087 2984 .

302 3032 385 3073 Ηίι·
398 3045 569 3073 nummus
577 3029 753 3085 ficundae
768 3028 1041 3084 magnitudinis
1058 3029 1162 3069 inter
1176 3027 1334 3068 rariores
1350 3024 1595 3068 collocandas.

257 3543 283 3573 ‘r
296 3545 324 3571 1.
355 3540 414 3570 cL
426 3540 492 3567 Av
504 3538 556 3565 DI
568 3539 593 3565 v
607 3539 625 3566 s
655 3541 679 3567 c
691 3539 718 3566 A
730 3540 756 3566 E
768 3538 787 3566 s
801 3539 828 3566 A
842 3526 886 3566 R}
918 3539 946 3565 A
959 3538 986 3566 v
999 3538 1039 3566 G.
1074 3524 1208 3579 Caput
1222 3523 1377 3566 Claudii
1392 3524 1613 3567 laureatum:

310 3600 350 3627 v.
376 3599 403 3625 v
417 3597 432 3623 1
444 3596 458 3622 1
470 3596 497 3622 1.
536 3581 633 3620 Duae
647 3582 780 3635 aquila:
795 3582 1008 3637 legionariae
1026 3580 1139 3637 signis
1156 3580 1376 3622 militaribus
1392 3581 1540 3622 innixae.

307 3663 386 3705 Etsi
403 3673 581 3702 nummus
600 3659 745 3700 nullum
766 3661 868 3701 urbis
886 3674 1029 3701 nomen
1048 3658 1221 3714 praeferat
1237 3686 1249 3708 ,
1275 3659 1326 3700 ad
1340 3660 1525 3715 Berytum
1536 3670 1669 3701 'tamen
1687 3656 1876 3715 pertinere
1893 3656 1964 3701 n'os
1982 3659 2116 3701 docuit
2133 3660 2226 3703 alter
2242 3663 2329 3705 Au-·

256 3720 354 3777 gusti
372 3729 551 3758 nummus
567 3729 653 3769 pag.
672 3728 688 3753 1
700 3728 714 3754 1
724 3746 732 3753 .
761 3729 848 3755 cum
864 3715 994 3756 iisdem
1010 3717 1144 3768 aquilis
1158 3716 1372 3771 legionariis
1385 3720 1424 3756 &
1439 3729 1566 3757 earum
1582 3716 1802 3756 nominibus
1818 3728 1855 3756 v.
1867 3715 2115 3755 Macedonica
2127 3742 2139 3762 ,
2158 3721 2196 3757 &
2208 3731 2252 3758 vt
2266 3732 2280 3759 1
2293 3731 2328 3760 1.

257 3774 427 3830 Augusta
440 3801 451 3820 ‚
478 3784 639 3825 quarum
657 3769 867 3811 Veteranos
883 3771 931 3810 ab
947 3771 1125 3825 Augusto
1141 3772 1325 3826 Berytum
1344 3771 1505 3812 colonos
1523 3770 1711 3812 deduetos
1727 3769 1835 3811 fuisse
1853 3770 2040 3817 diximus5
2068 3772 2177 3825 quod
2191 3771 2329 3814 confir·

259 3821 338 3873 mant
354 3829 487 3870 Strabo
504 3826 565 3866 llb.
585 3830 643 3866 16.
664 3839 750 3879 pag.
769 3838 862 3877 755.
889 3831 1001 3877 Βηρυτδς
1015 3832 1034 3875 {5
1047 3829 1235 3870 κατεπάιθη
1250 3829 1303 3876 μιῖι)
1317 3832 1388 3868 (zv-0*
1403 3830 1586 3879 Tgussov&‚
1604 3830 1763 3876 ἀνελήφθη
1780 3828 1867 3875 ὃνιιῦ
1881 3830 1951 3866 (mi
1968 3830 2120 3875 Ρωμαίων,
2136 3827 2327 3877 δέδειξαι-42431

253 3889 304 3927 δυ’.
317 3889 464 3937 wiffam
477 3885 499 3924 οἳ
516 3887 620 3933 salsum
633 3888 789 3933 Ακίπποις
806 3889 837 3921 ὀν
852 3887 941 3932 αὐτῇ.
976 3880 1247 3932 Berytus.verb
1267 3881 1292 3923 a
1307 3882 1499 3937 Typhone
1521 3881 1652 3924 diruta
1667 3908 1680 3930 ‚
1706 3896 1806 3937 manc¹
1826 3881 1917 3939 {vert}
1939 3881 1963 3922 ἁ
1981 3882 2166 3925 Romanis
2181 3883 2325 3936 instau-

2215 3946 2326 3986 rata,
