2491 4219
207 173 298 211 204
790 154 1815 206 ETRUSCILLA.'

208 233 511 262 EPENNIAN.
540 234 1014 262 ncTPAcKAAAAN.
1047 236 1157 263 CER.
1200 221 1562 276 CaputHerenniae
1581 225 1797 267 Etruscillae.

265 291 289 317 C
302 291 324 315 E
336 289 374 315 Π.
406 291 427 316 Ρ
438 291 466 317 Η
479 292 502 317 C
516 291 542 315 A
556 290 570 315 Ι
582 289 612 315 N
625 291 651 316 H
664 291 685 316 C
698 289 750 316 ΙΩ
762 289 803 315 N.
834 291 873 319 L.
904 291 933 323 H
945 291 960 316 Ι
972 291 1008 318 Ρ.
1038 282 1193 328 Σεῆιμίαιῖ
1211 284 1407 322 Ρησοανησίωγ.
1431 284 1616 325 &undenam
1631 285 1694 328 (μή.
1723 280 1866 336 Aqulla
1883 280 2005 322 1⁴0st1‘0
2021 295 2228 332 Coronam,
2246 283 2315 336 deq·
2377 292 2380 294 ’
2417 336 2421 351 1

321 331 435 386 super
453 343 570 386 caput
587 331 782 372 muliebre.

269 409 431 464 Aquila,
459 409 526 450 etsi
545 409 648 462 Jovis
665 410 761 456 ales,
791 409 840 450 ad
858 424 946 450 eum
967 422 1095 452 tamen
1116 413 1155 453 in
1172 411 1250 453 hoc
1269 427 1433 454 nummo
1447 427 1527 454 non
1542 415 1709 470 spectat,
1737 415 1802 457 sed
1817 430 1890 469 pro
1906 415 2043 472 insigni
2060 416 2214 470 Imperii
2230 418 2315 463 Ro,

211 466 316 506 mani
331 465 548 506 exhibetur:
578 480 645 506 cur
659 467 753 506 vero
770 465 912 519 Aquila
929 466 1201 509 Romanorum
1215 468 1260 509 fit
1276 469 1490 522 symbolum
1504 497 1516 515 ,
1545 484 1592 510 ex
1611 471 1777 525 josepho
1791 471 1853 512 lib.
1869 486 1904 525 3.
1923 472 1974 512 de
1992 472 2160 527 bel.Jud.
2181 474 2314 526 passim

210 521 375 561 diximus
387 548 398 566 ‚
426 521 536 574 quod
555 522 614 561 illa
633 519 889 563 universarum
904 521 1031 563 avium
1052 538 1212 579 regnum
1231 523 1370 564 habeat
1385 550 1398 569 ,
1427 529 1466 564 &
1484 524 1528 565 fit
1546 526 1789 574 validiflima;
1815 527 1948 581 itaque
1966 541 2050 568 eam
2068 533 2106 569 &
2118 529 2314 586 principa-⁴

210 587 273 616 tus
290 576 434 629 infigne
449 588 631 629 putarunt
645 605 657 624 ‚
686 581 725 616 ὃς
739 589 856 616 omen
877 577 1044 618 victoriae
1061 607 1072 624 ‚
1102 579 1370 633 quoscumque
1390 579 1490 620 bello
1507 583 1686 634 petierint
1704 602 1716 629 ;
1743 583 1835 623 ideo
1852 583 1995 637 Aquila
2011 586 2051 624 in
2069 597 2232 625 nummo
2248 601 2314 627 co-

209 645 341 671 ronam
362 631 479 685 gerit,
509 632 697 686 populum
714 632 940 673 Romanum
957 635 1132 675 omnium
1151 636 1324 690 gentium
1341 635 1525 676 victorem
1542 638 1741 678 denotans.
1779 639 1913 692 Caput
1931 640 2134 686 muliebre,
2163 639 2316 682 Genius

209 687 265 726 est
289 686 390 726 urbis
414 687 452 726 in
478 688 646 728 nummis
670 688 782 741 scalpi
802 688 932 728 solitus
949 716 962 734 ,
991 688 1058 729 sub
1075 690 1185 743 cujus
1204 691 1322 732 tutela
1337 704 1396 733 res
1413 705 1549 733 omnes
1568 693 1650 733 suas
1673 692 1748 734 effe
1767 694 1827 734 illa
1848 694 2063 735 existimans
2079 721 2092 741 ‚
2121 709 2210 736 eum
2229 709 2311 740 tan-,

208 755 326 802 quam
347 742 477 782 Deum
497 743 757 783 venerabatur.
795 744 993 804 Ejusmodi
1011 744 1091 785 fere
1109 757 1224 800 typus
1241 761 1330 787 cum
1347 747 1510 800 Aquila,
1538 752 1577 788 &
1594 747 1756 804 desuper
1774 761 1889 806 caput
1908 750 2112 798 muliebre,
2140 752 2180 797 in
2198 767 2314 805 ‚num-⁴

207 810 279 839 mis
299 797 478 839 Coloniae
495 798 676 838 Caesareae
691 797 894 839 Palaestmae
910 800 1084 840 occurrit.

194 899 200 913 ι
262 875 348 923 Hic
363 891 536 921 nummus
551 877 747 921 mediocris
764 877 902 918 moduli
919 880 962 919 in
977 881 1159 919 rariorum
1174 892 1323 919 numero
1340 879 1633 932 conscribendus.

934 982 1562 1036 VJMJNACIUM.

190 1557 235 1619 ’Ξῖ
246 1591 270 1617 E
280 1589 321 1616 R.
354 1588 379 1614 r:
390 1587 415 1614 τ
429 1587 460 1614 R
471 1587 498 1613 v
511 1585 530 1613 s
544 1587 567 1614 c
578 1587 593 1613 1
604 1588 630 1614 L
641 1588 665 1614 L
678 1587 705 1613 A
740 1589 767 1615 A
782 1589 807 1614 v
821 1589 861 1614 G.
900 1574 1035 1628 Caput
1052 1570 1263 1613 Herennia:
1281 1570 1495 1612 Etruscilloe.

259 1646 295 1672 P.
328 1644 374 1670 M.
407 1643 440 1669 s.
471 1630 495 1669 c
507 1643 533 1669 o
546 1644 584 1669 L.
615 1643 642 1668 v
654 1643 669 1668 1
682 1643 732 1669 M.
756 1631 990 1670 *Provinciae
999 1628 1136 1681 Moestae
1146 1628 1356 1682 Superioris
1366 1627 1523 1668 Colonia
1533 1623 1798 1665 Viminacium.
1835 1622 1882 1662 In
1900 1622 1981 1664 imo
2011 1638 2038 1665 A
2054 1638 2094 1664 N.
2115 1640 2153 1666 x.
2182 1626 2223 1672 in
2239 1626 2321 1673 aliis

317 1700 344 1726 A
360 1697 404 1725 N.
431 1698 457 1725 x
469 1699 494 1724 1.
523 1685 563 1727 in
581 1684 661 1728 aliis
691 1680 717 1724 Α
733 1678 777 1726 Νζ
804 1694 829 1727 ’Χ
842 1699 859 1725 1
871 1699 898 1728 1.
935 1685 1081 1726 Mulier
1099 1684 1198 1731 stans
1215 1683 1377 1725 brachiis
1393 1682 1494 1724 infra
1511 1679 1686 1742 expansis
1698 1707 1710 1727 2
1740 1694 1812 1741 pro
1828 1678 1995 1741 pedibus
2015 1680 2106 1725 hinc
2123 1682 2204 1728 Bos
2219 1709 2233 1730 ‚
2260 1683 2321 1743 iq-

316 1741 367 1783 de
383 1741 479 1781 Leo.
718 1758 721 1764 >

257 1808 519 1851 Viminacium
536 1807 687 1849 Moefiae
701 1809 915 1864 Superioris
930 1809 1141 1850 Coloniam
1158 1809 1180 1849 a
1197 1808 1404 1849 Gordiano
1420 1805 1666 1851 constitutam
1683 1805 1817 1861 saepius
1832 1804 2019 1853 diximus,
2047 1805 2097 1846 de
2112 1806 2188 1861 qua
2202 1808 2324 1851 multa

197 1867 321 1907 -etiam
338 1865 563 1920 opportune
578 1862 780 1906 Tristanus
805 1876 886 1906 tom
905 1878 941 1906 2.
963 1880 1050 1921 pag.
1074 1868 1162 1917 558.
1190 1863 1256 1904 sed
1273 1878 1392 1920 quem
1413 1861 1534 1903 Erud.
1555 1861 1810 1915 Spanhernius
1827 1860 1910 1901 diff.
1923 1875 1961 1912 9.
1980 1875 2066 1917 pag.
2088 1864 2176 1917 876.
2197 1878 2320 1911 anno-

198 1936 288 1963 1um
308 1932 492 1961 numeros
506 1921 547 1961 in
563 1919 680 1973 hujus
696 1921 876 1962 Coloniae
891 1923 1062 1962 nummis
1081 1933 1325 1965 occurrentes
1337 1948 1349 1967 ,
1377 1919 1426 1960 ad
1443 1932 1567 1960 annos
1581 1918 1740 1972 Imperii
1754 1929 2000 1972 revocantem
2017 1930 2103 1964 aut,
2120 1917 2173 1974 de
2191 1922 2322 1961 Anno.

203 1990 265 2018 πω
281 1977 536 2031 explicantem
554 1977 660 2017 'reste
677 1977 801 2033 arguit
812 1986 827 2024 ‚‘
853 1976 993 2018 &illos
1011 1977 1062 2018 de
1085 1977 1194 2018 annis
1214 1975 1392 2017 deductae
1416 1974 1484 2022 sub
1504 1973 1710 2018 Gordiano
1730 1973 1979 2028 explicandos
1996 1986 2131 2021 monet
2146 2001 2158 2022 ‚
2180 1976 2256 2030 qui
2271 1977 2321 2018 ab

201 2046 255 2074 eo
273 2032 499 2086 incipientes
511 2059 524 2080 ‚
552 2028 621 2072 sub
635 2030 817 2088 Philippo
833 2032 1094 2088 Decioque&
1110 2046 1247 2075 eorum
1262 2031 1447 2073 uxoribus
1463 2030 1749 2072 continuarunt.
1781 2028 1987 2079 Viminaeii
2002 2030 2135 2086 itaque
2150 2031 2321 2085 eundem

203 2089 244 2131 in
261 2084 465 2129 Etruscillae
482 2088 649 2126 nummis
665 2098 870 2143 numerum
887 2116 899 2136 ,
927 2103 1047 2143 quem
1064 2090 1104 2129 in
1122 2088 1249 2130 Decio
1265 2088 1434 2144 conjuge
1451 2086 1651 2143 *fignarunt
1667 2114 1677 2133 ‚
1707 2087 1745 2126 ὃ(
1762 2086 1803 2126 in
1823 2098 1990 2141 utroque
2006 2086 2185 2130 Coloniae'
2199 2101 2324 2145 annus

197 2143 256 2186 ad
281 2142 558 2184 duodecimum
582 2143 734 2181 tantum
763 2144 1034 2194 protenditur,
1068 2146 1108 2184 in
1136 2159 1219 2197 quo
1247 2145 1392 2184 Decius
1419 2155 1553 2183 contra
1571 2142 1731 2183 Gothos
1756 2156 1933 2197 pugnans
1949 2143 2083 2197 periit,
2112 2157 2183 2186 nec
2200 2158 2324 2194 annus

201 2213 312 2242 Ιιιῑιιῐ
325 2213 358 2239 1.
382 2196 634 2239 inEtruscilla
650 2196 818 2236 occurrit
833 2222 845 2241 ‚
873 2207 993 2247 quem
1013 2195 1125 2235 affert
1138 2197 1180 2234 P.
1201 2198 1428 2236 Harduinus
1445 2209 1531 2250 pag.
1556 2202 1646 2246 516.
1667 2208 1710 2236 ut
1727 2196 1826 2237 hanc
1846 2198 2057 2252 Augustam
2078 2199 2189 2240 Decii
2209 2199 2324 2242 filiam

204 2259 245 2297 &
262 2253 465 2296 Volufiani
488 2265 649 2292 uxorem
672 2249 801 2289 adhuc
825 2249 1020 2302 appellare
1047 2250 1172 2304 postet
1189 2277 1210 2297 ‚.
1231 2265 1352 2304 quam
1377 2264 1514 2291 omnes
1535 2252 1758 2305 Antiquarii
1782 2250 1903 2293 hodie
1923 2266 1999 2306 pro
2019 2254 2132 2303 Decii
2155 2253 2324 2312 conjuge

200 2311 404 2354 communi
421 2306 605 2350 consensu
623 2303 848 2362 agnoscunt.

261 2391 322 2431 Hi
346 2389 491 2430 nummi
503 2385 683 2441 st’cundae
701 2383 981 2440 magnitudinis
996 2394 1067 2439 pro
1093 2399 1179 2425 raro
1204 2383 1440 2436 recensentur
1456 2403 1471 2430 ς
1502 2397 1601 2424 unus
1614 2397 1741 2431 eorum
1760 2393 1870 2440 typus
1882 2384 1959 2437 fine
1977 2400 2160 2432 annorum
2176 2391 2280 2431 notis
2297 2389 2324 2432 ἀ

206 2448 357 2491 Patina
368 2457 460 2501 pag.
477 2457 572 2497 401.
594 2442 779 2498 vulgatus
796 2440 859 2489 est.
1678 2441 1680 2443 ’

795 2564 922 2607 ΙΜΡ.
952 2564 1127 2605 CAES.
1158 2565 1207 2605 C.
1237 2563 1515 2606 MESSIVS.

796 2619 1229 2675 QTRAIANVS
1258 2619 1499 2660 DECIVS

796 2676 1128 2720 INVICTVS
1164 2675 1303 2716 Plvs
1341 2674 1540 2715 FELIX
1575 2675 1722 2716 Avo.
1789 2712 1799 2724 ,

793 2735 841 2777 12.
865 2734 922 2775 M.
943 2733 1113 2774 TRIB.
1136 2732 1177 2773 Ρ.
1200 2731 1330 2774 cos.
1352 2732 1410 2773 11.
1436 2731 1476 2772 P.
1497 2730 1539 2770 P.
1561 2731 1827 2773 PRocos

799 2791 893 2834 ET.
924 2789 1406 2841 QHERENNIVS
1442 2786 1785 2831 ETRVSCVS

801 2845 1072 2893 MESSIVS
1108 2844 1350 2894 DECIVS
1385 2843 1657 2885 CAESAR.

1318 2930 1594 2986 Exscriffi'mus
1605 2929 1811 2981 ¹Flet-write
1828 2931 1871 2972 in
1887 2908 2061 2971 Panno.

1141 3218 1399 3266 fflwffissfl
