2574 4214
292 200 313 235 '¹
325 199 394 246 74

813 505 1885 600 FAUSTINA.

395 1163 428 1205 A
440 1176 466 1204 v
478 1174 497 1203 s
511 1173 536 1203 τ
548 1175 564 1202 1
574 1173 607 1202 N
619 1173 659 1202 ,ε
689 1156 858 1213 Senioris
874 1158 1018 1198 nummi
1041 1169 1092 1198 ex
1115 1158 1218 1198 omni
1236 1147 1383 1198 modulo
1398 1182 1411 1204 ‚
1437 1148 1692 1208 eximiaestmt
1706 1155 1884 1197 raritatis
1907 1151 1955 1200 ἐφ’
1967 1152 2164 1210 elegantia
2181 1180 2193 1202 ‚
2209 1149 2319 1207 sblus
2332 1152 2401 1197 hde-

391 1234 441 1261 εκ
456 1231 527 1260 aere
542 1217 677 1274 mcy'ort'
693 1217 743 1263 (5⁴
759 1216 895 1258 minori
907 1214 1094 1256 hastenus
1112 1212 1338 1267 obsi’rvatus·
1352 1213 1415 1265 est.
2393 1206 2398 1210 ’

957 1320 1745 1368 CORINTHUS.

300 1949 326 1983 ε
340 1951 368 1980 A
381 1949 411 1978 v
422 1949 442 1978 s
456 1948 482 1977 τ
492 1948 508 1976 1
518 1947 550 1976 N
563 1948 590 1977 Α
624 1947 652 1976 A
665 1947 693 1975 v
706 1946 734 1976 G
744 1946 774 1975 v
784 1946 804 1974 s
817 1946 843 1975 τ
857 1947 899 1975 Α.
928 1946 953 1975 c
964 1945 991 1974 o
1005 1945 1051 1974 R.
1088 1930 1272 1986 Faustina
1287 1931 1461 1988 Augusta
1476 1931 1662 1973 Corinrhi.
1699 1931 1834 1985 capnt
1848 1928 2038 1980 Faustinae
2053 1929 2232 1972 SenioriS.

356 2008 385 2036 A
399 2006 430 2034 N
442 2006 467 2034 r
479 2006 507 2033 o
521 2005 550 2032 N
564 2006 579 2034 1
590 2005 620 2032 N
633 2004 660 2032 v
674 2005 693 2032 s
726 2005 754 2032 A
769 2004 848 2033 vo.
878 2004 900 2031 ι’
913 2003 966 2031 1v
978 2003 1012 2031 s,
1042 2003 1077 2031 P.
1099 2002 1135 2030 P.
1172 1989 1306 2044 Caput
1320 1988 1512 2029 Antonini
1525 1987 1581 2028 Pii
1599 1987 1820 2028 laureatum.
1908 1985 1912 1990 '

355 2078 554 2122 Corinthii
576 2077 852 2119 beneficiorum
875 2077 923 2118 ab
946 2075 1151 2116 Hadriano
1173 2088 1422 2130 acceptorum
1446 2088 1662 2120 memores,
1695 2073 1896 2114 Antonino
1913 2071 1983 2113 Pio
1999 2071 2082 2126 ejus
2101 2070 2181 2113 filio
2197 2072 2384 2128 adoptivo
2391 2078 2408 2125 ς’

303 2135 356 2177 de
378 2139 416 2176 ie
440 2137 555 2176 etiam
580 2135 677 2174 bene
699 2134 838 2174 merito
854 2159 867 2179 ‚
897 2144 1078 2172 nummos
1093 2145 1175 2171 non
1196 2130 1319 2171 modo
1340 2130 1568 2171 dedicarunt
1584 2155 1596 2175 ‚
1624 2128 1689 2169 sed
1710 2128 1799 2168 huic
1822 2127 2057 2168 blandientes
2074 2155 2086 2174 ,
2118 2128 2148 2167 F
2149 2129 2303 2170 austinae
2320 2131 2407 2185 ejus

305 2192 418 2233 uxori
438 2189 686 2234 consecrant,
713 2188 847 2229 ambos
866 2187 906 2227 in
921 2186 1062 2227 eodem
1083 2197 1270 2231 nummo,
1300 2184 1543 2226 Antoninum
1563 2184 1612 2224 ab
1634 2198 1709 2224 una
1728 2194 1834 2236 parte
1850 2209 1863 2229 ‚
1893 2182 2109 2223 Faustinam
2130 2185 2178 2225 ab
2201 2184 2316 2227 altera
2336 2186 2408 2245 fig.

305 2258 442 2288 nantes
457 2274 469 2292 ,
496 2245 605 2299 quod
625 2244 766 2285 eodem
787 2255 963 2298 tempore
986 2241 1048 2282 ille
1066 2241 1209 2282 ‘Patris
1219 2240 1360 2294 patriae
1376 2240 1673 2294 appellationem
1692 2266 1704 2286 ‚
1732 2239 1815 2279 haec
1834 2242 1928 2278 vero
1947 2241 2124 2294 Augustae
2142 2255 2283 2282 nomen
2305 2257 2408 2285 rece⁴

306 2304 454 2357 peritur,
484 2313 526 2341 ut
541 2301 664 2342 innuit
679 2300 923 2354 Capitolinus
940 2298 979 2337 in
995 2298 1075 2338 vita
1093 2296 1280 2338 Anton‘ini
1299 2310 1307 2336 ε
1336 2295 1502 2336 Uxorem
1525 2293 1765 2341 Faustinam,
1795 2293 2005 2349 Augustam
2022 2296 2200 2349 appellari
2215 2299 2239 2336 [ὶ
2259 2298 2404 2341 Senatu

297 2355 488 2415 permtstt‚
510 2356 582 2397 ‘Pii
597 2355 881 2413 appellationem
897 2354 1046 2409 recepit.
1085 2352 1264 2407 Uterque
1281 2351 1436 2393 titulum
1456 2350 1522 2392 fibi
1541 2351 1564 2392 ὲ
1583 2351 1726 2393 Senatu
1741 2350 1960 2392 concessum
1974 2350 2015 2391 in
2033 2364 2196 2393 nummo
2212 2352 2375 2408 praefert.

363 2444 449 2485 Hic
465 2456 637 2484 nummus
648 2445 783 2500 primae
802 2440 851 2488 &¹
861 2425 1039 2493 secundae
1046 2438 1186 2494 formae
1205 2437 1407 2490 rariffimus
1424 2436 1485 2490 est.

987 2547 1225 2591 DIVAE
1266 2546 1716 2589 FAVSTINAE.

945 2616 1090 2658 IMP.
1120 2614 1435 2657 CAESAR.
1475 2613 1527 2654 T.
1569 2613 1752 2654 AELI.

895 2685 1328 2730 HADRIANI.
1379 2681 1808 2726 ANTONINI.

1205 2755 1375 2797 AVG.
1414 2754 1458 2796 P.
1484 2753 1526 2795 P.

1307 2825 1358 2867 D.
1390 2824 1442 2865 D,

1502 2899 1579 2955 Ap.
1604 2899 1754 2940 Gruter.
1774 2908 1859 2953 pag.
1883 2903 1974 2939 260.
1998 2910 2029 2936 ι.

1235 3139 1490 3183 Ὄξῆἢυῧῇἢ
