2574 4214
136 772 199 799 TI.
232 770 359 798 CAEs
374 771 399 797 A
414 769 618 797 R.D1V1.
652 768 679 794 A
694 769 774 796 vo.
806 769 843 796 F.
875 768 903 795 A
918 769 1024 798 νον
1039 769 1058 796 s
1073 770 1178 797 rvs.
1217 756 1513 812 CaputTiberii
1529 759 1749 800 laureatum.

188 828 222 853 c.
255 827 288 852 c.
320 827 361 852 A.
393 826 411 851 s
425 827 448 852 E
462 826 497 851 x.
530 826 556 851 A
568 827 592 851 E
606 826 627 851 n
639 825 666 850 v
679 825 703 850 T
717 825 732 850 1
745 825 770 851 v
784 825 818 851 ε.
850 826 890 852 L.
923 826 948 852 L
960 826 987 851 v
1000 825 1023 852 c
1035 826 1059 852 R
1078 827 1102 853 E
1115 828 1139 854 τ
1154 827 1169 853 1
1183 827 1209 854 v
1222 827 1254 853 s.
1286 828 1301 853 1
1314 828 1339 853 1.
1371 828 1397 854 v
1411 828 1425 854 1
1438 828 1480 854 R.
1517 814 1671 855 Colonia
1684 812 1858 867 Caesarea
1873 815 2070 869 Augusta,
2084 815 2228 857 Sextus

241 867 479 914 cfflbuffius,
507 867 655 907 Lucius
671 866 880 907 Lucretius
893 867 1125 908 Duumviri.
1160 869 1303 923 Aquila
1319 870 1524 926 legionaria
1540 872 1638 911 inter
1653 869 1735 911 duo
1755 870 1860 926 figna
1877 871 2062 913 militaria.

182 947 257 1000 Eq.
274 947 428 987 Patinus
448 959 534 1000 pag.
555 950 619 998 67.
648 959 850 986 nummum
871 945 975 988 hunc
995 947 1205 1003 epigraphe
1229 949 1384 1003 penitus
1407 950 1563 990 corrosa
1579 947 1748 1006 vulgavit
1765 975 1777 996 ,
1806 948 1920 1004 fignis
1939 948 2162 990 militaribus
2179 947 2229 991 ad

131 1001 280 1043 bellicas
295 1001 440 1042 Tiberii
456 1002 613 1042 virtutes
629 1002 827 1042 revocatis.
858 1003 977 1057 Stgna
994 1003 1103 1050 verb,
1129 1004 1276 1058 inquit,
1306 1004 1494 1045 militaria
1496 1005 1773 1058 fortitudinem
1790 1005 1984 1052 bellicam,
2014 1003 2141 1061 qudse
2157 1007 2228 1044 mi-

127 1058 321 1112 litiamque
332 1056 545 1097 Romanam
561 1057 742 1108 adverfics
757 1056 875 1107 hostes
890 1060 990 1099 tueri
997 1058 1258 1113 praedicabat,
1283 1059 1471 1101 indicant.
1510 1060 1586 1101 Sed
1601 1060 1662 1100 illa
1678 1060 1727 1101 ad
1740 1059 2024 1101 Veteranorum
2039 1060 2233 1100 Caesarau-

127 1112 272 1168 gustam
292 1113 331 1152 in
350 1112 542 1153 coloniam
561 1111 817 1153 deductorum
837 1113 1025 1168 originem
1042 1113 1234 1168 spectant,
1262 1128 1431 1169 quorum
1448 1127 1585 1168 typum
1602 1115 1787 1156 AEbutius
1805 1120 1843 1156 δε
1860 1116 2060 1157 Lucretius
2080 1115 2232 1156 Duum-

126 1168 195 1208 viri
210 1194 223 1214 ,
252 1178 294 1208 ut
313 1167 350 1207 se
370 1168 418 1208 ab
436 1167 507 1208 illis
526 1166 711 1209 oriundos
726 1168 959 1217 indicarent,
988 1170 1109 1211 caelari
1128 1182 1364 1212 curaverunt.
1403 1171 1606 1218 QAEbutia
1622 1185 1718 1226 gens
1730 1198 1742 1218 ‚
1771 1171 1992 1211 Consularis
2008 1199 2020 1218 ,
2048 1171 2111 1211 cui
2129 1170 2227 1210 Sex-

126 1231 191 1263 tus·
209 1237 431 1276 praenomen
448 1224 469 1262 a
486 1237 650 1264 numero
668 1223 824 1264 dictum.
863 1225 999 1266 Sextus
1015 1225 1201 1266 AEbutius
1216 1225 1406 1267 accusavit
1418 1228 1466 1267 A.
1476 1226 1675 1267 Caecinam
1689 1225 1924 1277 defendente
1937 1226 2152 1273 Cicerone,
2162 1226 2230 1267 'vit

125 1277 290 1319 nefarius
305 1282 344 1320 ὃς
358 1278 576 1334 impudens.
615 1279 802 1320 Lucretia
817 1293 934 1336 gens,
961 1281 1002 1321 in
1019 1281 1195 1335 patricias
1213 1285 1253 1321 &
1269 1281 1437 1337 plebeias
1453 1280 1571 1321 divisa
1587 1282 1653 1323 est.

135 1355 138 1357 ’
177 1356 262 1398 Hic
282 1370 452 1413 nummus
461 1357 598 1413 potins
621 1356 676 1399 ad
691 1361 887 1400 minimum
910 1358 1023 1418 qudm
1040 1359 1096 1400 ad
1094 1358 1305 1413 secundum
1319 1358 1509 1401 modulum
1514 1362 1735 1414 pertinens,
1762 1360 1786 1402 ci
1803 1359 1859 1405 Cl.
1878 1359 2055 1402 Morellio
2072 1359 2229 1417 Specimss

125 1411 205 1455 tab.
227 1425 286 1465 17.
301 1413 505 1469 vulgatus,
524 1425 592 1470 pro
608 1428 693 1458 raro
708 1413 909 1459 habendus.

121 2008 159 2036 c.
184 2007 217 2033 c.
244 2006 284 2032 A.
316 2003 612 2032 CLEMENTE
643 2007 666 2033 E
680 2006 705 2033 T
735 2006 760 2033 L
775 2006 837 2034 vc
851 2006 1022 2035 Rssrlo
1050 2008 1106 2035 11.
1136 2009 1191 2036 v1
1205 2009 1247 2036 R.
1288 1991 1445 2035 Colonia
1462 1992 1633 2046 Caefizrea
1647 1993 1848 2049 Augusta,
1868 1993 2060 2036 Clemente
2077 1992 2125 2040 ὠ
2140 1994 2225 2049 Διιξ

230 2048 344 2086 cretio
360 2047 608 2086 Duumviris.
645 2048 788 2100 Aquila
806 2048 1015 2101 legionaria
1031 2049 1132 2089 inter
1148 2050 1231 2090 duo
1250 2049 1356 2102 figna
1374 2049 1560 2090 militaria.

170 2123 281 2164 Alter
298 2137 388 2164 ecce
404 2122 600 2178 signorum
619 2123 835 2165 militarium
858 2125 899 2164 in
917 2117 1223 2179 Caesaraugustae'
1235 2131 1400 2165 nummo
1422 2136 1539 2180 typus
1556 2146 1571 2173 ς
1602 2140 1652 2168 an
1667 2126 1737 2167 sub
1753 2126 1890 2169 iisdem
1905 2128 2155 2177 Duumviris,
2182 2133 2227 2172 ut

114 2178 308 2234 superior,
335 2178 554 2233 percuffus?
579 2179 751 2219 Clemens
768 2180 872 2221 enirn
888 2178 1140 2220 Sex.AEbutii
1155 2194 1377 2236 cognomen
1393 2181 1470 2222 esse
1489 2182 1636 2236 potest,
1665 2186 1705 2223 &
1725 2183 1936 2224 Lucretius
1953 2184 2057 2225 idem
2075 2185 2228 2226 Duum,

116 2235 173 2275 vir
189 2254 202 2282 3
229 2233 326 2288 saepe
345 2234 448 2275 enim
466 2235 585 2275 iidem
600 2235 807 2276 Duumviri
825 2235 893 2275 sub
910 2234 1057 2275 diversa
1072 2235 1275 2276 nominum
1299 2235 1424 2277 forma
1443 2237 1694 2291 perhibentur
1715 2254 1725 2278 ε
1764 2254 1813 2280 an
1830 2241 1927 2281 vero
1945 2240 2117 2280 Clemens
2137 2241 2229 2282 alte-

114 2290 193 2331 rius
212 2289 257 2330 fit
276 2290 482 2330 Duumviri
502 2305 722 2346 cognomen
739 2318 752 2338 ,
780 2296 820 2332 ὃς
844 2291 1054 2331 Lucretius
1078 2289 1183 2331 idem
1201 2291 1394 2333 Duumvir
1411 2296 1426 2333 ?
1453 2307 1502 2333 an
1522 2293 1604 2334 duo
1621 2294 1683 2334 alii
1697 2296 1852 2348 penitus
1867 2296 2074 2336 Duumviri
2085 2323 2097 2342 ,
2128 2310 2227 2350 quo-

115 2359 201 2386 rum
220 2345 407 2399 posterior
425 2345 598 2398 ejusdem
621 2347 746 2403 gentis
770 2346 959 2388 Lucretiae
973 2373 988 2394 ,
1024 2349 1063 2386 ὃ(
1079 2346 1141 2389 ille
1156 2346 1342 2390 Clemens
1366 2349 1389 2390 a
1405 2347 1610 2392 Veteranis
1632 2349 1704 2391 illis
1724 2350 2053 2409 Caesaraugustam
2073 2352 2223 2395 colonis

116 2401 298 2442 traductis
316 2401 504 2456 originem
520 2402 703 2444 trahunt?
1671 2424 1675 2428 ·

120 2472 122 2474 i
171 2479 254 2522 Hic
267 2495 440 2524 nummus
452 2483 649 2525 mediocris
651 2483 794 2539 formae
799 2494 872 2539 pro
886 2498 970 2524 raro
985 2482 1189 2525 habendus.

115 3156 183 3182 τι.
212 3155 444 3182 CAESAR.
473 3154 605 3182 DIVI
641 3154 761 3182 AvG.
792 3152 1316 3185 1².Avovsrvs.1²oN.
1347 3152 1477 3197 MAx.
1509 3158 1589 3188 TR.
1617 3160 1658 3193 ,9.
1689 3160 1821 3188 xxxl
1841 3161 1857 3188 1
1875 3160 1907 3187 1.
1936 3147 2077 3203 Figura
2095 3164 2212 3207 eque-

224 3197 307 3237 stris
322 3196 470 3237 Tiberii
487 3197 562 3237 bas:
581 3196 795 3253 praegrandi
810 3197 999 3251 impofita.
1291 3205 1294 3207 ’

167 3266 204 3292 c.
225 3267 260 3292 c.
284 3265 326 3291 A.
355 3265 405 3291 M.
437 3267 460 3292 c
473 3267 498 3292 A
514 3267 539 3292 T
551 3267 594 3292 o.
627 3267 665 3292 L.
699 3267 725 3292 v
739 3266 762 3292 E
777 3267 800 3292 T
815 3267 838 3292 τ
852 3267 867 3292 1
881 3268 907 3291 A
922 3268 945 3292 c
958 3267 984 3293 v
997 3267 1030 3293 s.
1059 3254 1215 3295 Colonia
1231 3256 1402 3310 Caesizrea
1417 3257 1599 3312 Augusta.
1628 3257 1788 3297 Marcus
1806 3259 1902 3298 Cato
1915 3285 1928 3306 ,
1955 3259 2106 3302 Lucius
2119 3263 2212 3305 Vet-

220 3309 355 3347 tiacus.
393 3307 535 3361 Aquila
557 3308 764 3362 legionaria
779 3307 878 3348 inter
894 3307 977 3349 duo
996 3309 1101 3364 figna
1116 3311 1301 3352 militaria.

161 3385 282 3425 Hunc
293 3398 494 3426 nummum
506 3386 676 3440 vulgavit
686 3387 874 3441 Seguinus
890 3398 978 3442 pag.
995 3401 1011 3427 1
1020 3401 1083 3429 20.
1097 3388 1188 3430 edit.
1202 3402 1220 3428 2
1229 3420 1238 3429 .
1251 3438 1254 3444 .
1267 3389 1331 3432 De
1343 3390 1457 3447 fignis
1469 3389 1690 3430 militaribus
1705 3391 1743 3431 in
1757 3391 1900 3445 postica
1913 3406 2020 3447 parte
2028 3396 2207 3450 percuffis

110 3440 271 3495 plurima
293 3439 452 3495 quidem
468 3468 480 3488 ,
508 3440 574 3481 sed
595 3441 645 3482 de
662 3441 783 3497 figura
802 3442 969 3496 equestri
989 3443 1029 3482 in
1046 3444 1169 3484 antica
1189 3458 1239 3490 ne
1254 3446 1415 3497 yerbum
1436 3445 1604 3499 protulit.
1638 3445 1858 3487 Tribunitia
1873 3448 2021 3490 Tiberii
2040 3454 2207 3505 potestas

108 3509 205 3536 xxxr
218 3509 276 3535 11.
296 3497 336 3536 in
352 3509 512 3537 nummo
531 3496 699 3552 fignata,
728 3497 887 3537 statuam
910 3496 1012 3536 illam
1036 3492 1291 3552 equestrem-'a‘
1307 3499 1652 3553 caesaraugustanis
1676 3501 1746 3555 ipfi
1769 3503 1932 3544 erenam
1955 3506 2008 3546 ob
2025 3507 2205 3559 sejanum

109 3552 207 3590 viam
223 3550 271 3590 ad
286 3551 590 3592 dominationem
605 3551 676 3592 fibi
692 3564 928 3606 quaerentem
945 3552 1132 3593 sublatum
1146 3579 1158 3600 ,
1179 3555 1321 3609 arguit:
1348 3570 1452 3595 anno
1472 3555 1574 3594 enim
1596 3557 1648 3595 U.
1662 3556 1710 3596 C.
1731 3559 1823 3609 784.
1845 3559 1954 3600 CHr.
1973 3574 2035 3614 31.
2065 3563 2102 3601 in
2121 3576 2202 3615 quo

108 3617 270 3659 uterque
287 3606 539 3647 Consulatum
564 3604 673 3663 gestit
690 3633 703 3654 ,
732 3607 1020 3647 Tiberiuscum
1036 3607 1294 3650 Tribunitiam
1321 3610 1546 3664 potestatem
1567 3624 1663 3650 xxxl
1676 3625 1691 3651 1
1706 3626 1736 3652 1.
1760 3626 1910 3668 ageret,
1938 3615 2052 3656 missis
2069 3617 2199 3657 litteris

105 3660 284 3713 Sejanum
296 3661 336 3700 in
348 3662 488 3703 Senatu
499 3662 710 3709 accusavit,
737 3676 820 3716 quo
837 3661 1020 3703 damnato
1034 3666 1071 3703 ὃ(
1083 3664 1210 3706 occiso
1223 3666 1341 3715 multa
1349 3665 1510 3706 Tiberio
1528 3666 1550 3705 a
1561 3667 1701 3708 Senatu
1716 3667 1868 3716 decreta
1881 3669 1985 3718 sunt,
2015 3683 2057 3709 ut
2075 3672 2201 3726 inquit

108 3716 190 3764 Dio
206 3714 268 3754 lib.
290 3719 351 3766 58.
370 3729 457 3772 pag.
477 3723 569 3768 629.
599 3722 655 3759 Kal
669 3721 839 3758 δεωσοπίας
855 3722 926 3758 τινὲς
940 3722 1174 3768 ἀπηνλαγμὶρίοι.
1200 3722 1396 3776 Qoniam
1408 3721 1576 3769 dominio
1599 3726 1793 3764 exonerati
1815 3724 1938 3777 effent.
1977 3726 2082 3766 Hinc
2100 3726 2199 3768 sacra

106 3767 204 3810 fana
216 3796 228 3815 ,
256 3769 383 3811 statuae
395 3777 434 3812 ὃς
446 3787 517 3813 arae
532 3773 665 3827 paffim
680 3775 702 3814 a
719 3775 874 3829 privatis
891 3775 1006 3816 etiam
1022 3779 1060 3814 &
1075 3788 1145 3828 per
1160 3776 1312 3823 Italiam,
1323 3780 1363 3823 ὅ(
1373 3777 1462 3818 alias
1478 3778 1589 3818 urbes
1600 3779 1756 3826 erectae,
1784 3780 1832 3819 ab
1846 3781 1890 3820 iis
1908 3780 2110 3833 praesertim
2130 3785 2198 3836 qui

105 3825 247 3878 Sejano
265 3824 417 3868 florenti
434 3828 675 3876 studuerant,
703 3829 852 3884 ipfique
871 3831 1139 3871 statuaswantea.
1153 3830 1374 3884 posuerant,
1404 3845 1445 3873 ut
1461 3833 1626 3885 Tiberii,
1643 3848 1722 3874 non
1739 3835 1865 3888 Sejani
1880 3836 1918 3874 in
1939 3837 2097 3889 gratiam
2109 3865 2121 3884 ‚
2150 3852 2195 3878 ea

105 3879 231 3920 feciss'e
250 3879 475 3935 viderentur.
504 3883 620 3939 Signa
634 3884 806 3926 militaria
823 3884 871 3925 ad
884 3885 1102 3927 veteranos
1120 3886 1160 3926 in
1173 3885 1351 3928 Coloniae
1366 3886 1675 3943 supplementum
1691 3889 1878 3930 dedunos
1894 3890 2072 3944 sportam.

159 3958 242 3998 Hic
256 3972 427 4001 nummus
431 3963 568 4016 primae
583 3964 860 4019 magnitudinis
878 3966 1026 4006 eximiae
1043 3966 1220 4006 raritatis
1235 3965 1292 4016 cst.
1513 4019 1531 4059 Ι
