2574 4214
297 192 331 230 4
342 191 363 218 2
1057 169 1100 216 A
1137 169 1182 214 U
1216 169 1262 214 'G
1296 166 1345 215 U
1381 169 1407 214 S
1444 164 1487 213 T
1525 165 1570 212 U
1608 166 1648 211 S.

302 253 324 279 Ρ
336 253 358 278 E
370 252 399 278 R
413 251 457 277 M.
489 252 512 278 c
526 252 549 278 A
563 251 587 278 E
601 250 634 277 s.
665 248 690 276 A
707 250 733 275 v
745 251 784 277 G.
822 236 955 290 Caput
972 235 1134 291 Augusti
1152 235 1310 275 nudum.

361 308 383 333 c
395 307 420 332 ο
435 308 459 333 L
472 307 498 332 o
516 307 540 332 N
555 307 570 332 1
583 307 610 332 A
643 305 663 331 Ρ
677 306 703 331 A
719 305 743 330 T
757 305 787 331 R
801 305 816 330 1
828 306 850 331 c
864 305 878 330 1
893 305 934 330 A.
973 290 1115 344 Aquila
1130 289 1335 346 legionaria
1350 288 1447 330 i-nter
1463 286 1545 327 duo
1562 285 1665 341 figna
1683 283 1867 326 militaria.

352 371 466 424 Signa
491 370 660 409 militaria
686 369 722 407 in
744 368 995 408 Coloniarum
1017 368 1207 413 nummis,
1237 377 1505 406 veteranorum
1532 364 1696 404 militum
1722 363 1761 402 in
1787 362 1856 402 has
1882 360 2177 402 transmissorum
2201 359 2391 415 originem

295 424 494 466 denotant.
533 423 715 464 Corduba
735 423 755 461 a
776 422 958 462 Marcello
979 423 1134 461 condita
1151 448 1162 465 ,
1191 421 1430 474 Reipublicae
1448 432 1621 472 tempore
1639 418 1807 458 Colonia
1824 417 1990 457 dedusta
2009 443 2020 463 ,
2050 417 2232 456 Patricia
2253 428 2391 456 vocata

297 480 372 525 est,
401 480 448 519 ab
464 479 656 534 Augusto,
685 478 869 530 Hispania
887 476 1042 516 tandem
1058 475 1211 529 pacati,
1243 478 1281 513 &
1299 475 1446 514 colonis
1465 475 1566 514 bello
1585 473 1817 519 imminutis,
1847 473 2129 513 Veteranorum
2151 471 2391 526 supplemen-

296 546 379 573 tum
397 535 560 588 accepit;
589 533 650 571 cui
668 533 780 572 etiam
798 531 983 573 cudendae
1002 543 1166 570 monetae
1183 528 1341 570 facultas
1358 528 1406 568 ab
1418 543 1466 569 eo
1479 528 1652 569 conccssa
1665 528 1739 575 est,
1766 528 1876 581 cujus
1893 526 2069 567 beneficii
2087 541 2275 567 memores
2290 527 2392 567 Cor-

295 588 484 629 dubenses
502 615 512 634 ,
544 602 564 626 1>
579 601 599 626 r:
614 602 638 627 R
655 600 700 626 M.
739 601 760 626 A
779 601 803 626 v
818 602 856 627 G.
887 588 924 626 in
944 587 1123 626 omnibus
1147 584 1220 625 suis
1243 584 1409 624 nummis
1433 583 1705 639 inscripserunt.
1747 583 1822 623 Sed
1844 584 1931 623 cum
1949 583 2136 637 Seguinus
2154 582 2282 622 noster
2300 596 2389 638 pag.

300 657 387 693 117.
410 644 498 683 edit.
521 656 554 681 2.
583 641 815 682 dofi‘rissimos
841 642 941 681 viros
961 641 1098 681 referat
1113 640 1347 680 contendere
1365 667 1376 686 ‚
1407 653 1586 679 nummos
1603 652 1720 678 aereos
1738 638 1862 678 nullos
1883 637 1952 678 nisi
1972 638 2128 678 decreto
2147 639 2308 678 Senatus
2324 651 2391 677 cu-

294 698 354 738 sos
374 697 479 736 fuisse
505 698 633 749 primis
659 698 814 750 Imperii
836 696 1004 736 Romani
1025 695 1162 736 saeculis
1180 723 1191 742 ‚
1220 695 1312 735 nihil
1335 707 1460 736 tamen
1483 695 1532 735 dc
1550 694 1737 735 cudendae
1758 705 1921 734 monetae
1939 694 2126 748 potestate
2143 693 2191 733 ab
2214 693 2391 748 Augusto

293 753 389 792 facta
412 753 557 796 statuit,
584 753 664 791 imo
684 752 765 791 hoec
783 751 890 791 addit
913 766 919 790 :
947 751 1176 792 Aci-vertant
1196 753 1277 791 viri
1293 750 1503 801 clarg'ffimi,
1531 765 1621 806 quos
1636 749 1831 804 impenfiits
1849 749 1926 788 colo
1943 777 1955 796 ‚
1982 748 2112 804 qudse
2130 748 2201 789 vid
2217 750 2308 792 hinc
2324 762 2391 788 ex-

281 808 443 862 pediant
459 834 471 853 ‚
495 817 562 856 pro
575 807 653 858 fita
668 807 876 861 prudentia
895 805 941 849 (ἐν
961 820 1083 846 rerum
1104 808 1350 861 antiquarum
1373 807 1606 857 experientia
1622 804 1813 860 fingulari.
1854 804 1944 845 Nos
1964 816 2092 845 autem
2113 804 2329 859 Augustum
2347 804 2389 844 in

289 861 476 902 divisione
501 862 766 902 Romanarum
791 861 1071 914 provinciarum
1095 874 1182 900 cum
1210 861 1383 914 populo,
1413 871 1456 900 ut
1478 859 1717 913 tyrannidem
1741 860 1919 900 affectare
1944 859 1980 899 se
1998 859 2156 900 minime
2174 858 2389 906 videretur,

289 917 477 957 cudendae
493 929 656 957 monetae
674 931 778 957 aereae
795 916 1011 956 facultatem
1031 917 1186 957 Senatui
1207 915 1396 969 reliquisse
1415 927 1597 969 putamus
1618 942 1629 961 ‚
1661 915 1766 956 unde
1785 916 1823 955 in
1844 916 2009 955 nummis
2030 915 2170 956 Romae
2191 913 2288 954 cusis
2305 914 2389 955 haec

288 972 462 1025 appolita
483 985 574 1012 nota
597 987 615 1011 s
630 987 663 1012 c.
686 973 724 1012 in
745 972 919 1012 Coloniis
939 974 1032 1011 vero
1056 986 1131 1011 DD.
1157 971 1216 1011 vel
1243 984 1257 1010 1
1271 985 1297 1010 1.
1324 983 1350 1009 v
1364 985 1377 1010 1
1393 984 1436 1011 R.
1460 982 1525 1010 aut
1541 971 1846 1010 Duumvirorum
1863 971 2019 1012 nomina
2039 991 2050 1018 ·‚
2079 983 2117 1011 at
2141 971 2179 1010 in
2206 970 2275 1010 illis
2299 983 2388 1024 quae

288 1028 434 1082 integr-i
454 1028 646 1082 privilegia
661 1027 801 1067 civium
824 1028 1092 1067 Romanorum
1112 1041 1190 1067 non
1208 1026 1413 1073 haberent,
1441 1025 1670 1067 necessarius
1685 1027 1932 1081 Imperatoris
1950 1026 2149 1082 permiffus
2166 1025 2390 1073 videbatur,

287 1097 406 1137 quem
425 1084 461 1122 in
481 1083 644 1123 nummis
662 1082 732 1122 illae
752 1081 895 1138 fignare
911 1082 1197 1123 consueverant.

341 1161 425 1201 Hic
439 1175 608 1207 nummus
615 1163 750 1216 primae
765 1160 1041 1218 magnitudinis
1051 1172 1120 1215 pro
1139 1158 1317 1212 rariffi'mo
1335 1159 1599 1202 numerandus.

288 1792 310 1818 ι»
325 1791 346 1817 E
358 1790 388 1816 R
401 1789 450 1816 M.
484 1788 506 1814 c
519 1788 544 1815 A
559 1787 580 1813 E
594 1787 626 1812 s.
661 1787 686 1814 A
703 1787 729 1813 v
742 1786 782 1812 G.
820 1773 954 1827 Caput
971 1773 1135 1828 Augusti
1155 1773 1235 1814 fine
1254 1773 1393 1813 laurea.

342 1847 365 1872 c
377 1845 403 1870 o
419 1846 455 1870 L.
487 1844 507 1869 p
522 1843 547 1868 A
565 1843 588 1868 τ
601 1842 643 1868 R.
677 1843 701 1868 L
715 1842 738 1868 E
751 1842 790 1869 o.
822 1841 861 1868 ν.
888 1842 927 1868 x.
966 1829 1123 1869 Colonia
1139 1829 1336 1869 Patricia.
1366 1827 1554 1884 Legiones
1568 1827 1728 1883 quinta,
1747 1825 1906 1869 decima.
1942 1827 2087 1882 Aquila
2107 1826 2315 1883 legionaria
2331 1827 2390 1868 in-

395 1898 453 1926 ter
471 1884 553 1924 duo
573 1883 676 1938 figna
694 1883 876 1925 milit-aria.

339 1963 520 2017 Superior
542 1975 723 2002 nummus
740 1961 958 2017 Legionum
981 1960 1085 2016 figna
1101 1961 1389 2003 Veteranorum
1405 1961 1445 2001 in
1463 1960 1655 2001 coloniam
1677 1959 1938 2004 dedufitorum
1959 1958 2174 2016 symbolum
2189 1959 2391 2016 percussit,

285 2020 349 2062 hic
376 2032 550 2074 perrarus
576 2031 663 2057 cum
691 2016 780 2070 ipsis
805 2018 968 2071 <Quntae
993 2021 1029 2056 ὃ(
1057 2018 1234 2057 ‘Decimae
1259 2017 1416 2057 nomina
1432 2044 1445 2063 ,
1475 2030 1521 2056 ex
1544 2016 1686 2069 quibus
1710 2016 1840 2058 coloni
1860 2015 2054 2056 transmiffi
2073 2015 2182 2062 sunt,
2209 2013 2392 2063 exhibet3

285 2075 451 2130 Augusti
471 2073 665 2113 historiam
685 2071 869 2112 illustrans
892 2086 900 2110 ε
934 2072 995 2111 ille
1019 2073 1121 2111 enim
1147 2072 1361 2126 Legionem
1388 2073 1566 2124 quintam
1593 2070 1890 2111 Macedonicam
1914 2072 1954 2111 in
1980 2070 2190 2112 Germania
2210 2070 2394 2112 inferiore

286 2131 502 2175 constituit;
533 2129 681 2169 decima
701 2140 830 2168 autem
851 2127 938 2166 cum
956 2127 1108 2181 gemina
1127 2126 1239 2173 esset,
1268 2139 1384 2166 unam
1399 2126 1634 2181 cognomine
1648 2128 1852 2166 Vic‘lricem
1870 2127 1907 2166 in
1930 2126 2057 2180 Syria,
2087 2127 2241 2167 alteram
2258 2125 2392 2167 Ferra-

286 2196 368 2228 tam
392 2188 430 2225 in
458 2184 641 2238 Hispania
662 2182 885 2224 collocavit:
915 2182 979 2222 sed
1004 2195 1212 2236 antequam
1230 2182 1348 2222 casin
1374 2182 1595 2236 provincias
1617 2181 1780 2237 migrare
1796 2180 1978 2234 juffiffizt,
2010 2181 2226 2224 Veteranos
2241 2182 2392 2225 illarum

285 2243 552 2284 exauetoratos
569 2241 608 2279 in
629 2238 814 2279 Colonias
831 2237 1013 2284 deduxit,
1043 2237 1300 2277 Macedonicae
1321 2236 1486 2293 Qintae
1510 2237 1692 2292 Legionis
1710 2250 1857 2291 partem
1878 2238 1915 2277 in
1937 2237 2146 2278 Coloniam
2165 2238 2392 2286 Pati-iciam,

285 2298 441 2339 alteram
459 2296 551 2336 vero
578 2296 758 2350 Berytum
780 2297 817 2332 &
838 2293 1079 2347 Heliopolim
1095 2293 1303 2333 Phoeniciae
1320 2320 1331 2340 ‚
1362 2293 1539 2332 'Decima’
1561 2293 1743 2332 Vt'c‘i‘rico‘s
1759 2293 1822 2334 seu
1844 2292 2010 2333 Ferratae
2028 2306 2176 2347 partem
2197 2293 2391 2335 Caesarau-

285 2353 435 2410 gustam
454 2351 648 2404 Hispania:
665 2351 872 2390 Tarracon.
899 2348 1159 2389 Ruscinonem
1177 2349 1311 2389 Galliae
1327 2347 1503 2388 Narbon.
1524 2352 1563 2388 &
1575 2347 1731 2389 alteram
1749 2349 1786 2388 in
1801 2348 1891 2389 Col.
1909 2348 2108 2390 Patriciam
2127 2349 2390 2398 transmissam,

289 2421 372 2451 tum
390 2422 435 2448 ex
454 2408 529 2448 hoc
546 2420 727 2453 nummo,
756 2417 840 2446 tum
859 2418 904 2445 ex
925 2404 1004 2444 aliis
1023 2405 1221 2445 docemur.
1272 2403 1431 2458 Qanta
1448 2403 1563 2458 igitur
1579 2417 1626 2443 ex
1642 2404 1697 2444 rei
1713 2405 1934 2446 nummariae
1949 2406 2211 2447 monumentis
2225 2405 2390 2447 historiae

286 2465 349 2505 lux
360 2491 372 2510 ,
396 2477 482 2518 qua:
499 2462 577 2502 fine
594 2475 729 2502 eorum
745 2475 823 2515 ope
839 2460 956 2500 multa
977 2460 1136 2513 caligine
1154 2459 1326 2500 involuta
1342 2471 1594 2514 permaneret.

341 2542 425 2582 Hic
444 2555 616 2581 nummus
630 2539 903 2594 mediaeformae
915 2566 927 2586 ,
955 2539 1135 2579 raritatis
1153 2539 1303 2578 eximiae
1319 2537 1369 2592 est
1385 2535 1432 2581 ἔπ’
1449 2536 1654 2592 elegantiae.

854 2616 1321 2678 ROMULEA
1380 2634 1822 2676 COLONIA.

295 3303 319 3331 c
331 3303 356 3328 0
370 3300 406 3327 L.
442 3299 470 3325 R
481 3299 506 3324 o
521 3298 565 3323 M.
596 3298 616 3324 1»
630 3297 652 3322 E
668 3295 696 3322 R
709 3295 756 3324 M.
786 3297 812 3323 D
823 3295 872 3322 ιν
884 3294 899 3322 1
930 3294 956 3320 A
972 3293 999 3321 v
1011 3294 1049 3320 o.
1080 3278 1235 3320 Colonia
1254 3275 1436 3318 Romulea
1452 3278 1513 3321 vel
1534 3275 1764 3331 Romulenfis
1773 3304 1786 3326 ‚
1806 3275 1983 3333 permffc
2001 3277 2090 3320 divi
2101 3275 2276 3335 Augusti.>
2303 3272 2392 3333 (ἵης

404 3353 474 3394 put
492 3338 675 3378 radiatum
689 3365 700 3383 ,
729 3336 818 3376 aliis
835 3337 1066 3380 laureatum,
1093 3346 1183 3374 ante
1203 3333 1311 3388 quod
1332 3332 1485 3373 fulmen.
2066 3387 2069 3389 d
2390 3369 2394 3372 ,

350 3410 402 3438 1v
417 3409 467 3435 LI
484 3407 509 3432 A
551 3406 651 3432 avc
667 3405 723 3432 vs
738 3405 803 3433 TA
844 3403 1125 3432 GENITRIX
1163 3403 1330 3431 ORBIS.
1387 3390 1521 3444 Caput
1546 3388 1652 3442 Juliae
1681 3388 1800 3445 globo
1830 3388 2054 3444 impositum
2071 3416 2086 3437 ,
2128 3392 2168 3430 δε
2194 3391 2386 3436 crescente

401 3450 500 3490 luna.

348 3528 503 3572 Colonia
526 3524 707 3564 Romulea
723 3552 734 3570 ,
763 3524 898 3564 eadem
916 3539 1002 3578 quae
1019 3524 1188 3578 Hispalis
1207 3551 1218 3570 ‚
1247 3523 1340 3564 teste
1356 3523 1481 3563 Plinio
1498 3523 1558 3564 lib.
1581 3537 1614 3577 3.
1633 3538 1713 3578 cap.
1737 3537 1770 3564 1.
1800 3522 1975 3577 [Iispalis
1996 3523 2152 3564 Colonia
2173 3529 2386 3580 cognomine

295 3581 536 3634 Romulensis.
568 3579 671 3618 Urbs
686 3580 738 3618 cst
756 3579 948 3633 Hispania:
967 3581 1123 3619 Boeticae
1139 3580 1188 3619 ad
1205 3580 1347 3619 Boetim
1364 3579 1546 3626 fluvium,
1574 3592 1617 3619 ut
1635 3579 1748 3620 tradit
1764 3577 1872 3619 Mela
1890 3579 1950 3618 lib.
1973 3593 2007 3618 2.
2025 3593 2107 3634 cap.
2126 3593 2162 3630 4
2194 3585 2242 3620 ln
2259 3581 2383 3622 Boeti-

294 3657 361 3688 ca,
389 3639 524 3692 Astagi
537 3661 548 3680 ‚
577 3633 770 3686 Hispalis,
800 3634 982 3675 corduba.
1022 3635 1229 3674 Coloniam
1257 3634 1460 3674 deductam
1487 3635 1604 3675 docet
1625 3635 1762 3675 Strabo
1777 3634 1840 3673 lib.
1866 3647 1901 3686 3.
1922 3648 2007 3688 pag.
2031 3647 2118 3685 141.
2148 3645 2173 3671 Η
2189 3634 2243 3682 μᾶζὰ
2259 3645 2384 3677 lamam

298 3699 474 3743 ὲῃηφμψζς,
500 3699 523 3744 ‚37
543 3693 618 3727 σαί-ιη’
636 3691 746 3727 δέπαος
764 3692 909 3739 Ρωμαίων.
949 3688 1043 3740 ‘Post
1060 3689 1132 3727 has
1150 3689 1325 3743 Hispalis
1343 3689 1462 3729 claret
1474 3716 1486 3735 ,
1513 3689 1593 3742 ipsa
1612 3703 1754 3744 quoque
1776 3690 2028 3728 Romanorum
2045 3690 2208 3729 Colonia.
2250 3691 2382 3733 Num-

295 3767 401 3796 mum
411 3749 497 3805 post
510 3745 669 3800 Augusti
680 3757 863 3790 mortem,
891 3744 1002 3783 Divi
1022 3743 1153 3784 titulus
1165 3772 1177 3790 ‚
1205 3759 1349 3785 corona
1366 3744 1508 3785 radiata
1526 3749 1565 3784 &
1578 3743 1722 3784 fulmen
1738 3743 1993 3798 apotheoseos
2012 3745 2203 3798 symbola,
2231 3748 2382 3800 percus-

296 3810 378 3851 sum
394 3814 576 3862 arguunt3
604 3799 669 3839 scd
688 3802 725 3838 &
747 3799 847 3848 luliae
865 3812 1007 3838 nomen
1028 3812 1097 3851 per
1114 3800 1275 3853 Augusti
1296 3800 1561 3840 testamentum
1581 3798 1651 3853 ipsi
1667 3799 1884 3840 concessum
1900 3798 2117 3840 confirmat:
2147 3800 2230 3854 ejus
2247 3803 2382 3843 memi-

301 3865 358 3906 nit
374 3863 452 3902 Dio
469 3859 529 3900 hb.
552 3869 615 3907 50.
633 3868 719 3909 pag.
736 3858 826 3894 600.
856 3856 925 3891 Τίτε
941 3858 973 3890 δὲ
988 3859 1209 3898 οἱῇανατίσιιντες
1225 3857 1308 3891 «Andr
1320 3881 1330 3896 ‚
1356 3862 1379 3907 »ᾖ
1397 3858 1545 3895 &ravair-uc
1561 3864 1585 3892 οἱ
1600 3882 1610 3897 ,
1635 3861 1659 3907 »ᾖ
1679 3858 1750 3903 ἱει39ἕ
1765 3857 1861 3903 &perdit
1877 3873 1906 3892 τε
1922 3856 1975 3892 ‘riui
1992 3860 2098 3893 Argiam
2113 3872 2142 3893 τε
2159 3863 2228 3898 vasi,
2255 3860 2304 3907 ἧς),
2321 3864 2380 3896 Αύ-

292 3924 382 3972 γέςαν
394 3917 588 3966 καλεμῆύῑω,
613 3915 786 3957 ἀπέδειξα.
825 3910 921 3949 Tum
935 3910 1021 3949 verb
1038 3912 1137 3949 inter
1157 3909 1332 3949 mortales
1350 3912 1435 3949 deos
1453 3924 1534 3950 eum
1561 3912 1841 3965 magnarum,
1869 3909 1916 3954 ἄν
1933 3909 2124 3952 Flamines
2137 3926 2222 3952 cum
2225 3913 2378 3965 sacris,

2175 4032 2180 4038 .
2238 3966 2376 4016 &Sa-
