2491 4219
190 107 291 158 170
741 95 1329 162 ΡΗῐιιΡΡυε
1408 97 1827 160 SEN10R2

260 789 285 818 c
296 789 373 826 or„
405 788 424 816 s
438 790 462 816 E
473 789 504 817 R
515 789 555 816 G.
588 787 620 815 N
633 788 656 814 E
670 787 698 814 A
711 787 732 815 Ρ
745 787 770 814 o
784 787 821 816 L.
852 773 1006 815 Colonia
1023 772 1155 829 Sergia
1172 772 1368 827 Neapolis.
1412 769 1656 826 AEsculapius
1677 768 1811 811 sedens
1822 795 1836 817 ,
1868 766 2011 811 sinistra
2031 767 2210 811 baculum
2230 767 2304 820 ser}¹

313 844 432 889 pente
447 831 664 873 involutum
681 842 788 872 tenet
802 858 814 878 ,
841 829 1015 871 dextram
1034 829 1195 885 porrigit
1214 829 1340 870 versus
1356 827 1553 885 Hygeiam
1572 827 1731 869 stantem
1747 852 1760 874 ,
1789 839 1876 881 quae
1895 825 1990 868 laeva
2005 825 2221 882 serpentem
2236 839 2306 882 apff

313 888 520 944 prehendit
533 887 750 944 pascentem
765 887 805 927 in
821 898 951 942 patera
969 899 1089 941 quam
1106 885 1240 926 dextra
1254 885 1364 941 gerit.
2043 886 2067 891 ”“
2084 888 2086 891 ’
2103 889 2106 891 ’
2287 888 2295 896 “

200 1021 206 1024 ,
259 976 354 1020 Vox
383 993 402 1019 s
414 994 437 1019 Ρ,
449 992 479 1020 n
492 992 531 1020 e.
560 978 599 1018 in
615 977 693 1019 hoc
711 977 901 1032 Neapolis
917 976 1097 1017 Coloniae
1113 977 1136 1018 a
1155 975 1337 1031 Philippo
1360 975 1536 1018 dedufflz
1558 987 1721 1015 nummo
1738 986 1817 1028 pro,
1826 972 1986 1028 antiqua
2001 971 2153 1017 Flaviae
2174 973 2309 1031 appelj'
2384 1007 2387 1009 -

202 1032 348 1082 latione
365 1034 488 1088 polita
503 1033 557 1075 est
572 1061 585 1081 ,
613 1047 737 1089 eaque
752 1034 882 1087 Sergia
898 1060 911 1080 ‚
939 1032 1001 1073 vel
1022 1031 1205 1087 Sergiano
1221 1059 1235 1080 ,
1263 1031 1324 1073 vel
1341 1030 1642 1087 Setgiopolitana
1659 1028 1811 1072 videtur
1826 1028 2061 1084 explicanda.
2098 1029 2232 1086 Sergia
2251 1029 2309 1073 fa-

201 1089 317 1139 miliae
337 1090 527 1130 Romanae
542 1103 712 1137 nomen,
740 1088 839 1140 Julio
857 1087 1039 1142 Philippo
1055 1087 1104 1129 de
1123 1088 1222 1142 Julia
1238 1099 1354 1144 gente
1373 1086 1566 1142 appellato
1582 1100 1663 1127 non
1682 1085 1874 1127 convenit.
1911 1085 2091 1142 Sergiana
2109 1099 2210 1134 vox,
2235 1099 2309 1129 no.-

200 1158 296 1193 [men
313 1146 365 1185 est
384 1159 431 1185 ex
446 1145 575 1200 Sergia
589 1155 705 1201 gente
720 1145 761 1186 in
776 1145 887 1185 aliam
905 1143 1084 1185 familiam
1102 1143 1287 1198 adoptata
1302 1143 1592 1198 produffivum:
1621 1142 1709 1197 quis
1719 1141 1819 1183 vero
1834 1139 2057 1197 Philippum
2071 1141 2112 1182 in
2126 1139 2312 1184 familiam

197 1198 341 1253 Juliam
358 1200 584 1254 adoptatum
594 1228 606 1247 ‚
634 1200 856 1255 sergianum
872 1199 1018 1241 dietum
1037 1199 1146 1241 fuisse
1162 1227 1174 1246 ‚
1202 1203 1241 1240 &
1258 1198 1467 1240 Coloniam
1483 1198 1532 1240 ab
1546 1197 1688 1240 eodem
1703 1196 1908 1239 deductam
1918 1224 1932 1245 ‚
1959 1197 2153 1254 Sergianae.
2164 1211 2312 1241 nomen

204 1256 254 1310 ab
268 1269 320 1306 eo
340 1256 462 1297 tulisse
479 1256 707 1297 existimabit
723 1258 738 1296 ?
777 1257 840 1296 An
865 1256 996 1310 potius
1019 1255 1102 1297 haec
1118 1255 1288 1296 Colonia
1304 1282 1318 1302 ,
1347 1253 1644 1309 Sergiopolitana
1661 1252 1848 1308 Neapoli&
1875 1264 2011 1296 vocata
2035 1252 2110 1301 sit,
2130 1254 2189 1303 *ob
2205 1253 2313 1298 cives

204 1312 345 1364 partim
363 1325 411 1352 ex
432 1312 649 1367 Sergiopoli
665 1311 914 1366 Euphratefia
934 1311 1027 1352 urbe
1045 1325 1125 1352 non
1144 1311 1308 1352 multum
1325 1309 1447 1351 diffita
1459 1337 1471 1357 ,
1497 1309 1543 1351 N
1545 1309 1721 1363 eapolim.
1738 1309 1934 1352 traduEtos
1949 1337 1962 1358 ‚
1988 1308 2055 1351 sed
2069 1308 2172 1356 illam
2186 1309 2210 1351 ἓι
2227 1309 2313 1352 Set-

202 1367 272 1423 gio
287 1367 370 1408 cive
390 1368 576 1409 Romano
593 1367 659 1408 sub
678 1368 922 1409 Diocletiano
939 1367 1096 1408 ibicum
1116 1366 1272 1408 Baccho
1288 1367 1510 1422 martyrium
1528 1366 1635 1420 paffo
1654 1366 1893 1408 nominatam
1910 1365 2068 1413 tradunt
2085 1364 2316 1413 Ecclesiam*

207 1425 244 1461 ci
258 1422 485 1476 Scriptore33
513 1424 660 1465 atvero
679 1422 705 1464 fi
723 1423 824 1464 nulla
840 1438 887 1464 ex
903 1423 948 1464 iis
962 1424 1224 1477 interpretatio
1240 1422 1424 1468 arrideat,
1451 1422 1500 1463 ad
1515 1422 1626 1463 aliam
1645 1421 1696 1463 de
1711 1421 1843 1477 Sergia
1859 1423 1959 1464 tribu
1976 1421 2160 1469 Romana
2175 1420 2314 1464 confu·

206 1477 392 1532 giendum
405 1507 417 1526 ‚
446 1493 493 1520 ex
509 1494 586 1534 qua
603 1479 748 1520 Coloni
764 1478 974 1534 Neapolim
990 1477 1184 1520 transmissi
1205 1477 1298 1524 sint,
1327 1477 1432 1518 unde
1449 1477 1579 1533 Sergia
1598 1479 1794 1520 nominata
1811 1478 1856 1520 fit
1873 1477 2078 1534 Neapolis.
2109 1477 2214 1521 Vide
2227 1477 2314 1533 plu·
2329 1475 2340 1492 ⁰

207 1546 249 1572 ra
266 1532 304 1571 in
322 1533 498 1575 Otacilia.
527 1535 772 1589 AEsculapius
787 1538 826 1575 &
842 1535 997 1589 Hygeia
1014 1534 1192 1575 Coloniae
1208 1533 1365 1574 numina
1381 1533 1490 1581 sunt,
1519 1534 1573 1575 ob
1589 1533 1689 1575 sacra
1711 1533 1802 1590 ipfis
1829 1548 1901 1591 pro
1924 1534 2107 1592 Philippo
2134 1533 2315 1589 Colonia}

206 1585 415 1630 fundatore
429 1592 451 1631 a
465 1590 735 1645 Neapolitanis
752 1590 870 1638 fasta,
899 1591 940 1630 in
960 1603 1122 1631 nummo
1141 1588 1266 1630 forsan
1285 1588 1441 1645 fignata.

262 1676 347 1721 Hic
361 1693 534 1721 nummus
541 1679 719 1733 ficundae
728 1679 869 1737 formae
891 1682 933 1723 in
949 1679 1110 1739 Collegio
1128 1679 1323 1739 Ludovici
1341 1679 1484 1739 Magni
1502 1678 1705 1733 rariffimus
1723 1678 1788 1735 ‘ste

215 2402 254 2429 Β.
284 2403 322 2430 n.
353 2400 396 2427 N.
427 2397 470 2426 N.
504 2399 525 2425 P
537 2398 565 2425 u
577 2397 592 2424 r
605 2396 630 2424 L
642 2395 658 2422 1
669 2395 691 2422 Ρ
705 2395 726 2422 Ρ
739 2395 755 2422 1
767 2394 787 2421 s
821 2394 848 2420 A
861 2393 888 2421 v
901 2390 927 2420 G
941 2392 980 2420 G.
1018 2378 1207 2419 ‘Dominis
1223 2376 1355 2429 nostris
1375 2375 1574 2431 Philippis
1593 2374 1785 2430 Augustis.
1825 2373 1968 2429 Capita
1981 2374 2137 2418 adversa
2152 2373 2325 2434 Philippi

328 2441 446 2497 patris
465 2444 504 2481 &
525 2440 590 2480 filii
608 2440 715 2479 lauro
731 2436 917 2492 infignita.
1449 2486 1454 2493 ι
1693 2485 1699 2491 .
1756 2485 1762 2491 ¹
1984 2486 1991 2493 ·
2304 2479 2308 2484 Ι

274 2513 299 2540 c
310 2513 337 2539 o
350 2513 387 2539 L.
418 2512 436 2537 s
450 2512 474 2537 E
487 2511 517 2536 R
530 2510 568 2537 G.
602 2508 666 2534 NE
682 2507 708 2533 A
721 2507 743 2533 Ρ
754 2507 830 2533 OL.
860 2490 1018 2531 Colonia
1035 2489 1166 2544 Sergia
1185 2487 1379 2543 Neapolis.
1419 2485 1566 2528 Silenus
1591 2486 1612 2526 a
1635 2484 1785 2526 finisti-is
1806 2484 1906 2526 stans
1925 2485 2038 2528 solito
2055 2486 2178 2530 modo
2194 2488 2216 2536 ‚⁴
2233 2497 2326 2533 ante

329 2567 420 2595 eum
433 2580 446 2601 ,
476 2553 517 2593 in
531 2551 672 2592 vertice
687 2548 874 2603 templum
892 2546 1002 2601 supra
1022 2557 1206 2586 montem.

272 2648 530 2689 Dominarum
548 2640 752 2696 appellatio
768 2654 841 2694 pro
857 2638 1021 2692 supremi
1037 2636 1171 2692 fastigii
1189 2635 1380 2677 vocabulo
1397 2635 1436 2676 in
1450 2634 1618 2683 ,nummis
1629 2634 1709 2688 jam
1726 2632 1794 2675 sub
1809 2633 2004 2675 Caracalla
2021 2637 2061 2675 &
2077 2634 2181 2678 Geta
2197 2635 2330 2693 Impei

220 2687 476 2747 tatoribus'ab
493 2696 815 2739 Antiochensibus
832 2694 979 2734 Pisidia:
999 2694 1174 2747 usurpata
1194 2692 1358 2745 prodiit,
1386 2705 1504 2745 quam
1524 2689 1776 2731 adulatoriam
1795 2690 2146 2737 nomenclationem
2165 2703 2329 2738 renovat

221 2758 413 2812 Neapolis
430 2753 705 2797 beneficiorum
720 2751 889 2804 Philippi
905 2763 1071 2796 memor,
1101 2748 1209 2788 fimul
1226 2762 1270 2787 ac
1285 2746 1469 2788 intellexit
1482 2746 1805 2787 communicatam
1824 2744 1903 2786 filio
1919 2747 1940 2786 a
1957 2757 2064 2800 patre
2080 2746 2238 2801 Imperii
2253 2762 2329 2803 po-

221 2816 398 2859 testatem
409 2839 422 2858 ‚
449 2825 528 2864 qua
545 2809 594 2849 de
609 2822 648 2849 re
665 2807 716 2848 fic
731 2806 890 2848 Vffikor:
917 2806 1071 2859 Sumpta
1085 2807 1126 2844 in
1141 2801 1366 2854 consortium
1380 2802 1561 2856 Philippo
1565 2801 1665 2853 filio.
1693 2800 1762 2842 Illa
1775 2801 1944 2843 Domini
1960 2800 2167 2857 appellatio
2178 2803 2328 2848 etiamsi

221 2870 380 2925 publico
399 2880 470 2907 aere
492 2856 631 2905 Rouiae
647 2876 727 2903 non
748 2861 956 2917 signaretur
974 2888 986 2908 ,
1015 2874 1087 2914 pro
1109 2859 1176 2899 usu
1194 2870 1322 2899 tamen
1345 2872 1435 2913 erga
1451 2858 1728 2912 Imperatorem
1748 2856 1955 2900 invaluerat
1970 2884 1984 2906 ‚
2012 2856 2040 2897 fi
2057 2857 2218 2912 quidem
2235 2859 2329 2902 Ale-

222 2925 412 2967 xandrum
438 2922 621 2961 Severum
643 2932 728 2958 eam
756 2916 933 2957 recusasse
956 2927 1079 2958 narrat
1103 2913 1345 2967 Lampridius
1369 2914 1409 2954 in
1432 2913 1518 2967 ejus
1542 2913 1646 2955 vita:
1680 2913 1896 2954 Dominum
1912 2913 1961 2965 [ὲ
1983 2913 2164 2968 appellari
2184 2917 2330 2959 vetuit.

222 2980 405 3022 Tandem
425 2977 526 3017 illam
543 2975 713 3016 Romani
731 2971 771 3013 in
788 2972 981 3013 Aureliani
995 2971 1161 3011 nummis
1175 2968 1412 3022 usurparunt.
1447 2968 1596 3010 Silenus
1608 2967 1780 3023 Neapoli
1796 2967 1851 3008 sui
1867 2968 2014 3010 cultum
2032 2971 2177 3025 arguit,
2204 2983 2333 3024 quem,

224 3038 323 3078 inter
340 3035 464 3075 Divos
480 3031 639 3071 relatum
657 3038 845 3069 memorat
860 3026 1121 3067 Tertullianus
1145 3024 1208 3065 lib.
1226 3023 1277 3064 de
1293 3024 1434 3064 Anima
1452 3038 1460 3062 :
1489 3023 1602 3079 Qia
1615 3023 1807 3078 plerosque
1821 3025 1987 3065 viaores
2005 3025 2122 3066 etiam
2137 3026 2330 3078 existima,

224 3095 291 3133 vit
307 3090 524 3144 antiquitas
534 3113 546 3133 ‚
573 3085 708 3126 nedum
723 3083 860 3123 Divos
878 3097 890 3122 :
917 3090 962 3122 ut
972 3080 1206 3121 Mercurium
1215 3079 1473 3133 QAEgyptium
1484 3105 1496 3125 ,
1523 3080 1587 3118 cui
1602 3078 1725 3120 Plato
1738 3078 1939 3132 adsuevit,
1965 3088 2009 3121 ut
2022 3078 2189 3123 Silenum
2199 3080 2328 3138 Ῥέη-Δ

219 3161 328 3202 gem,
355 3146 418 3185 cui
434 3144 458 3183 a*
469 3141 679 3197 pastoribus
688 3138 868 3196 perduiio
883 3140 1055 3193 ingentes
1071 3148 1183 3176 aures
1187 3135 1288 3187 suas
1307 3135 1442 3178 Midas
1459 3133 1633 3185 tradidit.

240 3287 245 3291 ,
283 3241 366 3285 Hic
379 3254 549 3283 nummus
555 3239 692 3295 primae
710 3235 984 3294 magnitudinis
999 3233 1200 3289 rartffi'mus
1216 3232 1323 3289 (βω.
1350 3267 1359 3271 -
