2491 4219
871 72 1601 121 VOLUSIANUS.
2179 95 2267 135 223

173 144 255 177 tum
273 133 438 194 vidimus
461 134 500 174 in
518 136 658 178 vexillo
675 132 824 176 num'mi
841 136 1011 190 ejusdem
1030 138 1209 179 Coloniae
1226 140 1403 180 Damasci
1422 141 1598 181 Otacilia>
1617 141 1739 181 dicati.
1780 141 1879 181 Duae
1901 153 2028 182 autem
2046 143 2117 183 illae
2136 144 2276 197 Legio-

171 203 242 229 nes
260 200 368 229 tertia
385 189 532 230 Gallica
549 195 588 231 δε
602 192 704 232 sexta
715 191 869 238 Ferrata
886 204 1019 232 contra
1035 193 1196 235 Parthos
1213 195 1360 235 educta:
1378 195 1529 236 fuerant
1545 210 1591 236 ex
1610 196 1775 235 hibernis
1793 197 1814 236 a
1827 197 2032 238 Gordiano
2049 199 2161 238 tertio
2171 225 2182 244 ,
2211 198 2273 237 illa

172 256 302 284 autem
325 245 364 283 in
392 244 589 286 Phoenicia
602 273 613 292 ‚
641 247 724 286 haec
747 247 785 286 in
794 245 933 300 Judaea
947 249 1176 289 morabatur.
1212 250 1413 303 Philippus
1431 252 1556 290 occiso
1571 251 1648 291 hoc
1668 249 1903 304 Imperatore
1922 253 2085 293 militum
2104 253 2273 294 benevo-

169 299 327 348 lentiam
345 298 414 339 sibi
430 300 632 342 conciliare
648 301 803 348 volens,
831 301 977 342 illarum
998 304 1216 359 Legionum
1233 304 1450 345 Veteranos
1466 306 1506 345 in
1523 306 1730 346 Coloniam
1747 306 1954 348 transmisit.

226 391 310 432 Hic
325 406 497 434 nummus
513 394 709 435 mediocris
712 392 854 447 formae
865 422 878 443 ‚
905 395 929 436 τὶ
946 397 1096 438 Patina
1115 396 1298 451 vagatus
1307 407 1400 452 pag.
1421 408 1439 450 3
1447 411 1510 448 99.
1524 408 1595 452 pro
1611 411 1694 438 raro
1709 398 1916 439 habendus.

221 1018 245 1045 c
256 1016 282 1042 o
295 1017 335 1043 L.
366 1014 391 1042 Δ
403 1015 428 1041 A
444 1014 479 1041 M
493 1014 518 1040 Α
534 1016 570 1042 c.
600 1015 637 1042 M
648 1017 672 1042 E
685 1017 710 1043 r
722 1016 752 1045 R
763 1017 790 1043 o
802 1016 838 1043 P.
875 1003 1030 1046 Colonia
1052 1004 1276 1058 ‘Damafius
1293 1004 1529 1060 Metropolis.
1566 1005 1680 1047 Circa
1700 1005 1887 1048 ambitum
1914 1021 1937 1047 c
1950 1021 1973 1046 E
1986 1021 2009 1047 B
2023 1020 2050 1046 A
2064 1021 2087 1047 c
2099 1020 2135 1046 M
2147 1021 2163 1048 1
2175 1019 2202 1047 A
2226 1006 2268 1048 in

273 1071 416 1099 corona
435 1071 611 1112 quercea.

170 1165 174 1170 ·
219 1151 428 1192 Damascus
451 1151 688 1205 Metropolis
712 1155 749 1191 ὃ(
769 1151 948 1193 Coloniae
968 1153 1100 1193 titulos
1123 1154 1162 1193 in
1183 1154 1350 1193 nummis
1371 1153 1548 1206 praefert,
1579 1152 1736 1206 quidam
1753 1167 1838 1193 eam
1856 1152 2089 1205 Metropolis
2104 1151 2267 1207 dignita-

162 1219 240 1249 tem
265 1208 333 1248 sub
358 1207 533 1261 Regibus
559 1208 675 1262 Syriae
696 1208 794 1248 inter
823 1207 858 1247 se
887 1207 1152 1249 diffidentibus
1173 1209 1239 1249 fibi
1263 1209 1467 1249 vindicasse
1483 1209 1698 1251 existimant
1715 1235 1726 1255 ,
1755 1210 1933 1248 nimirum
1957 1208 2117 1262 quando
2138 1207 2265 1248 Ptole-

161 1277 280 1304 maeus
306 1262 498 1303 Lathurus
527 1263 767 1303 Demetrium
792 1264 978 1304 Antiochi
1003 1264 1127 1317 Grypi
1153 1268 1193 1304 &
1214 1263 1445 1318 Tryphaenae
1472 1264 1611 1310 filium,
1643 1266 1663 1305 ὲ
1681 1265 1813 1304 Cnido
1830 1265 1953 1304 Cariae
1970 1264 2062 1304 urbe
2078 1264 2266 1310 accitum,

159 1332 293 1359 contra
315 1317 551 1358 Antiochum
571 1319 759 1371 Cyziceni
780 1318 920 1364 filium,
948 1319 1177 1358 Damasceni
1193 1321 1345 1372 Regem
1364 1320 1581 1365 constituit,
1613 1320 1706 1360 teste
1724 1320 1899 1372 Josepho
1924 1320 1984 1359 lib.
2015 1332 2073 1371 13.
2100 1333 2182 1372 cap.
2203 1332 2267 1358 21.

160 1377 345 1420 Ππλεμαῖἷος
369 1373 387 1418 {ff
409 1375 423 1407 ἆ
447 1371 584 1418 Λοίὲερος
605 1375 625 1406 ’ἲ-
646 1377 775 1421 τὲταξπν
799 1375 873 1408 alsi-a?
896 1374 1031 1415 οἱὸε-λφέν
1048 1373 1210 1421 Δημήτριον
1230 1376 1249 1407 >r
1268 1373 1398 1418 Ednmpov
1415 1373 1566 1419 λεγόμὲξυον,
1582 1399 1592 1414 ,
1616 1376 1656 1408 ἂν,
1672 1376 1756 1407 Κνίδε
1772 1371 2046 1419 μει-οιφτεμῲοίμῦξμος
2059 1378 2213 1411 κοιτὲςηπν
2229 1377 2261 1408 ἐν

159 1432 318 1474 Δαμασκῷ
331 1429 477 1469 βαπλὲσι.
506 1422 668 1462 Interim
687 1423 918 1462 ‘Ptolemaeus
940 1422 1142 1462 Lathurus
1159 1431 1336 1477 quartum
1352 1423 1609 1476 cy'usftatrem
1622 1423 1826 1462 Eucaerum
1842 1423 2074 1477 cognomine,
2100 1423 2266 1474 accitum

156 1478 182 1518 d
201 1479 341 1525 Cnido,
370 1478 512 1531 Regem
538 1478 642 1531 apud
663 1477 908 1529 Damascum
930 1479 1135 1528 constituit.
1166 1479 1241 1518 Sed
1265 1479 1354 1517 cum
1381 1478 1614 1531 Metropolis
1625 1479 1668 1518 jn
1693 1479 1856 1532 Augusti
1872 1478 2039 1516 nummis
2058 1477 2267 1518 Damascus

155 1534 401 1579 inscribatur,
430 1533 530 1573 hanc
546 1534 594 1572 ab
611 1534 790 1587 Augusto
804 1533 1031 1588 dignitatem
1048 1533 1117 1586 ipsi
1135 1533 1262 1574 datam
1283 1532 1512 1586 suspicamur
1528 1534 1637 1586 cujus
1660 1532 1835 1574 beneficii
1861 1547 2029 1578 memor,
2059 1533 2265 1573 certamina

154 1591 195 1630 in
217 1603 301 1643 ejus
324 1589 514 1628 honorem
537 1601 594 1626 cr:
607 1602 628 1627 B
641 1602 668 1627 A
682 1603 704 1628 c
721 1603 753 1627 M
767 1603 781 1627 1
795 1603 820 1628 A
841 1588 1034 1642 Augustea
1051 1588 1151 1628 dicta
1163 1615 1174 1634 ,
1201 1589 1361 1629 instituit
1383 1603 1390 1627 :
1418 1602 1503 1628 eam
1523 1590 1615 1628 vero
1632 1589 1790 1641 gratiam
1807 1590 1855 1628 ab
1869 1587 1934 1630 illo
1952 1589 2186 1640 Imperatore
2205 1602 2265 1628 ur-

142 1646 195 1686 ·bi
213 1642 426 1684 concessam
443 1657 570 1682 remur
590 1643 628 1682 in
645 1644 803 1698 gratiam
825 1644 980 1684 Nicolai
1002 1643 1250 1690 Damasceni‚
1279 1645 1388 1696 cujus
1405 1656 1485 1684 crat
1499 1644 1760 1690 amicfflimus,
1791 1656 1832 1684 ut
1845 1657 1890 1683 ex
1911 1644 2104 1684 Athenaeo
2120 1644 2181 1682 lib.
2203 1656 2261 1694 14.

152 1714 236 1754 cap.
264 1713 277 1738 1
290 1701 324 1739 8.
343 1699 476 1751 saepius
493 1698 701 1739 retulimus.
732 1700 892 1739 Corona
908 1713 1094 1752 quercea,
1122 1700 1276 1740 victoris
1290 1699 1490 1754 proemium
1506 1699 1615 1740 fuiffc
1633 1700 1784 1741 videtur
1798 1720 1810 1747 3
1838 1699 1981 1753 hicque
1997 1712 2131 1739 eorum
2148 1712 2264 1752 typus

152 1755 334 1796 ludorum
351 1755 645 1794 celebrationem
663 1754 730 1794 sub
751 1754 967 1796 Volufiano
985 1755 1138 1795 indicat.

207 1845 291 1886 Hic
310 1859 483 1892 nummus
497 1844 692 1886 mediocris
693 1845 835 1900 formae
847 1856 916 1899 pro
936 1859 1019 1885 raro
1039 1845 1243 1886 notandus.

829 1954 1333 1997 NEAPOLIS
1384 1955 1578 1996 Samariae.

143 2571 205 2599 1M
221 2568 255 2596 Ρ.
288 2570 323 2595 c.
355 2567 381 2593 v
395 2568 419 2594 o
431 2568 455 2593 L
468 2567 493 2593 o
506 2567 523 2592 s
539 2566 557 2591 s
572 2566 587 2592 1
604 2566 628 2592 A
642 2565 673 2592 N
685 2565 713 2591 v
726 2565 759 2591 s.
790 2564 825 2591 Ρ.
857 2566 893 2592 F.
927 2567 952 2592 A
967 2567 994 2592 v
1007 2567 1046 2593 G.
1077 2553 1210 2605 Caput
1229 2551 1427 2593 Volusiani
1447 2551 1669 2592 laureatum.

198 2625 259 2653 co
274 2625 312 2650 L.
345 2623 375 2649 N
390 2623 412 2648 E
428 2623 450 2647 Α
466 2623 486 2647 P
500 2623 525 2647 o
540 2623 575 2648 L.
618 2607 773 2648 Colonia
799 2607 983 2661 Neapolis
1010 2608 1071 2647 vel
1102 2608 1368 2660 Neapolztana.
1407 2609 1551 2661 Aquila
1574 2608 1779 2663 legionaria
1801 2622 1890 2648 cum
1918 2609 2024 2664 signo
2053 2610 2203 2653 militari
2226 2613 2248 2654 ἓι

252 2665 417 2710 dextris,
444 2664 593 2717 Serapis
613 2663 633 2702 a
655 2662 806 2703 sinistris
827 2678 834 2702 :
863 2664 901 2702 in
919 2665 1060 2704 vertice
1076 2678 1189 2703 mons
1206 2678 1294 2703 cum
1313 2663 1480 2718 templo,
1511 2664 1550 2702 in
1570 2664 1650 2703 imo
1667 2663 1757 2704 hinc
1774 2664 1904 2717 spicae,
1933 2665 2023 2704 inde
2044 2667 2164 2707 Aries.

192 2757 386 2811 Neapolis
404 2757 492 2795 urbs
510 2755 704 2802 Samariae,
736 2755 905 2796 Colonia
923 2759 943 2795 a
961 2756 1142 2809 Philippo
1159 2756 1362 2796 constituta
1376 2756 1451 2802 est,
1480 2768 1523 2796 ut
1536 2755 1701 2797 diximus
1721 2776 1732 2802 3
1762 2756 1905 2810 Aquila
1931 2767 2060 2798 autem
2078 2757 2248 2813 legiona-

137 2814 192 2853 ria
206 2827 295 2853 cum
313 2812 421 2867 figno
439 2811 587 2850 militari
603 2812 642 2850 in
662 2810 738 2851 hoc
754 2825 917 2851 nummo
934 2811 1096 2866 signata,
1127 2825 1205 2850 non
1225 2812 1346 2851 modo
1363 2813 1465 2851 cives
1483 2824 1636 2865 togatos
1651 2826 1697 2851 ex
1714 2812 1842 2866 Sergia
1859 2813 1978 2857 tribu,
2009 2827 2056 2853 ex
2072 2827 2148 2867 qua
2164 2816 2248 2857 Ser·
2272 2844 2275 2845 ν

137 2870 200 2924 gia
219 2868 406 2920 Neapolis
424 2866 525 2906 dicta
546 2867 619 2912 est,
647 2867 685 2906 in
706 2866 806 2906 illam
823 2866 932 2906 fuisse
952 2867 1179 2907 transmissos
1195 2866 1378 2913 denotat,
1407 2867 1470 2907 scd
1496 2881 1579 2906 eam
1606 2866 1804 2907 Veteranis
1825 2868 1937 2906 etiam
1964 2866 2246 2922 frequentatam

136 2923 268 2978 arguit.
300 2923 448 2976 Serapis
465 2922 521 2961 sui
537 2921 683 2962 cultum
705 2922 744 2961 in
763 2922 856 2961 urbe
872 2922 1034 2968 indicat,
1064 2933 1106 2962 ut
1123 2923 1270 2961 nummi
1292 2922 1348 2961 M.
1373 2923 1517 2962 Aurelii
1537 2927 1573 2961 S<
1595 2923 1800 2962 Caracallae
1816 2922 2090 2964 demonstrant.
2121 2926 2246 2968 Mons

135 2981 175 3019 in
192 2991 302 3031 cnjus
316 2979 457 3018 vertice
475 2977 683 3030 templum,
712 2977 886 3017 Garizim
907 2978 982 3024 est,
1012 2976 1062 3017 ad
1081 2977 1192 3017 situm
1211 2976 1401 3030 Neapolis
1416 2978 1524 3030 juxta
1541 2979 1624 3029 ejus
1647 2978 1791 3018 radices
1808 2977 2054 3018 indicandum
2083 2994 2091 3018 :
2119 2980 2244 3034 Spicae

132 3048 264 3074 earum
284 3033 556 3073 abundantiam
571 3033 610 3072 in
631 3047 724 3088 agro
741 3033 1007 3087 Neapolitano
1025 3031 1263 3087 fignificant:
1293 3033 1403 3072 Aries
1422 3033 1575 3072 viderur
1602 3032 1712 3073 Veris
1735 3047 1887 3086 tempus
1914 3033 2130 3086 defiguare,
2158 3050 2242 3090 quo

130 3103 274 3129 annum
300 3088 365 3129 sub
390 3088 466 3129 hoc
492 3087 600 3142 figno
630 3088 879 3142 Neapolitani
903 3089 1086 3128 inchoare
1106 3088 1293 3132 solebant,
1323 3088 1655 3140 quemadmodum
1681 3089 1915 3129 Antiocheni
1933 3092 1970 3126 &
1991 3090 2238 3140 Damasceni,

129 3145 198 3198 qui
215 3144 355 3197 pariter
376 3145 544 3184 Arietem
564 3145 601 3183 in
622 3142 694 3182 suis
715 3145 882 3184 nummis
896 3158 981 3184 eam
999 3143 1052 3182 ob
1072 3141 1220 3182 causam
1237 3141 1420 3183 exhibent
1435 3163 1447 3191 3
1477 3145 1657 3198 quaedam
1676 3159 1780 3187 enim
1809 3146 1921 3186 urbes
1946 3145 1986 3184 in
2011 3143 2088 3185 hoc
2112 3148 2234 3190 traEku

126 3201 175 3240 ab
195 3203 396 3239 Autumno
412 3212 555 3239 annum
573 3198 828 3239 ordiebantur.

155 3342 157 3344 Ι
176 3288 261 3328 Hic
277 3302 448 3330 nummus
454 3289 634 3341 ficundae
650 3288 927 3344 magnitudinis
942 3289 1043 3329 inter
1058 3291 1217 3330 rariores
1232 3287 1486 3338 recenfi’ndus.
