2491 4219
805 131 1637 182 GORDIANUSIII.
2174 149 2263 193 145

164 193 312 248 'cultum
326 198 461 241 Deulti
478 199 658 248 denotat;
685 199 746 241 ille
762 201 863 241 enirn
885 215 932 241 ex
949 200 1152 241 Coronide
1171 200 1360 253 Apollinis
1384 199 1479 240 filius
1497 202 1720 254 perhibetur
1732 227 1743 246 ,
1772 210 1815 241 ut
1831 210 1956 240 narrat
1967 199 2147 254 Hyginus
2160 199 2269 240 Poijt.

164 255 321 301 Astron.
341 255 364 295 l.
385 270 417 296 2.
449 255 607 309 Hssrus
620 265 749 296 autem
764 255 810 299 ἄν
823 255 1028 311 complures.
1041 258 1221 296 dixerunt
1232 283 1244 301 ‚
1273 255 1461 297 Coronida
1475 256 1655 309 Phlegyae
1662 255 1937 310 filiamficiffic,
1963 255 2063 295 hanc
2079 264 2205 295 autem
2221 268 2270 295 ex

165 310 658 407 {Ziggzchffissnlapium
668 310 880 408 ἔνιιξῑζίεαθὲ.
919 313 1025 353 Cum
1044 312 1189 367 Apollo
1214 310 1317 351 urbis
1342 309 1510 350 tutelaris
1534 311 1625 352 csset
1649 311 1758 352 Deus
1772 339 1784 358 ,
1813 312 1864 352 nil
1887 312 2028 352 mirum
2045 310 2072 351 st
2089 310 2278 369 Deultani

166 379 192 423 p
214 409 217 411 a
527 381 665 412 venera
787 397 793 405 .

219 441 303 484 Hic
319 457 492 486 nummus
499 444 659 498 secmtdi
673 443 720 489 ὠ·
738 446 885 486 minimi
898 445 1039 486 moduli
1056 445 1157 486 inter
1172 447 1332 486 rariores
1347 444 1584 497 reponendus.

447 561 518 624 0‘
912 562 1471 606 ·EDESSA.

158 1194 193 1244 ,ῘᾸ
204 1207 278 1238 ΥΤ·
309 1196 351 1235 Κ·
381 1207 431 1234 M·
462 1214 489 1240 A
504 1213 533 1241 N
546 1213 583 1241 T.
614 1216 670 1243 no
681 1210 703 1242 Ρ
715 1213 765 1242 Δῑ
777 1215 803 1242 A
819 1214 849 1241 N
860 1211 888 1239 Ω
899 1212 922 1239 c
954 1213 977 1239 c
990 1205 1013 1238 1'22
1025 1213 1060 1239 Β.
1092 1198 1226 1252 Caput
1247 1197 1440 1238 Gordiani
1455 1198 1656 1241 radiatum.

216 1259 266 1301 M
277 1273 304 1300 H
315 1271 339 1298 T
353 1271 374 1298 Ρ
385 1269 426 1295 o.
457 1268 483 1295 Κ
495 1270 521 1295 o
535 1270 574 1296 A.
605 1271 630 1296 E
642 1271 667 1298 Δ
678 1272 702 1297 E
715 1272 738 1298 c
751 1272 775 1297 c
785 1272 813 1298 n
825 1271 854 1297 N
868 1272 895 1297 Ω
906 1268 946 1294 Ν.
978 1259 1195 1299 mmmmm
1210 1262 1356 1295 Κολωνίως
1374 1261 1545 1298 flammam
1572 1257 1706 1309 Caput
1720 1254 1902 1295 muliebre
1915 1254 2082 1295 velatum
2101 1257 2140 1294 δι’
2155 1255 2265 1296 turri-

271 1326 353 1355 tum
364 1339 375 1358 ,
404 1323 494 1352 ante
509 1312 620 1366 quod
636 1313 833 1360 columna,
861 1313 902 1352 in
921 1325 997 1365 qua
1014 1312 1142 1352 Diana
1161 1324 1204 1352 ut
1220 1312 1372 1352 videtur
1390 1311 1606 1353 venatricis
1620 1311 1753 1351 habitu
1764 1337 1776 1357 ,
1804 1311 1938 1352 dextra
1953 1312 2110 1351 extensa
2125 1311 2242 1352 telum
2252 1336 2270 1363 2

261 1368 366 1413 flaeva
380 1380 522 1408 arcum.

162 1468 165 1473 ¹
214 1447 280 1494 Ad
305 1445 482 1492 Edessam
508 1444 803 1501 Mesopotamiae
827 1447 994 1501 pertinet
1022 1448 1085 1487 hic
1110 1447 1304 1488 Gordiani
1329 1455 1465 1501 typu3,
1494 1445 1555 1486 cui
1579 1445 1693 1485 etiam
1709 1443 1870 1485 alterum
1886 1443 2003 1497 hujus
2019 1442 2266 1498 Imperatoris

156 1513 360 1548 nummum
378 1516 466 1542 cum
484 1503 694 1557 epigraphe
712 1517 735 1542 Ε
747 1517 771 1542 Δ
784 1517 806 1542 E
819 1518 842 1543 c
856 1518 878 1542 c
891 1517 916 1542 A
933 1516 947 1541 1
960 1517 988 1542 Ω
1000 1518 1027 1542 Ν
1049 1504 1179 1543 tribuit
1199 1502 1398 1543 Tristanus
1418 1513 1508 1542 tom.
1533 1515 1568 1540 2.
1590 1514 1675 1555 pag.
1700 1513 1786 1549 510.
1805 1502 1894 1539 cum
1910 1499 1959 1538 ad
1980 1498 2155 1538 Edessam
2175 1499 2264 1540 Ma·

155 1559 330 1604 cedoniae
348 1560 477 1598 urbem
498 1558 649 1611 spectet.
680 1559 847 1598 Gemina
866 1558 938 1598 fuit
956 1560 1044 1598 urbs
1061 1559 1219 1599 nomine
1235 1557 1394 1605 Edessa,
1423 1558 1539 1598 altera
1565 1556 1809 1596 Macedoniae
1826 1555 2001 1595 Straboni
2022 1557 2060 1594 &
2077 1555 2157 1595 aliis
2171 1581 2182 1601 ,
2211 1554 2263 1594 al-

155 1626 236 1659 tera
260 1612 567 1667 Mesopotamiae.
607 1614 674 1654 Illa
699 1615 737 1653 in
757 1615 924 1653 nummis
950 1626 1044 1654 EAE
1058 1630 1079 1655 c
1092 1629 1114 1654 c
1130 1628 1155 1653 A
1171 1627 1262 1654 mN
1289 1613 1348 1653 vel
1368 1626 1460 1653 ΒΔΕ
1474 1628 1496 1653 c
1510 1627 1533 1652 c
1546 1626 1568 1651 r.
1581 1624 1649 1650 ΩΝ
1674 1611 1958 1665 inscriptionem
1979 1609 2151 1664 praefert,
2180 1609 2263 1650 haec

154 1683 252 1714 ΒΔΕ
265 1683 359 1710 cen
374 1681 401 1707 N
414 1681 478 1707 ΩΝ
499 1669 753 1723 epigraphen,
783 1670 846 1709 sed
865 1670 1011 1722 semper
1027 1683 1115 1710 cum
1144 1669 1360 1710 Μητςοπόλεως
1374 1673 1520 1707 Κολωνίοις
1540 1666 1782 1713 nominibus,
1810 1666 1918 1720 quod
1941 1666 1983 1705 P.
2012 1665 2262 1706 Harduinum

151 1726 274 1780 fugit,
302 1725 371 1778 qui
389 1724 482 1763 duas
499 1726 577 1763 illas
598 1725 709 1765 urbes
729 1727 766 1765 in
789 1725 996 1765 Gordiano
1016 1725 1062 1765 ad
1082 1723 1246 1765 eandem
1265 1724 1398 1763 urbem
1421 1737 1505 1778 pag.
1531 1736 1618 1774 144.
1645 1733 1810 1763 revocat.
1850 1720 2031 1762 Edesseni
2056 1721 2264 1761 Gordiano

151 1782 405 1841 gratulantes,
434 1782 522 1818 cum
539 1780 600 1820 ille
618 1780 654 1820 in
673 1782 804 1820 urbem
825 1781 925 1819 suam
943 1779 992 1819 ad
1012 1779 1335 1834 Mesopotamiam
1354 1782 1376 1820 a
1395 1779 1544 1819 Parthis
1560 1777 1860 1830 recuperandam
1882 1777 2050 1822 venerit,
2079 1789 2265 1818 nummos

151 1839 188 1880 ei
203 1836 404 1876 cuderunt.
432 1835 566 1890 Caput
584 1837 780 1883 turritum,
811 1837 963 1876 Genius
981 1837 1036 1877 est
1055 1837 1156 1877 urbis
1174 1855 1185 1882 3
1217 1835 1343 1889 Diana
1361 1834 1548 1875 columnae
1565 1832 1765 1888 impolita,
1792 1831 1849 1872 sui
1875 1832 2022 1872 cultum
2042 1830 2190 1873 Edesshe
2204 1832 2263 1885 in-‘g

151 1891 266 1937 dicat.

209 1971 290 2016 Hic
305 1985 476 2014 nummus
485 1972 620 2027 primae
636 1971 913 2027 magnitudinis
929 1984 1038 2011 rarus
1055 1970 1104 2023 est
1113 1998 1125 2018 ,
1141 1969 1303 2024 sedfine
1319 1970 1491 2010 columna
1497 1969 1621 2025 parvi
1636 1965 1775 2009 moduli
1790 1965 1941 2009 obvim.

942 2075 1253 2118 HIPPO
1309 2075 1467 2131 Regius.

147 2675 200 2712 M·
233 2676 260 2703 A
272 2671 304 2703 N
319 2675 356 2701 T.
388 2676 414 2702 o
428 2675 454 2701 o
468 2674 498 2701 R
510 2675 536 2701 D
548 2673 564 2699 1
578 2673 603 2700 A
616 2672 648 2699 N
660 2673 688 2700 v
702 2671 732 2698 s.
764 2660 897 2713 Caput
917 2654 1107 2702 'Gordiani
1125 2655 1343 2703 laureatum.

151 2758 154 2760 .
200 2722 237 2761 ε’.
268 2731 311 2758 G.·
341 2731 369 2758 1.
401 2733 442 2758 Η.
461 2731 504 2778 .¹'·
535 2715 689 2757 Colonia
708 2715 873 2756 Gemella
893 2715 1010 2768 Julia
1026 2717 1272 2773 Hipponenst's
1292 2718 1387 2758 Pia.
1418 2715 1679 2771 Capricornus
1698 2715 1863 2771 pedibus
1878 2718 2059 2773 globum,
2087 2719 2254 2778 desuper

255 2785 511 2828 cornucopiae.

198 2848 450 2893 characteres
469 2851 585 2905 hujus
602 2850 750 2891 nummi
768 2849 836 2890 fibi
853 2851 1066 2893 admodum
1081 2851 1263 2894 obscuros
1281 2850 1420 2892 fatetur
1433 2850 1590 2892 Patinus
1615 2865 1700 2906 pag.
1731 2865 1822 2905 370.
1844 2851 1949 2893 illum
1970 2852 2062 2893 ideo
2079 2854 2177 2896 inter
2190 2856 2252 2896 in-’

141 2917 264 2953 certas
279 2909 391 2948 urbes
409 2908 590 2961 relegavit
609 2906 888 2948 Mediobarbus
905 2923 989 2964 pag.
1010 2922 1101 2963 341.
1124 2907 1189 2948 sed
1206 2907 1245 2947 P.
1265 2907 1510 2954 Harduinus,
1540 2921 1702 2948 nummo
1719 2907 1768 2947 ad
1788 2907 2107 2949 Hadrumetinam
2126 2911 2250 2952 Colo-

139 2965 246 3009 niam
272 2978 358 3020 pag.
391 2966 477 3013 189.
509 2972 709 3008 revocato,
738 2976 826 3003 eum
853 2965 1068 3018 explanasse
1087 2964 1295 3021 gloriatum
1325 2963 1465 3004 Leuor
1490 2974 1617 3004 autem
1635 2962 1840 3016 dijudicet,
1867 2978 1916 3004 an
1937 2978 2017 3004 non
2035 2965 2164 3018 potius
2181 2967 2246 3009 ille

138 3019 188 3063 ad
208 3020 414 3061 Coloniam
434 3018 750 3074 Hipponensem,
780 3031 822 3058 ut
842 3019 922 3071 jam
942 3021 980 3060 in
1007 3021 1066 3060 M.
1096 3020 1254 3060 Aurelio
1277 3022 1316 3058 δε
1333 3019 1525 3060 Caracalla
1547 3019 1733 3065 diximus,
1761 3019 1957 3073 pertineat.
1996 3020 2133 3074 Hippo
2157 3023 2246 3064 urbs

138 3074 281 3116 Africae
297 3076 469 3129 gemina,
499 3078 613 3116 altera
630 3075 769 3128 Hippo
787 3074 957 3130 Regius,
985 3077 1100 3117 altera
1117 3076 1258 3129 Hippo
1277 3074 1504 3128 Diarrhytos
1520 3074 1698 3116 Straboni
1715 3087 1850 3116 vocata
1865 3075 1938 3122 est,
1969 3074 2058 3114 ideo
2076 3076 2245 3121 Gemella,

136 3131 177 3175 in
195 3132 360 3170 nummis
378 3146 386 3170 ε
415 3130 554 3184 Hippo
571 3131 740 3184 Regius,
772 3131 926 3171 <alama
944 3131 1188 3187 Hipponenfis
1209 3130 1333 3170 Plinio
1345 3130 1497 3183 Junioi·i
1515 3131 1621 3184 epist.
1639 3145 1677 3180 9.
1709 3130 1809 3171 dicta
1827 3132 1891 3170 est.
1930 3129 2055 3182 Juliae
2074 3145 2242 3180 nomen,

135 3199 223 3228 eam
249 3189 270 3225 a
287 3185 394 3240 Julio
418 3187 567 3226 Caesare
595 3186 839 3226 constitutam
867 3189 1000 3242 arguit.
1042 3185 1324 3226 Hadrumetina
1350 3189 1444 3225 vero
1464 3186 1650 3232 Colonia,
1679 3198 1726 3225 ex
1742 3185 1823 3239 ipso
1841 3185 1877 3225 P.
1897 3185 2104 3227 Harduino
2122 3187 2242 3242 Ulpia

132 3241 309 3298 Trajana
325 3253 483 3282 vocatur
490 3268 502 3287 ,
531 3256 624 3297 ergo
642 3243 663 3280 ἓι
679 3240 852 3292 Trajano
868 3243 1035 3282 dedufta
1049 3240 1124 3288 est,
1152 3256 1223 3282 nec
1241 3255 1327 3281 cum
1344 3240 1589 3295 inscriptione
1605 3241 1752 3280 nummi
1770 3241 1960 3280 convenit.
1998 3240 2241 3296 Hipponen-¹

0 3318 5 3343 ,ι
130 3297 190 3344 ses
213 3310 395 3338 nummos
422 3296 626 3337 Gordiano
649 3297 689 3336 in
712 3296 884 3350 obicquii
912 3309 1207 3338 monumentum
1230 3295 1373 3336 cudiffe
1388 3296 1590 3342 videntur,
1617 3297 1704 3336 cum
1722 3295 1947 3335 Sabinianus
1963 3295 2235 3348 Imperatoria

132 3352 264 3394 Africa
280 3352 491 3407 appellatus
506 3353 581 3398 est,
613 3363 654 3393 ut
674 3364 797 3392 narrat
814 3353 1070 3406 Capitolinus.
1098 3353 1206 3393 Inita
1222 3352 1292 3403 est,
1321 3351 1467 3404 inquit,
1484 3352 1617 3405 fania
1634 3353 1676 3391 in
1692 3350 1833 3401 Africa
1849 3358 1980 3391 contra
1998 3352 2234 3395 Gordianum

128 3408 302 3455 Tertium
317 3408 410 3448 duce
425 3406 631 3447 Sabiniano
650 3421 661 3444 :
690 3421 796 3461 quem
813 3407 1030 3448 Gordianus
1038 3420 1106 3462 per
1131 3407 1332 3459 Praestdem
1356 3407 1610 3447 Mauritaniae
1629 3405 1804 3457 obscffitm
1822 3404 1846 3444 d
1865 3406 2075 3458 conjuratis
2091 3410 2151 3448 ita
2170 3420 2231 3462 op-

0 3457 11 3543 }
117 3463 249 3520 preffit
259 3490 271 3510 ,
299 3472 343 3502 nt
358 3462 412 3502 ad
423 3477 506 3502 enm
519 3462 746 3502 tradendum
764 3463 1036 3516 Carthaginem
1051 3477 1173 3503 omnes
1189 3464 1372 3502 venirent.
1408 3461 1635 3515 Capricorni
1659 3461 1819 3514 globum
1834 3461 2098 3514 ample6hentis
2114 3475 2231 3517 typus

0 3546 12 3607 l

127 3533 216 3562 cum
233 3519 497 3571 cornucopiae,
525 3518 562 3557 in
581 3519 746 3558 nummis
767 3518 924 3572 Augusti
945 3517 1124 3572 frequens
1140 3518 1328 3563 occurrit,
1357 3517 1467 3570 quod
1491 3517 1553 3556 ille
1577 3516 1643 3555 sub
1668 3517 1742 3555 hoc
1771 3515 1880 3571 ligno
1897 3528 2010 3558 natus
2024 3517 2136 3565 esset,
2163 3519 2227 3563 cui

125 3573 300 3617 alludunt
315 3573 587 3627 Hipponenses
600 3601 611 3620 ,
640 3573 749 3627 quod
771 3573 937 3613 similiter
953 3573 1176 3614 Gordianus
1192 3573 1260 3614 sub
1280 3573 1355 3613 hoc
1371 3571 1493 3613 fidere
1510 3571 1558 3613 V.
1580 3571 1623 3611 N
1627 3571 1788 3626 on.Jan.
1805 3571 1986 3628 Turpilio
2000 3574 2173 3616 Dextero
2186 3578 2228 3619 δέ

125 3629 189 3676 Μ.
209 3629 351 3670 Maecio
372 3629 498 3669 Ruffo
517 3628 623 3670 Coff.
641 3643 701 3670 an.
724 3629 773 3668 U.
791 3630 840 3669 C.
863 3631 958 3680 978.
977 3641 1084 3670 ortus
1104 3628 1207 3673 esset,
1706 3629 1708 3631 ’

180 3713 266 3764 Hic
281 3728 451 3756 nummus
467 3716 614 3756 minimi
631 3714 790 3763 moduli,
819 3714 842 3755 (Ξ
857 3716 1008 3756 Patina
1012 3726 1057 3770 p.
1076 3729 1095 3769 3
1103 3729 1168 3768 70.
1184 3715 1310 3756 editus
1318 3741 1332 3762 ,
1359 3716 1461 3755 inter
1475 3714 1672 3766 rargffimos
1685 3715 1969 3772 computandus.

179 3961 282 4012 Tem.
313 3955 377 4006 II}
810 3967 812 3971 ’
1431 3950 1475 4013 T
