2491 4219
255 154 352 202 ,τις
929 155 1204 205 TREB.
1287 154 1719 202 GALLUS.

936 275 1443 319 NEAPOLIS
1493 277 1692 318 Samariae.

252 871 281 899 Α
294 870 319 898 τ
332 872 371 898 r.
403 872 440 899 K.
472 872 502 899 r.
533 869 605 899 or.
639 871 664 898 T
678 871 700 898 p
713 873 737 899 E
751 875 784 900 n.
814 872 872 899 ΓΑ
889 871 916 898 Λ
928 871 956 898 Λ
968 873 994 899 o
1009 872 1031 900 c
1062 872 1085 900 c
1097 872 1120 900 E
1134 873 1170 900 B.
1212 859 1347 913 Caput
1361 857 1604 901 Treboniani
1619 858 1822 902 radiatum.
1838 856 1840 858 ’

308 926 331 952 φ
342 927 380 953 Λ.
412 928 442 954 N
455 929 478 953 E
490 928 517 954 A
531 930 567 955 c.
596 928 624 954 n
635 928 661 953 o
674 927 700 953 Λ
715 928 737 953 E
748 930 776 955 ,cz
787 929 822 955 c.
855 922 989 955 ‹vaux-tou
1008 920 1087 955 Νέας
1102 917 1221 954 πόλεως.
1260 915 1404 970 Aquila
1417 916 1486 956 alis
1501 914 1674 970 expanfis
1685 943 1697 963 ‚
1724 917 1764 956 in
1781 914 1924 957 vertice
1940 928 2057 957 mons
2074 929 2163 957 cum
2180 919 2342 973 templo}

305 993 473 1033 Nullum
489 994 543 1034 est
563 993 726 1033 dubium
743 1021 755 1039 ,
785 994 884 1048 quin
907 993 971 1035 hic
991 1007 1174 1035 nummus
1194 993 1313 1035 Gallo
1332 992 1481 1037 dicatus
1504 993 1554 1034 ad
1579 994 1788 1047 Neapolim
1813 994 1989 1035 Samariae
2008 1000 2197 1048 pertineat
2214 1024 2225 1043 ‚
2253 1011 2369 1041 mons

252 1050 427 1091 Garizim
452 1064 542 1091 cum
567 1051 714 1104 templo
731 1050 771 1089 in
793 1050 877 1104 ejus
892 1051 1035 1092 vertice
1055 1051 1222 1107 fignatus
1238 1051 1279 1091 id
1294 1049 1381 1092 satis
1398 1049 1601 1092 confirmat
1618 1066 1626 1091 :
1654 1051 1719 1091 sed
1737 1065 1803 1091 cur
1819 1051 1932 1097 urbs,
1961 1051 2127 1091 Colonia
2147 1054 2167 1092 a
2185 1053 2368 1108 Philippo

251 1107 458 1146 constituta
473 1134 485 1153 ‚
515 1105 584 1160 ipsi
609 1120 790 1146 nummos
814 1106 952 1147 Latine
975 1106 1175 1161 inscriptos
1191 1120 1280 1147 cum
1301 1107 1379 1147 hoc
1396 1106 1511 1148 titulo
1527 1106 1705 1160 percuffit
1721 1134 1733 1153 ,
1761 1107 1893 1161 postea
1915 1105 1991 1146 fine
2011 1107 2190 1148 Coloniae
2211 1112 2372 1152 nomine

253 1162 414 1202 Graecos
430 1161 686 1202 Treboniano
707 1161 962 1208 consecravit,
989 1163 1071 1204 imo
1095 1162 1309 1204 Volusiano
1323 1162 1406 1215 ejus
1422 1161 1503 1202 filio
1520 1161 1621 1215 ipsos
1635 1159 1758 1202 modo
1777 1162 1932 1202 Latinos
1946 1176 2034 1202 cum
2052 1163 2231 1204 Coloniae
2247 1166 2370 1221 digni-

252 1229 352 1264 tate,
382 1218 504 1258 modo
523 1219 638 1259 etiarn
660 1218 820 1258 Graecos
837 1218 916 1258 fine
932 1218 1112 1259 Coloniae
1126 1217 1386 1274 appellatione
1401 1217 1582 1272 percussit
1597 1245 1610 1265 ,
1638 1218 1678 1258 id
1697 1217 1848 1258 videtur
1864 1217 2091 1271 scalptorum
2113 1221 2371 1273 proculdubio

252 1275 407 1315 incuria.
449 1273 662 1329 Templum
682 1275 721 1314 in
738 1274 880 1315 vertice
900 1275 1041 1315 montis
1052 1274 1145 1329 Jovi
1162 1274 1332 1314 dicatum
1350 1273 1405 1314 est
1421 1285 1598 1327 tempore
1615 1274 1803 1315 Antiochi
1817 1273 1892 1313 Dei
1910 1274 2143 1327 Epiphanis,
2170 1276 2223 1315 ob
2238 1277 2372 1318 Sama-

251 1331 408 1371 ritarum
426 1330 476 1371 ad
491 1345 581 1372 eum
598 1331 831 1386 legationem
844 1358 856 1378 ,
887 1342 930 1372 ut
950 1342 1076 1371 narrat
1094 1328 1283 1384 Iosephus
1300 1329 1435 1384 Antiq.
1458 1329 1518 1369 lib.
1543 1343 1601 1370 12.
1621 1344 1702 1385 cap.
1724 1344 1760 1381 7.
1790 1331 1963 1377 Ammu‘opdiu‘
1981 1347 2008 1367 π
2022 1333 2117 1370 aiu-1224
2132 1337 2157 1369 ἓ
2174 1336 2293 1375 αἰτιῶν,
2316 1334 2367 1384 ’‘J-l

252 1389 281 1424 ra}
298 1394 368 1438 παρ’
383 1395 477 1427 03qu,
493 1392 561 1438 ῖερδν
575 1391 709 1438 καθάπερ
724 1390 884 1432 agidam,
909 1389 1171 1437 wausspaffl'w
1198 1396 1242 1424 AI
1254 1397 1312 1423 oc
1348 1396 1468 1424 EAAH
1481 1396 1613 1424 Nlor·
1649 1385 1898 1435 Absolvimus
1918 1401 1977 1426 eos
1995 1395 2180 1442 quantum
2202 1387 2258 1427 ad
2271 1388 2372 1430 hanc

253 1445 407 1494 causam
420 1471 431 1490 ,
460 1441 508 1487 ὠ*
534 1458 658 1484 eorum
686 1442 865 1496 templum
891 1444 1057 1488 attinet,
1083 1439 1188 1497 qued
1199 1440 1357 1496 Posthac
1381 1439 1590 1496 appelletur
1614 1455 1630 1481 1
1642 1455 1668 1481 o
1680 1455 1706 1483 v
1719 1455 1735 1482 1
1747 1456 1767 1482 s
1811 1456 1837 1483 G
1852 1455 1883 1483 R
1895 1455 1934 1484 ΛΕ
1948 1457 1970 1483 c
1981 1456 2010 1482 A
2022 1456 2053 1483 N
2065 1457 2080 1483 1
2094 1457 2117 1484 c
2130 1456 2159 1484 1.
2207 1444 2373 1498 Aquila,
2440 1440 2455 1454 ‘⁸

253 1499 429 1540 Romani
445 1499 603 1554 Imperii
617 1498 765 1554 infigne
781 1498 846 1538 est.

309 1578 395 1618 Hic
410 1591 584 1619 nummus
602 1576 798 1617 mediocris
801 1575 943 1631 formae
950 1585 1022 1630 pro
1037 1589 1123 1616 raro
1139 1571 1431 1627 conservandus.

1109 1676 1530 1722 TROAS.

266 2251 332 2281 1M
343 2250 381 2278 P.
411 2249 449 2279 c.
480 2247 537 2276 v1
550 2245 586 2274 n.
615 2242 643 2272 ‘r
654 2245 686 2272 R
698 2243 722 2271 E
734 2243 768 2271 B.
799 2242 829 2270 c,
841 2242 868 2270 a
881 2242 908 2271 ι
919 2242 946 2270 1,
958 2243 986 2270 v
999 2241 1020 2269 s
1054 2243 1082 2269 A
1094 2242 1122 2269 v
1134 2242 1176 2269 G.
1212 2211 1349 2283 Caput
1363 2227 1468 2269 Galli
1483 2225 1708 2268 laureatum

320 2309 346 2336 c
357 2308 383 2334 o
397 2308 434 2334 L.
467 2305 496 2332 A
511 2304 537 2331 v
549 2303 588 2330 G.
619 2300 646 2328 τ
658 2301 689 2328 R
698 2300 726 2327 o
737 2299 777 2325 A.
807 2284 964 2326 Colonia
975 2283 1148 2338 Augusta
1161 2282 1390 2343 Teoadensts.
1427 2281 1574 2342 Apollo
1592 2281 1723 2321 nudus
1738 2278 1906 2322 sublimis
1921 2280 2066 2324 tollitur
2079 2282 2179 2325 inter
2192 2283 2268 2326 alas
2279 2283 2383 2339 Gry{

375 2347 446 2404 phi
457 2373 471 2394 ,
498 2345 672 2387 dextram
692 2341 808 2396 capiti
824 2340 887 2382 ille
906 2339 1091 2381 admovet
1102 2366 1116 2387 ,
1143 2337 1285 2378 fimstra*⁴
1301 2337 1421 2393 lyram
1441 2348 1550 2393 gerit.

319 2428 448 2469 Troas
469 2424 558 2465 urbs
579 2421 756 2477 Phrygiae
773 2419 931 2461 minoris
947 2446 960 2467 ,
989 2418 1040 2459 de
1057 2431 1135 2472 qua
1155 2415 1289 2472 passim
1309 2414 1476 2456 diximus
1491 2443 1505 2462 ,
1535 2413 1706 2456 Colonia
1725 2415 1774 2455 ab
1792 2415 1970 2470 Augusto
1986 2414 2188 2458 constituta
2201 2444 2213 2464 ,
2240 2430 2286 2459 ut
2303 2419 2386 2460 Au:

266 2485 367 2543 gusti
386 2494 531 2524 nomen
555 2478 699 2519 indicat
714 2504 726 2524 ,
753 2489 937 2538 nummos
951 2473 1206 2537 “Treboniam-3
1232 2484 1418 2526 tanquam
1442 2485 1550 2512 novo
1575 2471 1804 2526 Imperatori
1829 2471 2008 2532 dedicat,
2035 2472 2076 2511 in
2098 2472 2385 2533 iislApollinem

268 2542 373 2583 urbis
390 2536 590 2580 tutelarem
607 2534 740 2574 Deum
757 2532 933 2579 exhibet,
959 2530 1021 2572 ille
1040 2543 1145 2571 enim
1161 2542 1245 2582 ejus
1263 2541 1394 2570 muros
1411 2541 1500 2569 cum
1511 2527 1707 2583 Neptuno
1722 2526 1974 2576 condiderat,
2003 2539 2046 2570 ut
2063 2527 2176 2570 tradit
2186 2528 2386 2572 Coluthus

269 2598 321 2640 de
335 2607 448 2652 raptu
464 2592 629 2635 Helenae
647 2588 740 2631 vers.
759 2601 854 2642 272.
1248 2638 1258 2650 1

720 2651 794 2679 1λιον
813 2642 853 2678 [αἳ
869 2642 1011 2691 ’πύργωσε
1027 2640 1197 2677 Ποσειδάων
1213 2654 1262 2686 754
1280 2638 1414 2676 Anv'mwv.

719 2693 837 2750 Troja
852 2705 964 2749 quam
982 2691 1150 2732 turribus
1167 2690 1336 2730 munivit
1355 2688 1564 2742 Neptunus
1581 2684 1630 2731 ὁ
1641 2687 1789 2743 Apollo,
2039 2702 2045 2710 ³

273 2756 421 2813 Apollo
441 2755 463 2794 a
481 2750 649 2807 Grypho
674 2750 773 2790 inter
796 2748 873 2789 alas
893 2748 1020 2804 gestus
1039 2746 1263 2802 depingitur
1278 2772 1291 2792 ,
1320 2743 1432 2799 quod
1449 2743 1526 2785 hoc
1542 2744 1682 2784 animal
1701 2744 1737 2785 ei
1755 2742 1924 2785 dicatum
1946 2740 2014 2789 fit,
2040 2742 2136 2784 teste
2157 2740 2384 2786 Philostrate'

273 2815 335 2856 lib.
353 2827 387 2867 3.
403 2825 485 2865 cap.
505 2822 564 2860 ¹4·
587 2821 665 2861 qua
680 2805 731 2846 de
747 2819 786 2845 re
802 2816 928 2845 narrat
948 2803 1175 2858 Fulgentius
1192 2801 1324 2856 Myth.
1342 2800 1406 2840 lib.
1437 2799 1520 2841 His
1533 2799 1724 2854 Gryphum
1740 2813 1881 2855 quoque
1891 2797 2063 2854 Apollini
2078 2799 2281 2855 adjiciunt.
2308 2800 2387 2856 Ly-

272 2886 335 2918 ra,
365 2867 480 2920 hujus
499 2864 575 2905 Dei
592 2861 805 2917 symbolum
822 2861 877 2901 est
889 2888 901 2908 ,
929 2873 1047 2914 quam
1064 2859 1085 2899 a
1102 2856 1302 2899 Mercurio
1321 2869 1410 2896 eum
1429 2855 1614 2910 accepisse
1632 2867 1796 2897 narrant.

332 2925 410 2966 Alii
425 2921 574 2964 nummi
583 2917 751 2960 Troadis
763 2917 961 2962 Coloniae‚
989 2929 1077 2955 cum
1095 2928 1200 2969 equo
1217 2911 1417 2967 pascente,
1438 2915 1478 2951 &
1495 2911 1638 2966 Aquila
1653 2923 1770 2968 caput
1785 2911 1894 2953 bovis
1910 2910 2103 2968 unguibus
2117 2921 2296 2967 gerente,
2312 2909 2385 2964 οὓς

275 2982 492 3026 servantur,
521 2989 646 3031 quos,
673 2985 717 3014 ut
732 2971 839 3014 obvii
855 2972 942 3012 sunt
958 2984 1094 3011 eorum
1114 2969 1221 3024 typi,
1250 2966 1569 3022 praetermifimus.

330 3059 416 3102 Hic
435 3069 608 3100 nummus
626 3053 774 3095 minimi
794 3049 935 3093 moduli
951 3062 1061 3090 rarus
1075 3047 1125 3102 est
1142 3044 1190 3091 (J
1207 3045 1371 3101 infignis.

1135 3140 1543 3201 TYRUS.

297 3788 1101 3836 1Ml'.c.c.'v113.·rR1-:13:GALLVS
1138 3780 1260 3823 Ave}
1295 3775 1785 3834 CaputGallilaureatumI
1955 3825 1963 3833 ·
2377 3823 2385 3833 ¹

353 3862 377 3887 c
390 3860 415 3885 o
430 3861 467 3885 L.
498 3859 522 3884 Τ
535 3858 559 3884 Y
576 3857 605 3883 R
616 3857 654 3882 o.
683 3855 719 3880 M
731 3856 755 3880 E
769 3856 792 3880 T
807 3857 834 3882 a
848 3856 874 3881 o
887 3855 919 3881 p.
958 3840 1113 3880 Colonia
1128 3837 1241 3886 Tyros
1258 3835 1489 3898 Metropolis.
1526 3832 1714 3875 Hercules
1729 3826 1857 3871 nudus
1875 3824 2083 3868 filcrlficans
2101 3823 2152 3866 ad
2168 3837 2269 3866 aram
2279 3847 2292 3872 ,
2318 3822 2383 3864 lae-

408 3902 457 3939 vft
473 3900 618 3939 clavam
632 3896 816 3938 inversam
835 3900 873 3937 ὅ(
891 3895 1012 3950 spolia
1030 3894 1172 3936 Leonis
1191 3893 1289 3950 gerit
1301 3912 1318 3942 ς
1343 3905 1382 3933 m
1401 3890 1542 3934 vertice
1565 3887 1713 3930 nummi
1733 3895 1851 3941 petrae
1869 3881 2080 3925 Ambrofiae
2095 3907 2108 3929 ‚
2135 3881 2175 3922 in
2192 3880 2274 3922 imo
2294 3891 2387 3921 con-

404 3955 587 4010 chylium.
2254 3986 2385 4042 Tyros
