2491 4219
170 127 303 166 ,ψ
851 103 1165 170 JULIA
1267 101 1676 153 MAMAEA.

210 187 226 212 1
239 186 314 212 VL.
346 186 382 212 M
395 186 422 212 A
435 185 470 212 M
484 186 508 212 A
524 185 547 211 E
563 184 589 211 A
623 185 648 211 A
663 185 689 211 v
703 185 742 211 G.
779 171 912 224 Caput
934 172 1121 211 lN‘lamaeae.

264 242 287 268 c
298 242 373 268 OL.
406 243 432 267 A
447 243 471 267 v
485 242 524 267 G.
556 242 580 267 T
593 241 617 266 R
634 242 659 266 o
675 241 700 265 A
715 241 753 266 D.
791 228 945 267 Colonia
961 225 1134 280 Augusta
1152 223 1382 275 Troadensts.
1419 226 1551 280 Caput
1568 225 1743 265 turritum
1756 247 1768 268 ‚
1798 233 1903 276 pone
1920 219 2030 275 quod
2046 219 2237 263 vexillum.

263 305 389 360 Troas
409 306 581 360 Phrygia*
606 304 762 344 minoris
786 304 875 343 urbs
890 331 901 349 ,
932 303 1098 343 heroicis
1116 303 1167 344 ita
1184 302 1330 342 casibus
1345 301 1442 342 clara
1458 330 1470 348 ‚
1499 317 1543 344 ut
1559 303 1658 343 nulla
1677 302 1747 341 alia
1764 314 1810 340 ex
1831 311 1913 340 tota
1933 298 2160 353 antiquitate
2176 298 2311 345 clarior

209 362 398 407 extiterit,
426 375 502 400 non
523 374 650 400 tamen
672 359 810 399 eodem
829 359 918 398 loco
940 359 1006 399 fita
1023 371 1102 398 erat
1119 385 1130 404 ,
1160 372 1241 411 quo
1260 358 1352 397 olim
1368 369 1457 397 ante
1474 358 1665 397 excidium
1686 357 1792 396 suum
1807 383 1818 402 ,
1847 367 1888 395 ut
1908 354 2041 409 saepius
2059 368 2105 394 ex
2124 355 2311 396 Strabone

210 415 387 455 diximus.
428 416 617 456 Romanis
633 415 780 468 semper
798 414 897 454 adeo
914 428 998 453 cara
1014 414 1085 454 fuit
1109 413 1213 466 quasi
1235 413 1359 468 gentis
1377 412 1449 451 suae
1467 413 1599 452 auctor
1615 440 1626 458 ,
1655 425 1699 452 ut
1719 412 1841 451 Divus
1857 411 1985 450 Caesar
2007 410 2125 450 multa
2142 411 2177 449 ei
2194 410 2310 449 bene-

210 470 295 510 ficia
316 471 517 510 contulerit
535 498 546 516 ,
585 474 623 509 &
647 471 699 509 ob
728 469 767 508 id
793 483 876 509 eam
903 470 1097 523 Augustus
1115 468 1326 508 Coloniam
1347 468 1567 508 Romanam
1588 468 1824 508 constituerit
1840 494 1851 512 ,
1881 465 1986 520 quafi
2007 467 2044 506 in
2067 467 2185 505 avitas
2205 465 2312 506 sedes

212 525 416 565 Romanos
442 525 680 571 transferret3
709 524 870 564 eandem
888 523 927 563 V
930 525 1089 564 eteranis
1110 523 1360 577 locupletavit
1380 549 1390 568 ,
1419 523 1528 576 quod
1557 523 1697 562 indicat
1720 523 1898 562 vexillum
1925 536 2028 575 pone
2047 533 2164 574 caput
2181 521 2312 562 mulie-

212 581 279 620 bre
298 597 304 620 :
337 580 498 623 turribus
514 581 672 634 quidem
693 591 868 619 ornatum
887 580 941 618 est
958 607 969 626 ‚
998 593 1179 633 tanquam
1195 581 1288 628 ‘urbs
1309 579 1484 633 primaria
1505 598 1516 623 -‚
1545 578 1605 617 illa
1625 579 1727 617 enim
1744 578 2038 625 testeStrabone
2063 577 2082 615 l.
2108 590 2166 629 31.
2197 580 2238 616 ἕςτ
2253 583 2309 614 τῶν

215 644 366 685 ἑλιγμῶν
389 640 492 672 nimam
507 664 516 678 ,
546 638 595 685 esf
612 650 686 675 una
707 634 752 673 de
770 634 924 674 urbibus
942 635 1157 675 nobilibusf
1169 635 1350 675 Solebant
1368 634 1531 687 Antiqui
1550 635 1660 673 urbes
1677 633 1885 686 praecipuas
1903 633 1956 673 uti
1977 632 2162 685 Cybelem
2175 659 2187 677 ,
2215 632 2313 672 Ter·

210 706 311 738 ram,
333 690 393 730 seu
413 691 568 731 Vestam
587 691 806 744 depingere.
850 690 964 729 Vesta
984 691 1078 732 vero
1095 691 1199 744 apud
1219 691 1436 730 Diodorum
1455 689 1603 729 Saturni
1623 692 1660 728 ὃς
1682 688 1802 728 Rhea:
1823 688 1914 734 filia,
1933 688 2155 728 strrusturam
2171 687 2312 728 domus

209 746 391 788 inveniss'e
410 746 547 793 fertur,
576 747 829 800 quamobrem
849 744 1002 785 fortasse
1023 754 1106 786 eam
1126 743 1288 786 turribus
1307 757 1515 788 ornarunt,
1544 745 1594 784 de
1609 759 1686 798 qua
1703 744 1900 784 Lucretius
1919 743 1968 784 de
1985 757 2052 783 rer.
2074 754 2151 783 nat.
2168 743 2231 783 lib.
2250 756 2285 783 1.

698 801 918 855 Mai-alique
935 810 1047 854 caput
1065 801 1246 849 fitmnmm
1263 804 1415 839 cinxere
1430 813 1575 838 corona.

211 856 433 898 Phornutus
457 857 571 896 tradit
596 857 767 896 turritam
793 870 976 895 coronam
1002 856 1175 896 adhiberi
1199 855 1346 896 solitam
1370 854 1461 895 huic
1485 855 1600 902 Deae,
1629 866 1788 910 propter
1815 854 1928 894 urbes
1953 856 1990 893 &
2013 866 2139 907 arces,
2168 865 2255 907 quae
2274 851 2315 894 in

211 912 428 953 summitate
450 914 642 952 montium
662 911 802 968 fiebant
819 911 1040 965 antiquituS.
1087 909 1090 911 ’
1205 918 1208 920 ’

267 991 351 1032 Hic
369 1006 541 1034 nummus
557 993 705 1032 minimi
721 989 859 1031 modali
865 1001 935 1044 pro
953 1004 1036 1030 raro
1057 988 1266 1031 habendm.

219 1538 271 1564 10
283 1536 307 1560 v
322 1539 346 1564 L
360 1537 408 1563 xA
439 1537 476 1562 M
491 1537 517 1562 A
534 1536 566 1561 M
582 1536 606 1562 A
623 1537 637 1562 1
651 1537 677 1562 A
711 1536 737 1562 A
753 1536 779 1561 v
794 1536 830 1562 G.
861 1523 994 1572 Caput
1007 1522 1117 1576 Juliae
1136 1520 1323 1560 Mamaeae.

276 1594 298 1619 c
308 1594 334 1619 0
348 1595 380 1619 L.
414 1592 440 1617 A
456 1593 481 1618 L
496 1592 517 1617 E
529 1592 554 1617 x
569 1591 595 1616 A
611 1591 638 1617 N
652 1592 690 1617 D.
724 1592 747 1617 τ
765 1592 792 1617 R
805 1591 842 1616 o.
874 1579 1028 1618 Colonia
1048 1577 1345 1617 Alexandriana
1363 1573 1590 1626 Troadenfis.
1619 1574 1754 1628 Equus
1769 1573 1937 1629 pascens.

275 1656 492 1711 Antiquarii
504 1655 673 1696 Troadis
691 1669 936 1695 nummorum
954 1655 1189 1710 epigraphen
1207 1671 1230 1696 c
1243 1669 1268 1694 o
1283 1670 1317 1695 L.
1351 1668 1375 1693 T
1388 1668 1455 1694 Ro
1472 1669 1507 1693 A.
1525 1654 1760 1705 interpretari
1778 1654 1873 1693 soliti
1890 1653 1996 1700 sunt,
2025 1652 2180 1694 Colonia
2190 1652 2327 1694 ‘Troase

219 1711 285 1752 sed
302 1713 390 1752 etim
408 1710 504 1765 saepe
523 1723 724 1752 occurrant
741 1725 856 1751 voces
876 1725 982 1751 eoL.
1015 1726 1038 1751 T
1053 1725 1081 1751 R
1093 1725 1118 1750 o
1135 1726 1159 1750 A
1175 1726 1209 1751 ι).
1234 1711 1475 1764 exponendae
1494 1709 1670 1748 videntur
1690 1709 1843 1748 Colonia
1865 1709 2098 1760 Troadensts,
2129 1714 2168 1750 &
2184 1709 2328 1750 idcirco

218 1767 523 1812 Alexandriana,
551 1766 631 1806 imo
653 1766 857 1807 multarum
877 1767 1129 1807 Coloniarum
1148 1767 1305 1806 nomina
1320 1793 1330 1811 ‚
1360 1765 1464 1805 ῐεᾶὶέ
1484 1778 1553 1817 per
1571 1764 1757 1813 adjcffiva
1776 1764 1883 1804 reddi
1898 1764 2073 1817 possunt,
2101 1777 2143 1805 ut
2160 1766 2330 1806 Colonia

218 1822 472 1867 Troadenlis,
505 1821 741 1875 Berytensis,
773 1825 842 1862 &c.
891 1822 1136 1863 Troadenses
1165 1822 1351 1877 plurimos
1375 1834 1558 1861 nummos
1592 1820 1819 1860 Alexandro
1849 1819 2096 1865 dedicarunt,
2123 1819 2330 1874 praesertim

220 1879 310 1919 cum
327 1879 387 1919 ille
404 1878 443 1918 in
462 1878 606 1931 Syriam
625 1889 756 1918 contra
775 1877 933 1917 Parthos
951 1877 1214 1921 contendens,
1244 1877 1413 1931 ipsorum
1437 1878 1568 1916 urbem
1588 1875 1769 1930 ingressus
1786 1876 1859 1922 est,
1889 1889 1929 1916 ut
1947 1875 2056 1930 supra
2073 1875 2258 1923 diximus,
2278 1876 2332 1917 ita

219 1935 270 1976 illi
293 1935 371 1988 pari
389 1934 539 1974 honore
557 1945 717 1974 matrem
738 1933 952 1989 Augustam
977 1933 1040 1974 filii
1062 1934 1306 1987 Imperatoris
1326 1934 1507 1974 comitem
1535 1933 1758 1985 prosequuti
1781 1931 1887 1978 sunt,
1915 1931 2218 1986 Alexandroque
2233 1930 2331 1971 adu-

218 1990 365 2036 lantes,
394 1989 527 2029 urbem
543 1988 646 2029 suam
667 1989 1010 2036 Alexandrianam‚
1040 1990 1102 2029 seu
1130 1991 1168 2029 in
1196 1989 1404 2029 Alexandri
1421 1989 1485 2027 M.
1515 1987 1725 2028 conditoris
1746 1988 1993 2034 memoriam,
2020 1986 2083 2027 seu
2104 1987 2142 2027 in
2165 1987 2333 2042 Impera-

219 2047 314 2088 toris-
329 2045 421 2085 illud
440 2058 582 2084 nomen
601 2045 766 2100 gerentis
785 2045 976 2086 honorem
994 2045 1258 2100 appellarunt:
1289 2045 1507 2085 Alexander
1536 2058 1663 2084 autem
1690 2043 1904 2097 Imperator
1927 2043 2137 2083 Alexandri
2155 2042 2209 2082 M.
2233 2043 2332 2084 sum-

220 2114 382 2156 mopere
402 2099 588 2140 studiosus
609 2100 702 2146 fuit,
736 2099 761 2138 fi
780 2101 939 2152 quidem
956 2101 1019 2141 ille
1042 2101 1267 2155 Lampridio
1285 2102 1400 2147 teste,
1428 2099 1649 2141 Alexandri
1672 2100 1809 2139 habitu
1825 2114 1992 2139 nummos
2001 2097 2335 2154 plurimosfigura-

221 2159 287 2198 vit
298 2184 309 2204 ,
337 2154 385 2201 ά
403 2155 554 2211 quidem
572 2155 747 2195 eleft'reos
763 2155 980 2210 aliquantos
997 2171 1005 2194 :
1014 2156 1278 2208 fidplurzmas
1296 2167 1424 2194 tamen
1441 2170 1579 2194 aureos.
1612 2156 1744 2207 Equus
1760 2156 1915 2208 pascens
1926 2183 1938 2201 ,
1965 2154 2248 2195 Troadenfiurn
2264 2155 2334 2195 im-

222 2214 457 2254 munitatum
485 2211 539 2251 est
564 2209 797 2266 symbolum,
826 2211 866 2249 in
896 2210 1069 2251 Mamaeae
1085 2210 1253 2250 nummis
1269 2211 1317 2250 ab
1336 2209 1426 2265 ipfis
1442 2210 1569 2250 forlan
1588 2207 1799 2264 signatum,
1829 2209 2121 2264 quOd'ipsorum
2137 2210 2334 2266 privilegia

221 2270 320 2312 illius
341 2267 577 2321 indulgentia
596 2265 748 2306 fuiss'ent
764 2264 999 2306 confirmata.

238 2325 248 2349 i
279 2346 363 2388 Hic
379 2358 553 2387 nummus
566 2342 875 2397 minimaeformae
895 2357 1004 2384 rarus
1026 2340 1074 2386 ὠ
1094 2341 1244 2397 elegans
1261 2340 1318 2393 est⁴

232 2894 319 2922 Iov
332 2894 356 2920 L
369 2892 395 2919 1.
429 2892 463 2918 M
477 2893 502 2919 A
518 2891 553 2918 M
568 2892 593 2918 A
607 2891 621 2917 1
638 2891 664 2918 A
699 2891 726 2917 A
741 2891 779 2917 v.
810 2877 943 2931 Caput
958 2876 1063 2929 Juliae
1080 2876 1264 2916 Mamaeae.

285 2952 308 2977 c
321 2950 346 2975 o
362 2950 396 2976 L.
432 2950 455 2974 A
471 2950 495 2975 L
510 2948 541 2973 E.
573 2949 597 2973 T
611 2948 641 2974 R
652 2948 689 2972 0.
720 2931 874 2973 Colonia
891 2931 1134 2974 Alexandria
1153 2932 1292 2979 Troas,
1321 2932 1381 2972 vel
1399 2930 1695 2972 Alexandriana
1708 2929 1931 2984 Troaderfis.
1960 2930 2072 2987 Lupa
2087 2944 2175 2973 cum
2192 2926 2353 2987 pueru-'

341 2992 386 3032 lis
411 2989 585 3031 Romulo
608 2994 646 3029 δε
670 2989 814 3029 Remo.

283 3069 529 3109 Troadenses
554 3081 634 3108 non
658 3066 780 3108 modo
804 3067 952 3120 Lupam
969 3078 1057 3104 cum
1075 3064 1244 3119 puerulis
1260 3064 1300 3104 in
1320 3063 1487 3104 nummis
1508 3074 1690 3118 tanquam
1707 3064 1885 3105 Coloniae
1905 3066 2095 3107 Romanae
2118 3066 2335 3122 symbolum

235 3125 378 3180 signare
397 3126 596 3169 videntur,
624 3122 689 3163 sed
706 3123 815 3176 quod
834 3123 1038 3162 Romanos
1059 3122 1078 3161 a
1100 3121 1135 3161 se
1155 3132 1373 3174 procreatos
1391 3120 1661 3176 gloriarentur,
1692 3131 1733 3160 ut
1754 3120 1793 3160 hi
1810 3122 1923 3162 etiam
1943 3121 2175 3170 fatebantur,
2206 3122 2230 3163 si
2248 3123 2335 3178 qui-

236 3182 323 3220 dem
347 3181 450 3233 apud
471 3181 650 3220 Tacitum
670 3179 815 3218 mentio
832 3178 886 3217 est
910 3177 1049 3218 veteris
1073 3177 1240 3230 epistolae
1263 3177 1403 3216 Graeco
1427 3175 1599 3216 sermone
1628 3177 1648 3216 a
1667 3176 1806 3217 Senatu
1825 3177 2057 3233 Populoque
2076 3179 2260 3220 Romano
2280 3177 2333 3219 ad

236 3236 435 3276 Seleucum
470 3236 618 3288 Regem
643 3233 808 3288 scriptae,
835 3234 912 3287 qua
935 3232 1138 3272 amicitiam
1168 3236 1206 3278 ὃς
1230 3231 1447 3273 societatem
1478 3232 1529 3272 ita
1552 3232 1708 3272 demum
1729 3231 1797 3287 ipsi
1815 3233 2036 3287 pollicetur,
2063 3234 2090 3274 fi
2111 3234 2333 3289 consangui-

238 3305 331 3329 neos
349 3292 433 3331 suos
450 3291 600 3330 Ilienses
616 3291 664 3330 ab
682 3290 790 3330 omni
805 3301 923 3329 onere
940 3288 1131 3329 immunes
1147 3287 1379 3342 praestitiss'et.
1410 3290 1472 3328 An
1489 3287 1600 3328 fuerit
1618 3287 1742 3327 fabula
1758 3288 1865 3342 Lupa
1878 3290 2090 3330 Romulum
2107 3294 2145 3330 ὃς
2162 3291 2331 3330 Remum

238 3346 404 3391 lastiss'c,
434 3360 510 3385 non
542 3346 604 3385 hic
632 3346 686 3386 est
716 3343 920 3384 differendi
946 3343 1071 3390 locus,
1100 3345 1189 3384 etim
1216 3343 1346 3383 Roma
1371 3343 1447 3397 ipsa
1473 3357 1544 3397 pro
1572 3343 1744 3397 symbolo
1761 3343 1856 3384 illius
1877 3345 2043 3401 effigiem
2057 3346 2263 3399 acceperit,
2291 3348 2330 3384 &

239 3401 390 3454 plurimi
412 3404 585 3441 auctores
608 3402 629 3441 a
647 3401 757 3441 nobis
777 3400 879 3440 citati
899 3399 937 3439 in
954 3413 999 3439 ea
1016 3399 1156 3440 fuerint
1172 3398 1375 3445 sententia,
1404 3399 1443 3438 in
1463 3413 1628 3453 quorum
1647 3400 1761 3438 eriam
1782 3413 1942 3441 numero
1960 3402 2094 3442 Florus
2110 3402 2172 3441 lib.
2193 3414 2237 3445 1..
2252 3401 2332 3442 Re-

239 3455 364 3500 lieris,
394 3456 536 3509 inquit,
565 3457 703 3496 catula
720 3457 807 3510 lupa
824 3456 1001 3508 vagitum
1005 3454 1163 3506 secuta,
1191 3454 1305 3495 ubera
1321 3454 1494 3496 admovit
1510 3454 1748 3509 infantibus,
1775 3466 2003 3512 matremque
2005 3457 2053 3509 se
2059 3456 2182 3512 gfft.
2325 3448 2329 3453 ’

295 3533 378 3574 Hic
397 3548 565 3574 nummus
583 3535 728 3576 minimi
744 3533 884 3577 moduli
893 3544 965 3588 pro
983 3548 1066 3574 raro
1082 3532 1344 3576 numerandus.

2443 3791 2491 4219 Qwaassueffi
2465 3747 2487 3774 -τέ

2477 3439 2491 3463 ⁴⁴2
2469 3387 2491 3428 ἰὰ
2468 3318 2491 3383 bl—”X
2468 3275 2473 3281 Ἰ
