2574 4214
287 160 350 205 64
696 127 704 136 ’
954 145 1718 197 TiBERiUS.

286 226 434 254 morum
454 208 530 254 fide
547 227 566 252 a
613 223 730 260 uunt,
758 215 797 253 δι
811 213 1012 267 praesertim
1030 217 1166 256 Accim
1183 214 1377 269 Hispaniae
1387 209 1682 254 Tarraconensis
1694 241 1705 260 ‚
1735 211 1839 253 unde
1856 211 1895 252 in
1916 211 2092 267 Augusto
2111 210 2285 251 Gemellae
2302 225 2373 253 no-

286 282 376 308 men
396 226 758 322 accepisiergdiximus
777 284 785 307 τ
822 269 887 308 sed
907 271 995 309 curn
1016 281 1108 310 tunc
1133 270 1182 309 de
1210 270 1372 324 Augusti
1397 270 1563 310 nummis
1582 297 1594 316 ,
1622 270 1662 308 in
1689 268 1829 322 quibus
1860 281 1972 308 LEG.
2004 280 2071 307 vr.
2103 267 2221 321 Legio
2238 267 2374 314 Sexta,

287 324 400 362 nobis
418 335 498 363 erat
518 323 638 363 sermo
654 350 665 368 ,
695 337 739 362 ex
760 323 973 377 Legionum
996 338 1061 363 VI.
1090 324 1266 364 viuricis
1284 350 1295 370 ,
1324 328 1363 363 ὃς
1384 339 1410 364 ν
1423 338 1446 363 1.
1468 324 1500 364 F
1502 336 1631 364 erratae
1649 323 1851 364 Veteranis
1874 323 1927 362 ob
1947 323 2142 376 geminum
2161 322 2284 362 Sextae
2300 323 2376 362 Le-

287 377 410 431 gionis
427 391 568 416 nornen
588 377 791 417 Accitanos
810 377 1052 429 Gemellenses
1071 378 1281 432 appellatos
1307 377 1414 418 fuiffe
1431 379 1726 423 arbitrabamur,
1757 377 1819 417 sed
1839 377 1960 431 Legio
1985 391 2000 417 1
2021 391 2035 416 l
2059 390 2087 416 i.
2108 377 2145 416 in
2164 376 2239 416 hoc
2251 376 2374 417 Tibe·
2437 403 2440 406 ⁴

287 433 353 476 rii,
383 444 424 471 ut
446 436 483 470 Sc
502 432 539 470 in
561 431 678 470 altero
697 432 879 486 Caligula:
896 445 1055 471 nummo
1069 460 1080 478 ,
1107 432 1282 484 inscripta
1299 457 1311 477 ,
1340 432 1424 472 illos
1446 447 1493 472 ex
1513 433 1656 472 Tertiae
1675 435 1713 471 &
1729 433 1851 473 Sextae
1869 432 2084 486 Legionum
2103 431 2280 471 Emeritis
2301 432 2375 470 Ge·

287 485 505 537 mellenstum
531 485 822 538 appellationem
851 486 924 526 esse
950 487 1122 531 sortitos,
1151 498 1221 524 nos
1249 484 1399 526 edocet.
1436 487 1594 541 Duplex
1612 498 1693 526 erat
1718 487 1839 541 Legio
1855 485 1988 526 Tertia
2008 513 2019 532 ,
2051 501 2123 526 una
2145 487 2377 541 cognomine

289 540 441 579 Gallica
454 568 464 585 ,
494 541 607 580 altera
626 541 716 579 vero
737 541 906 594 Augusta
928 557 935 580 ε
964 542 1022 580 illa
1044 542 1080 579 in
1100 539 1285 593 Hispania
1300 539 1348 579 ab
1366 541 1542 595 Augusto
1562 541 1764 582 constituta
1777 568 1788 587 ,
1818 555 1864 582 ex
1882 555 1959 595 qua
1979 540 2102 581 forsan
2118 541 2265 582 emeriti
2280 542 2378 581 mili-

288 607 344 635 tes
370 596 502 635 Accim
526 594 716 634 transmissi
743 597 898 642 coloni,
935 596 1014 636 haec
1037 596 1075 634 in
1099 594 1227 635 Africa
1255 594 1303 634 ab
1324 594 1464 635 eodem
1484 596 1678 637 collocata.
1725 596 1809 636 Cur
1837 597 1930 636 vero
1957 596 1997 636 in
2023 597 2185 651 Augusti
2210 600 2376 637 nummis

288 665 398 690 LEG.
430 663 493 688 VI.
524 652 562 687 δε
578 650 617 688 in
632 649 792 691 Tiberio
821 667 845 691 L
859 665 930 690 EG.
967 664 979 688 i
1001 665 1014 689 1
1035 664 1065 689 1.
1096 649 1264 705 signatur
1285 653 1300 690 ?
1334 649 1360 690 fi
1385 651 1613 704 conjezsturae
1636 652 1767 697 locus,
1798 651 1867 705 qui
1883 650 2118 706 magistratus
2136 665 2293 692 munere
2308 652 2376 691 sub

287 705 463 758 Augusto
479 703 734 757 fungebantur
752 733 762 751 ,
792 720 838 745 ex
856 705 1033 759 Legionis
1049 705 1170 745 Sextae
1186 705 1388 746 Veteranis
1404 707 1591 762 originem
1607 726 1618 753 ς
1648 706 1716 761 qui
1733 717 1860 747 autem
1884 705 1950 746 sub
1967 707 2129 749 Tiberio
2148 711 2186 748 ὃς
2201 707 2377 763 Caligula

284 772 463 800 nummos
479 759 686 805 cuderunt,
716 774 761 799 ex
778 760 1106 814 LegionisTertiae
1120 761 1301 802 militibus
1317 761 1527 802 trahebant.

340 827 422 866 Hic
437 841 608 868 nummus
615 827 793 879 secanda:
806 827 1081 884 magnitudinis
1097 830 1200 868 inter
1207 828 1490 882 praestantiores
1505 829 1755 870 collocandus.

344 1378 367 1403 c
378 1377 402 1402 o
416 1375 454 1402 L.
488 1373 513 1400 A
528 1375 549 1401 e
561 1375 582 1401 c
595 1373 623 1400 1.
654 1359 808 1401 Colonia
823 1360 1029 1401 Accitana.
1068 1361 1209 1416 Aquila
1225 1360 1432 1416 legionaria
1448 1364 1487 1402 &
1501 1360 1682 1403 vexillum
1699 1361 1798 1403 inter
1812 1359 1894 1402 duo
1907 1360 2011 1418 figna
2025 1361 2208 1403 militaria.

348 1440 551 1480 Accitanos
574 1440 671 1480 inter
693 1439 762 1479 alia
790 1439 945 1478 numina
966 1440 1157 1493 praecipue
1181 1440 1351 1481 Martem
1373 1439 1528 1481 coluisse
1551 1451 1678 1481 narrat
1696 1441 1920 1482 Macrobius
1939 1440 2085 1481 Saturn.
2104 1441 2164 1481 lib.
2189 1454 2221 1480 1.
2242 1451 2324 1495 cap.
2345 1442 2383 1483 1.'

291 1495 476 1535 Accitani
498 1497 613 1534 etiam
628 1521 639 1541 ,
658 1509 757 1548 gens
777 1494 989 1548 Hispanico
1010 1521 1021 1539 ,
1035 1494 1280 1546 stmulacrum
1297 1497 1445 1535 Martis
1464 1494 1583 1535 radiis
1600 1504 1775 1536 ornatum
1792 1498 1963 1536 maxima
1982 1496 2156 1551 religione
2174 1494 2386 1543 celebrant,

291 1546 425 1590 Neton
444 1559 634 1589 vocantes.
672 1549 814 1589 Coloni
830 1563 876 1589 ex
892 1551 1079 1590 veteranis
1098 1551 1279 1591 militibus
1295 1550 1406 1597 faeti,
1433 1551 1546 1591 armis
1565 1550 1717 1598 assueti,
1747 1552 1914 1593 Martem
1933 1551 2063 1592 Deum
2081 1551 2166 1592 belli
2184 1550 2386 1606 praesidem

292 1605 459 1645 venerati
479 1604 574 1644 sunt.
616 1605 661 1644 In
680 1604 861 1657 superiori
884 1618 1044 1645 nummo
1066 1606 1240 1645 Accitani
1264 1606 1359 1646 duas
1378 1606 1524 1659 aquilas
1547 1606 1772 1661 legionarias
1794 1607 1892 1648 inter
1917 1607 1999 1647 duo
2021 1605 2123 1662 figna
2143 1606 2314 1647 militaria
2330 1606 2385 1647 ob

292 1659 509 1700 Veteranos
531 1673 578 1699 ex
600 1659 747 1699 duabus
767 1660 1002 1714 Legionibus
1027 1660 1066 1700 in
1091 1661 1282 1702 coloniam
1302 1661 1493 1702 dedustos
1509 1660 1674 1703 diximus
1688 1689 1700 1709 ,
1729 1662 1833 1703 unde
1850 1663 1935 1703 urbi
1952 1663 2127 1702 Gemellae
2141 1675 2386 1719 cognomen5

292 1715 333 1754 in
356 1715 432 1754 hoe
455 1716 547 1755 vero
570 1715 695 1769 aquila
721 1715 924 1768 legionaria
941 1741 953 1761 ,
980 1715 1159 1756 vexillum
1177 1720 1215 1755 ὃ(
1234 1716 1336 1771 figna
1355 1717 1528 1757 militaria
1554 1729 1738 1772 tanquam
1763 1718 1932 1758 universa
1950 1718 2068 1759 totius
2085 1717 2265 1772 Legionis
2282 1716 2389 1773 signa

293 1769 534 1810 exhibentur.
568 1772 673 1810 Ante
695 1769 743 1809 C.
759 1769 927 1809 Marium
950 1769 1054 1826 signa
1079 1771 1298 1827 Legionum
1321 1784 1428 1814 erant
1443 1799 1455 1818 ,
1483 1771 1509 1812 fi
1533 1772 1657 1812 Plinio
1675 1771 1770 1814 fides
1790 1801 1802 1820 ,
1828 1773 1966 1828 aquilae
1983 1800 1995 1820 ,
2022 1773 2132 1827 lupi,
2162 1772 2388 1818 minotauri,

294 1825 439 1878 equi&
457 1824 535 1878 apri
551 1851 564 1870 ,
592 1838 759 1879 quorum
778 1824 971 1865 fimulacra
994 1827 1116 1882 longis
1137 1827 1250 1869 hastis
1265 1840 1414 1882 portata
1436 1827 1604 1883 singulos
1626 1828 1780 1869 ordines
1805 1829 2028 1875 anteibant;
2057 1828 2122 1868 sed
2138 1828 2200 1868 ille
2219 1827 2389 1868 secundo

293 1879 504 1920 Consulatu
524 1879 592 1921 suo
608 1881 666 1920 his
683 1881 722 1919 in
738 1892 865 1920 totum
883 1882 1065 1923 abdicatis
1082 1910 1094 1929 ,
1123 1883 1288 1937 aquilam
1307 1884 1544 1939 Legionibus
1561 1885 1718 1937 proprie
1737 1884 1901 1930 dicavit,
1929 1885 2017 1923 ciim
2038 1882 2104 1938 (ut
2121 1883 2236 1924 tradit
2252 1883 2390 1923 Sextus

291 1934 521 1990 Pompeius)
538 1936 600 1976 sex
616 1935 775 1976 millium
793 1940 832 1976 &
852 1936 1106 1978 ducentorum
1129 1939 1333 1979 hominum
1350 1938 1623 1993 conscripfisset
1640 1938 1875 1993 Legionem,
1903 1952 1990 1993 quae
2006 1949 2117 1979 antea
2129 1949 2297 1992 quatuor
2308 1937 2391 1977 mil-

292 1991 385 2031 lium
403 1990 538 2031 fuiss'et.
576 1991 673 2044 Qo
691 2002 866 2045 ternpore
880 2005 980 2032 nova
996 1993 1215 2047 Legionum
1231 1994 1369 2035 divisio
1387 1995 1537 2036 videtur
1549 1993 1761 2048 Onuphrio
1779 1993 1878 2034 faeta
1888 2021 1902 2042 ‚
1929 2007 2048 2047 quam
2060 1993 2173 2034 refert
2184 1993 2391 2048 Vegetius:

294 2047 416 2100 Legio
436 2048 478 2100 in
495 2046 619 2086 decem
635 2045 804 2085 cohortes
820 2045 949 2097 divisa
964 2048 1011 2094 eli
1020 2074 1033 2094 ,
1059 2048 1190 2086 cohors
1204 2058 1332 2087 autem
1347 2051 1388 2088 in
1407 2051 1686 2102 quinquaginta
1704 2048 1912 2102 manipulos
1923 2073 1937 2095 ,
1964 2045 2232 2102 &manipulus
2244 2049 2391 2098 rursum

292 2104 336 2143 in
351 2102 496 2156 viginti
510 2103 671 2156 quinque
686 2101 837 2141 milites.
875 2101 1037 2153 Aquila,
1055 2101 1217 2157 legionis
1232 2100 1378 2155 infigne
1395 2102 1472 2147 est3
1501 2100 1606 2156 figna
1620 2104 1714 2142 vero
1732 2103 1924 2150 militaria,
1941 2100 2183 2151 cohortium;
2210 2103 2391 2143 vexillum

294 2156 467 2210 denique
483 2183 495 2203 ,
523 2155 832 2210 manipulorum:
867 2155 932 2195 sed
953 2156 1133 2196 vexillum
1159 2155 1388 2210 quibusdam
1412 2158 1614 2212 proprium
1638 2158 1815 2212 equitum
1838 2157 2086 2213 perhibetur,
2114 2170 2158 2201 ut
2176 2158 2390 2215 Legionem

296 2212 472 2267 equitatu
487 2211 602 2255 etiam
621 2211 793 2252 constare
805 2238 817 2258 ,
845 2224 913 2265 per
932 2210 972 2250 id
989 2211 1253 2253 innotesceret.

353 2285 438 2328 Hic
452 2298 624 2327 nummus
627 2285 792 2339 fi’cnndi
807 2283 947 2327 moduli
964 2300 1072 2327 rarus
1091 2285 1142 2340 eli
1157 2284 1205 2331 ὠ]
1219 2286 1376 2343 elegans.

363 2877 388 2902 c
400 2876 426 2901 o
441 2874 475 2901 L.
506 2873 522 2900 1
534 2874 560 2900 v
572 2872 610 2900 L.
640 2873 667 2900 G
680 2873 704 2900 E
717 2872 766 2901 M.
798 2872 826 2900 A
841 2874 862 2901 c
874 2874 896 2901 c
907 2874 935 2900 1.
972 2856 1128 2902 Colonia
1141 2855 1259 2913 Julia
1276 2854 1444 2900 Gemella
1462 2858 1657 2899 Accitana
1671 2885 1683 2905 ,
1709 2859 1750 2898 in
1765 2858 1904 2900 laurea.

364 2942 482 2978 Accis
495 2938 602 2990 juxta
619 2938 763 2978 radices
779 2939 971 2979 montium
987 2939 1037 2979 ad
1051 2939 1272 2979 Therebem
1292 2937 1453 2977 fluvium
1470 2936 1558 2984 fita,
1576 2937 1640 2990 jus
1652 2936 1827 2978 Italicum
1845 2938 1999 2987 habuit,
2025 2939 2119 2981 teste
2137 2937 2264 2981 Plinio
2278 2939 2341 2982 lib.
2358 2943 2399 2995 32

313 3007 391 3046 cap.
412 3007 446 3046 3.
475 2994 546 3033 Ex
561 2993 715 3033 Colonia
733 2995 930 3033 Accitana
947 2993 1193 3045 Gemellenses
1206 3020 1218 3040 ,
1246 2990 1292 3036 ὠ
1316 2992 1538 3044 Libisosona
1554 2995 1764 3046 cognomine
1782 2992 2099 3050 Foro-augustana
2111 3018 2124 3041 ,
2151 2996 2286 3051 quibus
2304 2996 2398 3036 dua·

315 3048 382 3086 [ms
394 3050 458 3099 jus
477 3047 606 3088 Italiae
625 3047 765 3088 datum.
810 3048 927 3101 Julia
952 3050 973 3088 ἐι
989 3048 1095 3102 Julio
1112 3048 1260 3098 Caesare
1277 3047 1454 3103 Coloniae
1476 3046 1680 3087 fundatore
1698 3049 1894 3091 nominata
1917 3051 1993 3098 est,
2022 3051 2183 3092 Gemina
2201 3051 2294 3092 vero
2310 3051 2400 3106 post

317 3097 502 3143 deduGtos
517 3104 556 3142 in
574 3117 659 3143 eam
675 3104 722 3144 ab
740 3104 914 3159 Augusto
929 3104 1110 3159 Legionis
1127 3097 1270 3142 Tertia}
1286 3105 1324 3141 ὃ(
1347 3102 1469 3143 Sextae
1487 3100 1723 3150 Veteranos,
1752 3104 1774 3144 a
1790 3118 1872 3158 quo
1889 3105 2007 3147 Italiae
2023 3106 2087 3160 jus
2106 3105 2285 3161 adeptam
2301 3107 2399 3148 veri-

320 3155 436 3194 simile
457 3158 520 3196 est.
557 3159 730 3199 Accitani
745 3158 906 3199 Tiberio
929 3159 1127 3199 adulantes
1146 3184 1159 3204 ,
1185 3158 1349 3199 lauream
1374 3158 1427 3198 ob
1446 3157 1666 3198 Germanici
1690 3158 1864 3201 victorias
1885 3161 2075 3209 offerunt5
2104 3161 2251 3203 nullum
2268 3173 2398 3203 autem

319 3224 389 3263 per
405 3210 441 3249 se
460 3212 595 3252 bellurn
615 3213 742 3269 gessit,
771 3226 814 3255 ut
832 3226 956 3255 narrat
972 3214 1176 3255 Suetonius
1192 3213 1231 3253 in
1247 3213 1329 3266 ejus
1344 3214 1421 3254 vita
1439 3227 1519 3268 cap.
1534 3227 1597 3268 37.
1626 3213 1791 3268 Hostiles
1807 3224 1931 3256 motus·
1946 3217 2051 3257 nulla
2060 3216 2183 3271 postea
2194 3217 2400 3273 expeditio-

320 3279 367 3306 ne
368 3266 544 3319 fitfceptci
554 3293 566 3313 ,
586 3279 652 3321 per
667 3270 810 3324 legatos
822 3269 1041 3324 compescuit
1054 3290 1067 3315 ς
1097 3282 1212 3324 neque
1220 3280 1289 3323 per
1306 3283 1364 3308 eos
1379 3268 1547 3324 quidem,
1575 3269 1640 3321 nisi
1655 3271 1877 3311 cunft'anter
1896 3270 1944 3316 ἔγ
1960 3272 2163 3326 neceffario.

320 3334 464 3430 TbHic'
483 3349 649 3378 nummus
667 3341 798 3393 primae
821 3338 1095 3395 magnitudinis
1107 3364 1120 3387 ,
1146 3340 1406 3394 integerrimus
1427 3340 1470 3380 in
1488 3339 1609 3392 museo
1629 3339 1685 3380 P.
1703 3339 1885 3382 Cattanei
1896 3367 1910 3388 ,
1936 3341 2084 3381 eximiae
2099 3340 2274 3381 raritatis
2293 3338 2341 3390 est
2356 3337 2402 3380 ob

355 3404 370 3431 ι
396 3403 463 3429 em
482 3400 601 3444 caput.

2201 3959 2238 3989 c.
2257 3959 2286 3988 1.
2304 3958 2345 3986 G.
2363 3945 2407 3987 A]
