2491 4219
770 113 1574 162 oTAciL·1A.
2142 123 2241 178 ηκιΛ

130 196 185 224 M.
214 197 240 222 0
251 195 275 222 τ
289 197 316 222 A
330 197 366 222 c.
398 197 417 223 s
431 197 454 222 E
468 198 495 223 v
507 199 531 224 E
544 197 575 224 n
588 198 629 224 Α.
663 197 690 224 A
702 196 730 222 v
744 196 783 222 G.
812 181 946 234 Caput
961 180 1138 221 Otaciliae
1155 182 1313 221 Severae.

188 253 211 278 c
223 251 248 277 o
261 253 297 279 L.
330 253 354 278 F
367 252 404 278 L.
436 253 456 277 P
471 255 497 278 A
510 255 544 279 c.
577 254 602 278 D
616 255 638 278 E
653 253 678 277 ν
692 254 716 278 L
731 251 768 276 T.
799 236 958 276 Colonia
975 235 1114 276 Flavia
1133 236 1313 287 ‘Pacenfis
1333 235 1551 275 Deultana.
1580 234 1687 275 Salus
1704 235 1825 295 stans,
1852 235 1983 290 dextra
1998 235 2233 289 serpentem,

242 294 336 333 laeva
352 306 523 347 pateram
543 295 582 333 in
601 309 678 348 qua
696 293 813 332 draco
834 291 1059 346 depascitur.

185 372 372 412 Deultum
393 373 481 412 urbs
501 372 699 417 Thraciae,
728 370 895 410 Colonia
914 372 934 410 ἐι
959 369 1190 425 Vespasiano
1207 368 1412 409 constituta
1430 368 1507 414 est,
1534 369 1623 408 cum
1645 368 1704 409 ille
1720 368 1933 422 Imperator
1957 367 2056 406 hanc
2075 370 2231 421 provin-

131 429 228 468 ciam
250 426 392 467 fecisset
416 428 656 472 Romanam,
687 426 779 466 teste
796 426 982 466 Suetonio
1002 428 1040 466 in
1059 425 1278 479 Velpziiiani
1296 425 1372 463 vita
1392 439 1399 462 ε
1429 424 1527 463 leem
1546 425 1768 469 Thraciam,
1799 424 1974 462 Ciliciam
1991 420 2038 465 (ἔγ
2055 426 2230 476 Comage-

129 497 219 523 nam
235 483 392 522 ditionis
411 483 542 533 thwae
560 483 670 536 usque
687 481 798 521 adid
814 491 978 536 tempus,
1005 484 1045 520 in
1055 483 1342 535 provinciarum
1358 479 1514 523 formam
1538 480 1689 532 redegit.
1727 478 1911 518 Suetonio
1939 476 2156 531 adstipulari
2176 479 2231 518 vi-

129 539 243 577 detur
260 532 485 577 Eustathius
498 538 535 576 in
558 536 714 590 Dionys.
735 536 785 576 de
801 537 896 577 (Μ).
920 538 1092 591 descript.
1114 551 1200 591 pag.
1225 550 1290 587 94.
1334 534 1486 575 Veteres
1512 543 1636 573 tamen
1666 532 1925 587 Vefpcssanum
1953 533 2158 572 Thraciam
2182 532 2231 573 ab

127 593 283 645 Europa
302 591 525 647 disjunxisse
542 592 738 631 tradidere.
769 592 921 631 Deinde
938 607 1024 647 pag.
1050 607 1064 631 l
1079 606 1133 631 10.
1153 593 1281 644 inquit
1297 606 1305 630 :
1333 592 1466 641 Quam
1477 598 1626 641 propter
1642 589 1903 628 excellentiam
1919 591 2077 642 regionis
2094 587 2232 642 l‘espa-

125 647 329 700 (ianmstbi
340 643 656 701 propriamfecit,
683 655 727 685 ut
742 650 967 699 praeazt‘lum
995 647 1054 697 esf.
1094 646 1217 686 Porro
1236 646 1390 700 plurimi
1414 644 1627 684 existimant
1649 644 1686 683 in
1711 645 1898 685 Suetonio
1922 644 2127 698 legendum
2155 643 2232 684 este

126 702 342 742 'fracheam
363 703 537 742 Ciliciam
556 707 594 741 ὅ(
611 703 900 755 Comagenem,
931 702 1042 756 quod
1060 701 1279 741 Antiochus
1298 701 1385 741 Rex
1404 701 1651 754 Comagenes
1670 700 1888 741 'I'racheam
1910 701 2025 740 etiam
2050 700 2230 743 Ciliciam

127 758 319 805 habuerit,
353 770 394 798 ut
422 758 547 797 innuit
569 759 649 797 Sex.
679 760 770 797 Aur.
794 758 929 798 Victor
954 759 992 797 in
1015 756 1097 809 ejus
1117 757 1219 797 vita:
1248 755 1436 807 Syriafi’u
1467 755 1692 807 Palaestina,
1721 771 1861 796 necnon
1880 756 2018 797 Cilicia
2037 755 2231 803 Trachea,

129 812 177 857 ἄν
203 815 447 867 Commagene
465 814 679 866 provinciis
700 812 885 864 acccffire.
929 813 1005 853 Sed
1033 812 1239 866 Eutropius
1267 812 1329 851 lib.
1357 824 1391 862 7.
1422 824 1624 865 utramque
1653 813 1891 865 provinciam
1919 822 2197 852 commemorat
2220 825 2231 852 ε

125 871 230 908 Item
250 867 474 914 Thraciam,
504 867 679 907 Ciliciam
699 868 926 913 Traeheum,
955 867 1003 910 (ἐφ’
1025 869 1326 921 Commagenem,
1355 867 1519 922 quaesitb
1534 868 1666 906 amicis
1684 868 1852 922 Regillus
1869 876 2000 914 erant,
2028 882 2067 905 in
2078 869 2236 920 pro-vin·

127 926 228 963 ciam
243 923 395 978 redegit.
428 923 608 963 Deultani
622 924 662 962 in
680 922 859 976 Philippo
878 922 1162 975 AEsculapium‚
1192 924 1231 962 in
1256 922 1422 967 Otacilia
1447 923 1541 962 vero
1563 922 1758 977 Hygeiam
1784 924 1866 978 ejus
1890 924 1968 965 Dei
1995 921 2111 964 filiam
2128 924 2233 974 caelaq

127 990 237 1025 runt,
266 990 308 1018 ut
323 979 475 1032 utrique
495 978 591 1018 sacra
608 992 680 1032 pro
704 978 948 1032 Imperatoris
966 981 1005 1016 δε
1022 978 1206 1031 Augustae
1224 977 1339 1018 salute
1357 978 1393 1021 se
1412 977 1539 1019 fecisse
1561 977 1801 1022 denotarent.

181 1056 266 1101 Hic
280 1070 450 1100 nummus
458 1056 637 1110 stcundae
644 1056 784 1113 formae
803 1057 904 1095 inter
920 1056 1080 1094 rariores
1097 1057 1360 1097 numerandus.

864 1158 1497 1205 HELIOPOLIS.

126 1798 155 1824 o
168 1797 192 1823 T
205 1796 232 1823 A
247 1796 269 1823 c
282 1795 296 1821 1
309 1795 361 1822 LI
375 1795 401 1821 A
435 1795 453 1821 s
468 1796 490 1821 E
504 1795 564 1831 γε
579 1795 608 1822 R
624 1795 662 1821 A.
695 1795 720 1821 A
737 1797 814 1823 vo.
844 1782 978 1838 Caput
994 1781 1170 1824 Otaciliae
1185 1782 1341 1824 Severae.

182 1853 206 1880 c
218 1853 244 1878 o
259 1853 295 1878 L.
339 1851 352 1877 1
367 1852 389 1877 v
404 1852 441 1877 r..
484 1852 510 1877 A
525 1851 551 1876 v
563 1852 602 1877 G.
645 1851 667 1877 12
680 1852 702 1876 Ε
715 1853 750 1878 L.
790 1853 818 1878 H
832 1854 852 1878 r,
863 1853 902 1879 L.
944 1839 1099 1880 Colonia
1123 1839 1242 1893 Julia
1269 1837 1441 1893 Augusta
1469 1836 1582 1878 Felix
1608 1835 1817 1890 Heliopolis
1843 1835 1904 1877 vel
1934 1833 2235 1888 Heliopolitana:

233 1893 380 1934 Mulier
398 1893 497 1933 stans
514 1893 581 1933 sub
599 1892 781 1933 Fortunae
797 1894 944 1950 effigie,
973 1895 1060 1935 duae
1075 1895 1260 1936 icunculae
1275 1895 1399 1935 viriles
1414 1908 1485 1949 pro
1500 1894 1664 1948 pedibus
1680 1893 1763 1946 ejus
1781 1892 1871 1933 hinc
1888 1895 1926 1932 δε
1943 1890 2034 1931 inde
2053 1891 2232 1932 vexillum

234 1961 395 2011 gerunt,
425 1948 512 1989 dux
530 1950 622 1990 vero
643 1949 818 1991 mulieres
834 1952 953 2006 cippo
969 1951 1158 2007 impolitae
1172 1950 1302 1995 velum
1321 1950 1433 2005 supra
1450 1962 1567 2005 caput
1592 1949 1777 1991 Fortunae
1801 1947 1964 1990 volitans
1985 1947 2160 1989 manibus
2175 1959 2234 1988 re-

235 2015 369 2046 tinent.

177 2083 459 2138 Heliopolitani
485 2083 705 2139 Coelesyriae
730 2084 897 2140 Philippi
925 2085 1099 2133 studiosi,
1130 2085 1299 2126 eundem
1324 2084 1473 2125 nummi
1496 2095 1634 2136 typum
1656 2081 1834 2122 Otaciliae
1862 2093 1981 2135 quem
2007 2080 2238 2136 Imperatori

122 2139 394 2196 percusserunt.
425 2138 631 2179 Mulierem
652 2141 834 2186 stantem,
866 2142 966 2181 urbis
984 2143 1155 2182 Genium
1175 2141 1457 2182 seu-tutelarem
1482 2138 1609 2177 Deam
1635 2150 1726 2177 cum
1751 2136 1785 2177 F
1787 2148 1936 2178 ortunae
1959 2137 2150 2178 attributis
2177 2151 2232 2178 re-

121 2195 346 2250 praesentare
362 2194 553 2239 diximus;
582 2194 775 2234 icunculas
796 2195 906 2247 juxta
935 2193 1051 2249 iplius
1074 2196 1217 2250 pedes,
1246 2195 1296 2234 ad
1320 2193 1607 2242 Veteranorum
1624 2193 1796 2238 Genios,
1826 2191 1963 2232 vexilla
1984 2192 2033 2232 ad
2054 2192 2234 2235 Coloniae

121 2250 308 2306 originem
330 2249 591 2290 denotandam
609 2262 783 2304 gerentes
804 2250 1000 2290 retulimus
1018 2271 1030 2296 ς
1060 2252 1236 2290 mulieres
1257 2249 1428 2301 denique
1447 2249 1566 2300 cippo
1588 2246 1804 2300 impofitas,
1832 2247 1959 2287 velum
1977 2247 2046 2287 sub
2066 2249 2150 2300 ejus
2174 2264 2234 2291 ca-

119 2307 200 2360 pite
217 2306 379 2345 volitans
401 2304 638 2351 detinentes,
668 2304 782 2357 ipsius
806 2304 901 2342 Deae
916 2303 1142 2344 Sacerdotes
1158 2308 1331 2358 augurati
1348 2303 1488 2344 sumus.
1519 2300 1709 2342 Lucianus
1724 2302 1875 2356 Junoni
1892 2302 2031 2342 sacram
2053 2304 2128 2343 esse
2147 2305 2233 2346 He-

118 2360 292 2415 liopolim
312 2371 454 2405 narrat,
482 2360 520 2398 in
539 2374 615 2413 qua
632 2359 727 2399 Deae
745 2359 913 2398 Ministri
930 2359 1136 2413 postquam
1157 2359 1193 2398 se
1214 2358 1460 2399 exsecuissent
1473 2385 1484 2404 ,
1514 2357 1716 2398 muliebres
1734 2358 1855 2398 vestes
1875 2359 2069 2413 gerebant.
2101 2364 2156 2399 Καὶ
2174 2373 2230 2412 ripn

121 2413 319 2463 xocgygoffloa
334 2418 482 2460 τέμνον,τε4
502 2415 540 2456 dl]
553 2413 589 2447 ὧν
608 2417 711 2452 ἑυῧ·ἦι-υι
728 2413 745 2458 ‘j
761 2412 819 2448 ὅιδε
839 2412 895 2448 csn‘.
913 2414 953 2449 ’ἔτι
970 2414 1109 2459 αἶνᾶᾣηίῖω
1128 2414 1233 2459 ’ἔχεο-ι,
1257 2414 1334 2447 oeno&
1350 2411 1398 2457 49.)
1414 2412 1525 2459 &lyam-⁰2
1540 2427 1568 2447 τε
1584 2412 1749 2459 γιωοακῆῖα
1765 2417 1900 2456 φορέεσι,
1925 2413 1972 2459 <9221
1991 2415 2056 2461 2³3>oe
2073 2420 2227 2460 yiwoumiv

121 2470 305 2503 ἑῑᾶητελέεσι.
333 2462 484 2515 Junoni
493 2462 759 2516 gratificantes
774 2476 889 2518 quare
906 2462 1139 2515 castrantur,
1165 2477 1233 2502 nec
1247 2461 1398 2502 virilem
1413 2461 1590 2510 vestitum
1604 2464 1763 2517 amplius
1778 2463 1921 2503 habent
1931 2490 1942 2509 ‚
1957 2462 2036 2514 sed
2047 2462 2094 2507 ἄν
2111 2465 2231 2516 vestes

121 2521 316 2560 muliebres
323 2529 466 2573 gerunt
477 2547 488 2565 ‚
519 2517 566 2561 dy
583 2518 777 2557 muliebria
792 2528 901 2571 opera
916 2517 1131 2569 conficiunt.
1165 2518 1323 2558 Amicus
1340 2516 1401 2556 hic
1422 2517 1634 2558 Fortunam
1653 2522 1691 2557 &
1717 2532 1796 2557 non
1808 2518 2010 2571 Junonem
2028 2520 2231 2571 repraesen-

121 2577 191 2617 tari
206 2575 359 2628 objicit,
389 2574 452 2613 sed
478 2572 842 2627 AntiquiJunonem
863 2587 935 2627 pro
951 2574 1074 2613 Terra
1091 2573 1290 2619 colebant,
1317 2572 1527 2626 audiatque
1538 2573 1753 2614 Varronem
1773 2588 1781 2613 :
1807 2572 1918 2626 Juno
1936 2574 2229 2627 vocaturJovis

121 2631 282 2682 conjux,
312 2627 358 2673 dy
382 2631 415 2668 is
441 2629 602 2675 Colum,
631 2629 712 2668 haec
742 2628 881 2675 Terra,
911 2642 994 2684 quae
1019 2629 1146 2668 eadem
1170 2627 1307 2668 Tellus.
1351 2630 1413 2668 An
1441 2643 1489 2668 ne
1517 2629 1651 2669 melius
1675 2629 1806 2684 effingi
1828 2629 1952 2683 potest
1973 2631 2091 2670 Terra
2109 2632 2228 2685 quam

120 2687 188 2727 sub
207 2686 329 2726 forma
347 2685 512 2725 mulieris
530 2685 662 2725 dextra
680 2695 897 2730 temonem,
928 2684 1068 2724 finistra
1083 2684 1329 2738 cornucopiae
1345 2685 1513 2739 gerentis
1531 2688 1546 2726 ?
1562 2697 1719 2727 temone
1734 2686 1895 2745 quidem
1911 2687 2023 2728 maris
2036 2687 2226 2742 potestas,

117 2742 364 2796 cornucopiae
384 2754 476 2781 vero
493 2753 599 2781 terrae
614 2739 849 2781 abundantia
869 2739 1098 2795 designatur.

177 2819 257 2863 Hic
272 2832 442 2865 nummus
454 2821 587 2875 primae
601 2818 878 2875 magnitudinis
891 2829 961 2875 pro
978 2817 1156 2870 rariffimo
1173 2816 1456 2874 computandus.

167 3452 230 3479 co
244 3451 280 3478 L.
310 3451 338 3477 n
352 3450 374 3475 i:
387 3450 423 3476 ι..
465 3433 621 3475 Colonia
649 3431 869 3487 Heliopolis.
894 3431 944 3473 -In
968 3431 1061 3473 imo.
1098 3446 1127 3474 1.
1164 3447 1206 3474 ο.
1242 3446 1290 3475 Μ.
1326 3447 1368 3475 Η.
1403 3431 1509 3486 Jovi
1533 3435 1687 3490 Optimo
1711 3433 1891 3476 Maximo
1914 3432 2211 3492 Heliopolitana

223 3493 435 3547 Templum
453 3489 623 3544 plurimis
640 3489 828 3530 columnis
852 3500 1051 3535 ornatum,
1080 3499 1169 3531 ante
1186 3489 1327 3544 gradus
1345 3490 1458 3531 arula.

168 3571 261 3613 Hoc
278 3570 464 3626 templum
476 3568 569 3624 Jovi
588 3567 756 3609 dicatum
776 3568 919 3609 indicat
934 3569 1017 3621 ejus
1033 3566 1247 3623 inscriptio,
1275 3568 1378 3622 Jovi
1396 3569 1549 3622 Optimo
1570 3569 1747 3610 Maximo
1764 3569 2045 3626 Heliopolitana
2063 3587 2074 3610 .·
2095 3571 2208 3626 Jupi-

113 3639 171 3669 ter
195 3639 324 3668 autem
350 3627 536 3681 Optimus
566 3624 763 3665 Maximus
796 3624 1090 3680 cognominatus
1113 3624 1192 3670 est,
1220 3623 1330 3680 quod
1348 3625 1440 3665 velit
1459 3628 1497 3664 δε
1514 3624 1627 3679 poffit
1642 3625 1822 3667 omnibus
1837 3627 2021 3682 prodesse.
2061 3627 2204 3668 Cicero

111 3696 201 3723 eum
225 3682 432 3736 Optimum
455 3681 614 3735 quidem
638 3693 844 3733 antequam
873 3680 1089 3719 Maximum
1117 3691 1262 3727 narrat,
1291 3680 1380 3733 quia
1406 3681 1528 3735 majus
1551 3681 1606 3721 est
1621 3683 1745 3728 certe,
1772 3683 1989 3738 gratiusque
2006 3681 2181 3735 prodesse
2190 3708 2205 3728 ,

109 3739 228 3792 quam
248 3751 403 3792 magnas
418 3750 514 3791 opes
533 3735 673 3776 habere
694 3749 702 3774 :
730 3735 796 3775 sed
815 3736 947 3786 lovem
964 3734 1172 3787 Optimum
1191 3735 1409 3776 Maximum
1432 3735 1600 3776 eundern
1619 3736 1694 3778 effe
1710 3737 1851 3778 Romae
1869 3753 1914 3778 ac
1933 3736 2202 3790 Capitolinum

110 3793 270 3846 quidam
291 3804 473 3847 putarunt
485 3819 496 3837 ‚
525 3804 643 3845 quem
658 3789 782 3831 Forfiin
803 3791 994 3836 Romani,
1022 3791 1111 3831 cum
1129 3790 1275 3831 Coloni
1291 3791 1531 3846 Heliopolim
1543 3793 1748 3840 veniss'ent,
1767 3793 1818 3834 de
1835 3794 1936 3834 urbis
1951 3793 2108 3832 nomine
2125 3792 2205 3832 He-

110 3848 366 3901 liopolitanum
382 3847 628 3901 appellarunt.
666 3845 787 3886 Porro
804 3846 939 3899 Iovem
956 3845 1222 3898 Capitolinum
1239 3847 1353 3887 etiam
1371 3846 1477 3900 apud
1487 3847 1646 3888 Graecos
1662 3848 1806 3890 cultum
1825 3848 1938 3888 tradit
1951 3847 2151 3888 Paufimias
2166 3847 2208 3888 in

68 3929 71 3931 -
110 3903 287 3947 Corinth.
309 3903 390 3944 imo
407 3901 624 3943 Antiochiae
642 3901 891 3958 magnificum
910 3901 992 3955 ejus
1011 3900 1119 3944 fuisse
1140 3901 1329 3956 templum
1344 3902 1476 4000 Livii}
1493 3902 1610 3945 refert
1627 3903 1690 3945 lib.
1710 3918 1742 3945 1.
1760 3903 1907 3945 Decad.
1926 3915 1958 3954 5.
1989 3901 2049 3945 Et
2065 3903 2207 4002 Aigio-

1504 3971 1525 4011 3
2094 3969 2116 3996 C
2142 3968 2189 3996 1ae
2203 3979 2217 4005 2
