2574 4214
304 184 393 226 188
840 180 1825 233 M.AURELIUS.

355 244 477 286 Mons
500 244 561 286 ille
574 272 586 292 ,
617 244 922 288 Acrocorinthus
941 246 995 288 est
1012 268 1024 295 ς
1053 249 1240 303 templum
1264 262 1393 291 autem
1410 251 1553 293 Veneri
1571 252 1739 294 dicatum
1757 280 1768 300 ,
1799 252 1908 299 cuius
1929 253 2110 309 frequens
2128 264 2242 309 typus
2261 257 2299 296 in
2316 256 2399 298 Co·-

300 301 417 342 rinthi
442 302 608 342 nummis
624 301 764 342 visitur.
801 303 908 343 Hinc
927 306 964 342 &
984 303 1076 344 inde
1093 316 1203 360 porta
1220 306 1270 345 ad
1286 306 1432 347 radices
1450 309 1591 349 montis
1608 335 1620 355 ,
1647 308 1742 348 duas
1758 310 1834 349 ess'e
1850 309 1898 348 ad
1922 311 2189 350 Acrocorinthi
2207 313 2398 355 ascensum

299 357 380 396 vias
398 358 565 398 indicare
585 356 743 397 videtur.
783 360 951 399 Arbores
974 373 1023 398 an
1047 360 1085 399 in
1106 375 1154 400 eo
1174 361 1263 400 loco
1290 361 1374 402 fitas
1395 362 1572 404 ostendat
1592 377 1771 404 nummus
1785 392 1797 411 ,
1826 366 2011 405 incertum
2027 367 2081 406 est
2097 386 2108 412 3
2137 381 2184 406 an
2203 370 2294 408 vero
2311 370 2397 411 duae

299 412 372 452 illae
392 412 482 459 fint,
512 426 607 467 quas
626 413 808 454 Corinthi
823 415 941 455 cultas
960 426 1150 455 memorat
1166 414 1388 464 Pausanias,
1416 419 1551 471 pinum
1572 418 1728 466 scilicet,
1756 435 1842 474 quae
1860 422 1897 460 in
1916 422 2080 462 nummis
2095 435 2181 462 cum
2197 423 2395 467 Melicerta

300 466 522 522 frequenter
538 468 723 524 signatum
752 473 790 510 &
806 470 960 510 alteram
978 469 1161 516 Penthei,
1190 470 1241 510 de
1264 485 1342 524 qua
1360 473 1400 512 in
1420 472 1595 527 sequenti
1611 488 1793 522 nummo,
1821 476 2033 530 dijudicent
2053 478 2278 532 Antiquarii.

353 545 438 587 Hic
457 560 628 587 nummus
644 547 916 602 mediaeformae
927 575 940 596 ,
968 547 992 588 ιὶ
1010 548 1160 589 Patina
1170 560 1264 606 pag.
1286 563 1305 590 2
1313 553 1378 604 36.
1396 550 1601 606 vussatus,
1628 554 1728 594 inter
1744 557 1902 596 rariores
1917 555 2192 609 affiribendus.

295 1092 358 1121 ΙΜ
371 1094 403 1120 Ρ.
436 1094 486 1120 M.
519 1094 544 1118 A
559 1093 588 1119 N
604 1093 627 1118 T
640 1093 666 1119 o
681 1093 711 1118 N
723 1093 738 1119 1
752 1093 780 1120 N
796 1095 822 1120 v
836 1094 868 1120 s.
902 1095 929 1120 A
943 1093 1019 1121 νο.
1054 1094 1081 1120 A
1095 1096 1125 1122 R
1137 1095 1174 1121 Μ
1186 1095 1224 1122 E.
1262 1082 1397 1138 Caput
1411 1082 1471 1123 M.
1490 1082 1635 1123 Aurelii
1648 1082 1866 1125 laureatum.

349 1151 386 1176 c.
418 1151 458 1176 L.
491 1149 516 1175 1.
549 1151 571 1176 c
585 1150 611 1175 o
626 1148 668 1175 R.
702 1136 856 1176 Coloma
872 1135 981 1176 Laus
995 1136 1115 1189 Julia
1133 1138 1353 1179 Corinthus.
1390 1140 1520 1181 Arbor
1534 1138 1646 1192 super
1668 1154 1770 1180 aram
1788 1138 2025 1194 quadratam.

348 1214 465 1253 Hanc
481 1214 657 1254 arborem
675 1229 747 1255 arae
764 1214 980 1269 impolitam
999 1215 1037 1255 P.
1050 1216 1278 1257 Harduinus
1294 1231 1382 1273 pag.
1402 1232 1414 1256 ι
1427 1231 1446 1258 2
1459 1231 1490 1270 5.
1510 1217 1559 1258 ad
1578 1218 1771 1258 historiam
1790 1218 1951 1258 Penthei
1965 1230 2141 1265 revocat,
2170 1232 2287 1274 quem
2305 1219 2402 1263 Pau-

293 1270 412 1310 sanias
433 1271 472 1309 iu
489 1270 749 1311 Corinthiacis
771 1272 887 1311 tradit
908 1272 956 1311 ad
977 1285 1152 1313 montem
1176 1273 1446 1314 Citherontem
1465 1272 1682 1328 profestum
1696 1302 1707 1321 ,
1737 1287 1778 1315 ut
1794 1273 2036 1314 foeminarum
2052 1287 2186 1329 operta
2202 1276 2299 1316 sacra
2317 1277 2400 1332 spe-

291 1326 504 1371 cularetur,
534 1326 572 1365 in
589 1326 765 1367 arborem
782 1327 986 1368 ascendisse
1004 1355 1015 1374 ‚
1045 1339 1165 1382 atque
1181 1329 1272 1369 inde
1292 1331 1422 1370 omnia
1438 1330 1719 1384 conspicatum-,
1750 1330 1859 1384 quod
1877 1331 1965 1370 cum
1986 1331 2145 1370 ssacchae
2161 1332 2402 1374 animadver-

292 1381 440 1428 tissent,
470 1382 617 1435 impetu
647 1382 749 1423 fasto
775 1383 970 1423 viventem
998 1397 1087 1423 eum
1115 1384 1310 1432 lacerasse,
1339 1400 1383 1425 ac
1399 1386 1639 1426 membratim
1660 1384 1888 1439 discerpliffe
1905 1399 2175 1427 memorantur.
2205 1387 2404 1431 Corinthii

290 1436 489 1477 redditum
508 1437 575 1477 sibi
595 1438 727 1490 postea
751 1439 949 1478 oraculum
966 1453 1119 1481 narrant
1138 1441 1241 1495 apud
1266 1441 1489 1481 Pausaniam
1511 1441 1573 1481 lib.
1594 1455 1629 1481 2.
1651 1456 1736 1497 pag.
1759 1444 1821 1487 89.
1861 1445 2030 1491 Ανώρόντας
2053 1445 2086 1479 τὸ
2109 1446 2217 1492 δένδῂον
2240 1447 2331 1481 &aava
2353 1448 2401 1482 ῖσκ

293 1501 337 1542 τῷ
349 1498 407 1541 θεῷ
420 1498 523 1531 net-ff.
564 1493 621 1534 Ut
645 1509 727 1535 eam
749 1502 917 1534 arborem
942 1505 1172 1550 quaererent,
1200 1494 1249 1540 &⁶
1277 1498 1447 1536 inventae
1471 1496 1624 1536 divinos
1642 1498 1799 1537 honores
1814 1497 2005 1538 haberent.
2052 1497 2128 1539 Sed
2144 1498 2300 1541 Patinus
2315 1514 2399 1556 pag.

297 1564 318 1591 2
325 1557 388 1603 36,
412 1550 463 1590 ad
485 1549 725 1590 Melicertam
747 1551 936 1604 pertinere
953 1565 1156 1592 nummum
1177 1552 1386 1599 existimat,
1425 1552 1475 1593 de
1491 1553 1628 1607 quoin
1650 1552 1770 1594 Vero.

350 1628 435 1669 Hic
453 1642 625 1669 nummus
644 1630 792 1669 minimi
810 1630 972 1676 moduli,
1001 1629 1026 1670 d
1046 1631 1196 1671 Patino
1211 1629 1396 1686 vussatus
1404 1642 1448 1686 p.
1471 1636 1559 1686 236.
1574 1633 1677 1673 inter
1693 1631 1935 1686 elegantiores
1949 1632 2210 1673 numerandus.

349 2247 368 2274 1
380 2246 399 2273 s
413 2245 437 2273 T
450 2247 478 2273 n
492 2245 528 2272 M
541 2245 557 2272 1
572 2232 615 2273 A]
643 2231 681 2271 in
699 2243 845 2272 corona
863 2242 911 2271 ex
929 2228 1023 2285 pinu
1040 2231 1238 2271 contexta}

350 2314 430 2354 Hic
450 2325 631 2352 nummus
649 2309 793 2351 etiamfi
814 2311 917 2351 urbis
935 2323 1078 2351 nomen
1099 2323 1178 2350 non
1194 2305 1355 2356 habeat,
1382 2306 1432 2350 ad
1449 2307 1686 2350 Corinthum
1706 2320 1832 2350 tamen
1854 2308 2020 2362 speflare
2038 2309 2211 2358 videtur,
2239 2311 2278 2351 in
2294 2313 2405 2367 cujus

294 2371 371 2412 Isth
381 2384 443 2409 mo
462 2368 669 2408 certamina
692 2366 872 2406 Isthmica
892 2367 1206 2411 celebrabantur,
1239 2379 1325 2421 quae
1344 2365 1366 2405 a
1380 2365 1539 2405 Theseo
1555 2365 1593 2404 in
1610 2365 1798 2406 honorem
1823 2365 2020 2419 Neptuni,
2051 2367 2106 2406 vel
2137 2368 2157 2406 a
2185 2367 2347 2422 Sisypho
2365 2371 2405 2410 in

292 2425 519 2468 Palaemonis
546 2422 773 2464 memoriam
796 2422 987 2468 instituta,
1015 2422 1054 2463 in
1082 2420 1249 2462 Nerone
1281 2420 1476 2468 diximu83
1504 2419 1614 2476 quod
1639 2420 1841 2461 conciliare
1871 2420 2020 2460 videtur
2045 2421 2287 2470 Plutarchus,
2315 2425 2407 2467 cum

293 2497 338 2524 ea
363 2482 513 2521 initium
539 2478 710 2520 habuisse
730 2492 777 2518 ex
805 2478 1030 2530 Melicerta,
1060 2477 1202 2518 deinde
1220 2477 1273 2518 ob
1293 2477 1530 2532 Neptunum
1550 2476 1728 2531 ampliata
1745 2476 1978 2516 demonstret
1996 2477 2032 2514 in
2050 2477 2212 2531 rl'hcleo-
2231 2493 2316 2533 pag.
2345 2493 2404 2521 11.

296 2539 495 2584 Φιλοπμηὲτὶς
512 2536 594 2581 οἴγειν
610 2537 662 2572 τές
679 2534 819 2570 Ξνλῑαίοις·
846 2536 860 2569 ὅ
877 2534 908 2578 ᾧ
922 2537 969 2568 ἐπὶ
987 2533 1154 2580 Μελικέρτῄ
1172 2534 1258 2576 τεθεὶς
1273 2532 1399 2573 dudem,
1426 2531 1524 2568 νυκτός
1540 2532 1657 2576 ἐιῆκξὶω,
1683 2535 1801 2587 unser-Ze
1818 2532 1892 2578 ’έχων
1907 2535 2015 2578 μᾶλον
2033 2531 2046 2569 ἦ
2061 2533 2173 2589 Sintes}
2192 2538 2403 2589 Qvnwaicpff

293 2591 386 2633 w'gw.
418 2586 543 2641 Qud
559 2586 657 2624 enim
675 2582 862 2623 ludicrum
882 2584 923 2623 in
940 2582 1162 2622 Melicertes
1179 2581 1352 2622 honorem
1369 2590 1585 2635 conceptum
1605 2580 1712 2620 node
1733 2580 1814 2620 zlltc
1824 2580 2096 2636 peragebatur,
2123 2596 2164 2621 tn
2182 2591 2240 2622 tta
2251 2583 2404 2635 potius,

292 2646 408 2701 quam
420 2640 676 2695 spec‘tac'ulum
693 2636 741 2682 ἔγ
757 2638 960 2679 celebritas·
968 2638 1124 2692 publica
1140 2636 1371 2690 censebatur.
1411 2636 1475 2677 De
1493 2636 1568 2677 Isth
1575 2636 1760 2676 micorum
1777 2635 1957 2677 ludorum
1975 2637 2238 2678 celebrationis
2255 2651 2406 2693 tempo-

293 2715 334 2742 re
359 2696 649 2739 controversum
675 2695 855 2741 videtur·,
882 2695 1036 2749 plurimi
1062 2697 1265 2740 πενππωικέν
1289 2706 1457 2750 agonem
1484 2705 1527 2734 ut
1543 2692 1637 2733 alios
1656 2692 1890 2740 existimant,
1917 2693 1979 2734 alii
1994 2695 2206 2737 refe-:wudu
2235 2693 2311 2734 hoc
2325 2694 2415 2742 est,.

293 2756 409 2798 tertio
435 2767 598 2807 quoque
623 2766 727 2792 anno
750 2751 982 2792 celebratum
1009 2762 1171 2804 putant:
1197 2750 1313 2807 'quod
1328 2750 1516 2790 Pindarus
1531 2747 1650 2789 Nem.
1665 2747 1748 2788 Od.
1769 2754 1805 2790 6.
1821 2748 1891 2803 Ep.
1915 2762 1950 2789 2.
1969 2754 2008 2790 &
2025 2751 2160 2789 Graeca
2176 2763 2338 2803 quoque
2355 2748 2405 2790 ad

293 2812 419 2866 ipsum
449 2809 592 2849 scholia
615 2807 885 2861 comprobant.
918 2807 1104 2847 Aristides
1118 2807 1232 2848 etiam
1248 2805 1405 2848 Rhetor
1420 2805 1470 2845 de
1486 2804 1635 2845 isthmo
1655 2803 1910 2845 Corinthiaco
1927 2818 2014 2861 pag.
2039 2818 2131 2844 1¹02.
2151 2805 2334 2858 loquens,
2364 2804 2406 2846 id

294 2867 558 2923 pereleganter
575 2864 750 2916 explicat.
779 2863 937 2902 Isthmia
955 2862 1203 2917 vero-Iuliani
1220 2862 1321 2916 Imp.
1340 2861 1579 2914 temporibus
1594 2861 1694 2900 intra
1709 2861 1884 2914 quinque
1901 2874 2023 2901 annos
2041 2859 2228 2914 duplicia,
2255 2860 2333 2901 hoc
2350 2861 2405 2902 est

296 2925 354 2964 bis
374 2922 563 2962 celebrata
581 2919 781 2965 videntur,
809 2930 852 2958 ut
869 2919 930 2958 ille
951 2918 1107 2959 testatur
1123 2919 1162 2957 in
1181 2917 1301 2971 Epist.
1322 2929 1395 2970 pro
1415 2917 1568 2971 Argivis
1588 2931 1595 2955 :
1623 2918 1699 2966 Πςδς
1720 2918 1753 2952 δὲ
1775 2917 1866 2954 τίπις
1890 2923 1987 2952 naam
2007 2916 2060 2963 ,ιὸζύ
2081 2917 2129 2961 ερὲς
2154 2922 2273 2965 Δελφοὶ
2292 2919 2356 2965 2133
2372 2920 2403 2955 «εἰ

295 2975 515 3025 πλυὲςυγὶκίτε
531 2974 758 3014 πῖνπετηώὸος
773 2972 860 3014 ἅπαξ
878 2974 1022 3010 {Dr-inni&
1037 2973 1165 3014 εἰώθασι·
1191 2972 1274 3007 dioilo&
1287 2974 1321 3006 δέ
1337 2976 1376 3008 ἑςι
1395 2975 1502 3016 Νέμεα
1516 2970 1594 3015 Q
1607 2981 1665 3007 τοῖς
1678 2974 1800 3018 Δωρίοις
1816 2994 1827 3010 ,
1848 2970 1984 3018 »καθ-πένης
2004 2973 2114 3027 {⁰9⁹¹oe
2136 2970 2214 3016 ,σωθῇ
2229 2972 2404 3013 Κοϋνθῖοις.

297 3029 497 3068 ‘Praeterea
520 3024 611 3064 Elei
628 3021 676 3066 ἄν
694 3022 846 3076 ‘Delpht
858 3031 1012 3076 propter
1025 3021 1166 3061 nobiles
1181 3020 1271 3061 illas
1287 3019 1534 3073 Ogympiadas
1539 3019 1662 3070 semel
1674 3020 1871 3059 duntaxat
1882 3032 2066 3074 pecuutas·
2080 3019 2248 3074 conferre
2253 3020 2402 3072 solent:

296 3091 341 3122 at
359 3081 525 3135 duplicia
545 3079 638 3131 sunt
661 3077 812 3119 Nemea
833 3077 939 3133 apud
958 3078 1151 3130 Argivos,
1165 3075 1271 3127 ficut
1295 3072 1344 3119 ὠ»
1367 3073 1525 3127 Isthmia
1547 3075 1653 3129 apud
1671 3074 1899 3116 Corinthios.
1928 3075 1992 3118 De
2006 3089 2150 3117 corona
2168 3076 2282 3131 pinea
2299 3076 2401 3118 inL.

298 3137 409 3179 Vero
425 3136 533 3178 infra.

353 3216 436 3257 Hic
453 3229 626 3257 nummus
644 3214 842 3254 mediocris
855 3210 995 3253 moduli
999 3221 1073 3266 pro
1091 3224 1176 3251 raro
1191 3209 1393 3251 notandus.

982 3315 1287 3358 HIPPO
1362 3311 1727 3357 REGIUS.

311 3865 338 3892 Α
353 3865 380 3890 ν
393 3865 433 3890 R.
468 3863 493 3889 A
509 3854 577 3889 ΝΤ
589 3862 655 3890 oN
669 3862 684 3889 1
696 3862 727 3889 N
740 3862 767 3888 v
779 3862 814 3889 s.
848 3864 870 3890 c
885 3864 910 3889 A
924 3865 949 3891 E
964 3864 994 3890 s.
1027 3849 1161 3903 Caput
1176 3849 1303 3890 Marci
1319 3847 1464 3890 Aurelii
1482 3847 1560 3889 fine
1575 3845 1711 3888 laurea.
2126 3899 2134 3906 ι

361 3921 394 3948 c.
427 3919 464 3944 G.
498 3919 523 3944 1.
555 3920 594 3945 u.
626 3919 660 3944 P.
694 3920 736 3944 A.
765 3904 923 3946 Colonia
947 3904 1115 3947 Gemella
1138 3903 1257 3958 Julia
1284 3902 1529 3959 Hipponensis
1555 3903 1636 3945 ‘Pia
1659 3899 1846 3956 Augusta.
1880 3898 2003 3958 Ceres
2028 3898 2206 3957 gradiens
2221 3898 2406 3942 ambabus

413 3959 537 4001 facem
551 3959 744 4002 accensam
760 3959 867 4014 gerit.
2341 4007 2408 4050 Ad
