<?xml version="1.0" encoding="UTF-8"?>
<!DOCTYPE html PUBLIC "-//W3C//DTD XHTML 1.0 Transitional//EN"
    "http://www.w3.org/TR/xhtml1/DTD/xhtml1-transitional.dtd">
<html xmlns="http://www.w3.org/1999/xhtml" xml:lang="en" lang="en">
 <head>
  <title>
</title>
<meta http-equiv="Content-Type" content="text/html;charset=utf-8" />
  <meta name='ocr-system' content='tesseract 3.04.00' />
  <meta name='ocr-capabilities' content='ocr_page ocr_carea ocr_par ocr_line ocrx_word'/>
</head>
<body>
  <div class='ocr_page' id='page_1' title='image "./numismatareaim00foyv_0488.png"; bbox 0 0 2491 4219; ppageno 0'>
   <div class='ocr_carea' id='block_1_1' title="bbox 225 86 1678 135">
    <p class='ocr_par' dir='ltr' id='par_1_1' title="bbox 225 86 1678 135">
     <span class='ocr_line' id='line_1_1' title="bbox 225 86 1678 135; baseline 0.003 -7"><span class='ocrx_word' id='word_1_1' title='bbox 225 89 317 129; x_wconf 75' lang='lat'>218</span> <span class='ocrx_word' id='word_1_2' title='bbox 888 86 1165 135; x_wconf 87' lang='lat' dir='ltr'>TREB.</span> <span class='ocrx_word' id='word_1_3' title='bbox 1252 86 1678 135; x_wconf 88' lang='lat' dir='ltr'>GALLUS.</span> 
     </span>
    </p>
   </div>
   <div class='ocr_carea' id='block_1_2' title="bbox 223 149 2408 924">
    <p class='ocr_par' dir='ltr' id='par_1_2' title="bbox 224 149 2408 548">
     <span class='ocr_line' id='line_1_2' title="bbox 279 149 2334 209; baseline 0.006 -20"><span class='ocrx_word' id='word_1_4' title='bbox 279 149 444 190; x_wconf 87' lang='lat' dir='ltr'>Plurima</span> <span class='ocrx_word' id='word_1_5' title='bbox 471 150 567 205; x_wconf 69' lang='lat' dir='ltr'>Tyri</span> <span class='ocrx_word' id='word_1_6' title='bbox 595 151 697 192; x_wconf 85' lang='lat' dir='ltr'>edita</span> <span class='ocrx_word' id='word_1_7' title='bbox 719 151 828 193; x_wconf 65' lang='lat' dir='ltr'>fuisse</span> <span class='ocrx_word' id='word_1_8' title='bbox 852 155 1058 193; x_wconf 83' lang='lat' dir='ltr'>certamina</span> <span class='ocrx_word' id='word_1_9' title='bbox 1085 153 1201 207; x_wconf 74' lang='lat' dir='ltr'>ipsius</span> <span class='ocrx_word' id='word_1_10' title='bbox 1226 155 1375 194; x_wconf 86' lang='lat' dir='ltr'>nummi</span> <span class='ocrx_word' id='word_1_11' title='bbox 1400 169 1472 195; x_wconf 83' lang='lat' dir='ltr'>nos</span> <span class='ocrx_word' id='word_1_12' title='bbox 1499 155 1717 197; x_wconf 78' lang='lat' dir='ltr'>docuerunt</span> <span class='ocrx_word' id='word_1_13' title='bbox 1728 181 1739 200; x_wconf 93' lang='lat'>,</span> <span class='ocrx_word' id='word_1_14' title='bbox 1774 152 1841 194; x_wconf 80' lang='lat' dir='ltr'>sed</span> <span class='ocrx_word' id='word_1_15' title='bbox 1867 154 2062 209; x_wconf 75' lang='lat' dir='ltr'>praecipue</span> <span class='ocrx_word' id='word_1_16' title='bbox 2092 170 2119 196; x_wconf 82' lang='lat' dir='ltr'>A</span> <span class='ocrx_word' id='word_1_17' title='bbox 2133 171 2155 198; x_wconf 89' lang='lat' dir='ltr'>e</span> <span class='ocrx_word' id='word_1_18' title='bbox 2169 171 2193 198; x_wconf 84' lang='lat'>1·</span> <span class='ocrx_word' id='word_1_19' title='bbox 2207 174 2222 199; x_wconf 88' lang='lat'>1</span> <span class='ocrx_word' id='word_1_20' title='bbox 2234 172 2258 200; x_wconf 80' lang='lat' dir='ltr'>A</span> <span class='ocrx_word' id='word_1_21' title='bbox 2293 164 2334 201; x_wconf 79' lang='grc' dir='ltr'>δε</span> 
     </span>
     <span class='ocr_line' id='line_1_3' title="bbox 227 208 2334 266; baseline 0.005 -22"><span class='ocrx_word' id='word_1_22' title='bbox 227 218 292 244; x_wconf 72' lang='lat' dir='ltr'>ER</span> <span class='ocrx_word' id='word_1_23' title='bbox 306 220 329 244; x_wconf 81' lang='lat' dir='ltr'>A</span> <span class='ocrx_word' id='word_1_24' title='bbox 346 220 367 244; x_wconf 85' lang='lat' dir='ltr'>c</span> <span class='ocrx_word' id='word_1_25' title='bbox 382 221 405 245; x_wconf 83' lang='lat' dir='ltr'>L</span> <span class='ocrx_word' id='word_1_26' title='bbox 420 220 433 245; x_wconf 92' lang='lat'>1</span> <span class='ocrx_word' id='word_1_27' title='bbox 448 220 474 245; x_wconf 82' lang='lat' dir='ltr'>A</span> <span class='ocrx_word' id='word_1_28' title='bbox 489 234 500 252; x_wconf 92' lang='lat'>,</span> <span class='ocrx_word' id='word_1_29' title='bbox 529 208 584 247; x_wconf 87' lang='lat' dir='ltr'>uti</span> <span class='ocrx_word' id='word_1_30' title='bbox 605 208 735 247; x_wconf 88' lang='lat' dir='ltr'>videre</span> <span class='ocrx_word' id='word_1_31' title='bbox 752 209 807 247; x_wconf 86' lang='lat' dir='ltr'>est</span> <span class='ocrx_word' id='word_1_32' title='bbox 827 210 864 247; x_wconf 90' lang='lat' dir='ltr'>in</span> <span class='ocrx_word' id='word_1_33' title='bbox 883 209 1049 247; x_wconf 87' lang='lat' dir='ltr'>nummis</span> <span class='ocrx_word' id='word_1_34' title='bbox 1070 208 1275 248; x_wconf 78' lang='lat' dir='ltr'>Caracallae</span> <span class='ocrx_word' id='word_1_35' title='bbox 1295 223 1382 264; x_wconf 84' lang='lat' dir='ltr'>pag.</span> <span class='ocrx_word' id='word_1_36' title='bbox 1398 224 1463 260; x_wconf 90' lang='lat'>49.</span> <span class='ocrx_word' id='word_1_37' title='bbox 1494 211 1669 264; x_wconf 81' lang='lat' dir='ltr'>Ipsorum</span> <span class='ocrx_word' id='word_1_38' title='bbox 1686 209 1754 251; x_wconf 72' lang='lat' dir='ltr'>sub</span> <span class='ocrx_word' id='word_1_39' title='bbox 1772 209 1889 250; x_wconf 74' lang='lat' dir='ltr'>Gallo</span> <span class='ocrx_word' id='word_1_40' title='bbox 1912 211 2206 266; x_wconf 78' lang='lat' dir='ltr'>celebrationem</span> <span class='ocrx_word' id='word_1_41' title='bbox 2233 215 2334 255; x_wconf 88' lang='lat' dir='ltr'>indi-</span> 
     </span>
     <span class='ocr_line' id='line_1_4' title="bbox 224 262 2334 320; baseline 0.006 -21"><span class='ocrx_word' id='word_1_42' title='bbox 224 273 311 299; x_wconf 82' lang='lat' dir='ltr'>care</span> <span class='ocrx_word' id='word_1_43' title='bbox 332 262 481 301; x_wconf 77' lang='lat' dir='ltr'>videtur</span> <span class='ocrx_word' id='word_1_44' title='bbox 497 262 560 302; x_wconf 79' lang='lat' dir='ltr'>hic</span> <span class='ocrx_word' id='word_1_45' title='bbox 580 275 716 315; x_wconf 84' lang='lat' dir='ltr'>typus,</span> <span class='ocrx_word' id='word_1_46' title='bbox 745 263 783 302; x_wconf 91' lang='lat' dir='ltr'>in</span> <span class='ocrx_word' id='word_1_47' title='bbox 802 277 882 316; x_wconf 88' lang='lat' dir='ltr'>quo</span> <span class='ocrx_word' id='word_1_48' title='bbox 898 263 979 302; x_wconf 82' lang='lat' dir='ltr'>duo</span> <span class='ocrx_word' id='word_1_49' title='bbox 999 263 1165 303; x_wconf 87' lang='lat' dir='ltr'>Athletae</span> <span class='ocrx_word' id='word_1_50' title='bbox 1187 263 1272 303; x_wconf 85' lang='lat' dir='ltr'>vasa</span> <span class='ocrx_word' id='word_1_51' title='bbox 1294 263 1470 304; x_wconf 80' lang='lat' dir='ltr'>manibus</span> <span class='ocrx_word' id='word_1_52' title='bbox 1491 266 1692 311; x_wconf 78' lang='lat' dir='ltr'>stistinent,</span> <span class='ocrx_word' id='word_1_53' title='bbox 1718 279 1767 305; x_wconf 80' lang='lat' dir='ltr'>ex</span> <span class='ocrx_word' id='word_1_54' title='bbox 1784 266 1925 319; x_wconf 87' lang='lat' dir='ltr'>quibus</span> <span class='ocrx_word' id='word_1_55' title='bbox 1945 267 2082 320; x_wconf 85' lang='lat' dir='ltr'>palmae</span> <span class='ocrx_word' id='word_1_56' title='bbox 2098 271 2191 309; x_wconf 87' lang='lat' dir='ltr'>rami</span> <span class='ocrx_word' id='word_1_57' title='bbox 2207 284 2334 310; x_wconf 83' lang='lat' dir='ltr'>erum-</span> 
     </span>
     <span class='ocr_line' id='line_1_5' title="bbox 225 318 2351 371; baseline 0.006 -18"><span class='ocrx_word' id='word_1_58' title='bbox 225 328 323 367; x_wconf 87' lang='lat' dir='ltr'>punt</span> <span class='ocrx_word' id='word_1_59' title='bbox 346 336 356 361; x_wconf 71' lang='lat'>5</span> <span class='ocrx_word' id='word_1_60' title='bbox 385 318 549 369; x_wconf 73' lang='lat' dir='ltr'>palmam</span> <span class='ocrx_word' id='word_1_61' title='bbox 574 321 666 358; x_wconf 81' lang='lat' dir='ltr'>vero</span> <span class='ocrx_word' id='word_1_62' title='bbox 691 318 730 356; x_wconf 90' lang='lat' dir='ltr'>in</span> <span class='ocrx_word' id='word_1_63' title='bbox 753 318 933 357; x_wconf 89' lang='lat' dir='ltr'>omnibus</span> <span class='ocrx_word' id='word_1_64' title='bbox 956 319 1228 359; x_wconf 82' lang='lat' dir='ltr'>certaminibus</span> <span class='ocrx_word' id='word_1_65' title='bbox 1253 319 1416 359; x_wconf 86' lang='lat' dir='ltr'>concedi</span> <span class='ocrx_word' id='word_1_66' title='bbox 1441 319 1588 360; x_wconf 84' lang='lat' dir='ltr'>solitam</span> <span class='ocrx_word' id='word_1_67' title='bbox 1606 322 1814 361; x_wconf 66' lang='lat' dir='ltr'>vistoribus</span> <span class='ocrx_word' id='word_1_68' title='bbox 1830 321 1953 362; x_wconf 78' lang='lat' dir='ltr'>ass&#39;erit</span> <span class='ocrx_word' id='word_1_69' title='bbox 1967 321 2193 365; x_wconf 83' lang='lat' dir='ltr'>Plutarchus</span> <span class='ocrx_word' id='word_1_70' title='bbox 2209 325 2273 366; x_wconf 89' lang='lat' dir='ltr'>lib.</span> <span class='ocrx_word' id='word_1_71' title='bbox 2283 329 2351 371; x_wconf 73' lang='lat'>.-.8..</span> 
     </span>
     <span class='ocr_line' id='line_1_6' title="bbox 224 371 2408 432; baseline 0.004 -23"><span class='ocrx_word' id='word_1_72' title='bbox 224 371 397 423; x_wconf 63' lang='lat' dir='ltr'>sympos.</span> <span class='ocrx_word' id='word_1_73' title='bbox 408 372 532 412; x_wconf 70' lang='lat' dir='ltr'>Probi.</span> <span class='ocrx_word' id='word_1_74' title='bbox 544 373 673 426; x_wconf 74' lang='lat' dir='ltr'>quaest.</span> <span class='ocrx_word' id='word_1_75' title='bbox 686 386 722 423; x_wconf 75' lang='lat'>4.</span> <span class='ocrx_word' id='word_1_76' title='bbox 735 387 771 426; x_wconf 94' lang='grc' dir='ltr'>Ρ.</span> <span class='ocrx_word' id='word_1_77' title='bbox 785 387 834 425; x_wconf 84' lang='lat'>72</span> <span class='ocrx_word' id='word_1_78' title='bbox 844 387 862 422; x_wconf 63' lang='grc' dir='ltr'><strong>ζ</strong></span> <span class='ocrx_word' id='word_1_79' title='bbox 872 405 878 411; x_wconf 92' lang='grc'><em>.</em></span> <span class='ocrx_word' id='word_1_80' title='bbox 907 383 974 422; x_wconf 69' lang='grc' dir='ltr'>Εφη</span> <span class='ocrx_word' id='word_1_81' title='bbox 989 379 1021 412; x_wconf 60' lang='grc' dir='ltr'>δὲ</span> <span class='ocrx_word' id='word_1_82' title='bbox 1035 380 1147 424; x_wconf 59' lang='grc' dir='ltr'><em>ἕσπρᾶν</em></span> <span class='ocrx_word' id='word_1_83' title='bbox 1161 377 1189 412; x_wconf 77' lang='grc' dir='ltr'>τί</span> <span class='ocrx_word' id='word_1_84' title='bbox 1204 377 1336 417; x_wconf 59' lang='grc' dir='ltr'>δῆπτπῗῧ</span> <span class='ocrx_word' id='word_1_85' title='bbox 1351 377 1473 423; x_wconf 64' lang='grc' dir='ltr'>οἱγιᾶνων</span> <span class='ocrx_word' id='word_1_86' title='bbox 1488 378 1610 419; x_wconf 56' lang='lat' dir='ltr'>§immor</span> <span class='ocrx_word' id='word_1_87' title='bbox 1624 380 1707 416; x_wconf 64' lang='grc' dir='ltr'>ὁὶὶλος</span> <span class='ocrx_word' id='word_1_88' title='bbox 1722 380 1805 414; x_wconf 55' lang='grc' dir='ltr'>ὠλεν</span> <span class='ocrx_word' id='word_1_89' title='bbox 1823 379 1896 425; x_wconf 54' lang='lat' dir='ltr'>izi,</span> <span class='ocrx_word' id='word_1_90' title='bbox 1907 382 1926 413; x_wconf 52' lang='grc' dir='ltr'>’Σὲ</span> <span class='ocrx_word' id='word_1_91' title='bbox 1941 383 1974 416; x_wconf 64' lang='grc' dir='ltr'>δὲ</span> <span class='ocrx_word' id='word_1_92' title='bbox 1992 386 2108 423; x_wconf 64' lang='lat' dir='ltr'>&lt;pulvim</span> <span class='ocrx_word' id='word_1_93' title='bbox 2124 389 2202 432; x_wconf 67' lang='grc' dir='ltr'>κςινῇ</span> <span class='ocrx_word' id='word_1_94' title='bbox 2213 377 2377 431; x_wconf 50' lang='lat' dir='ltr'>miuus-{⁸⁸</span> <span class='ocrx_word' id='word_1_95' title='bbox 2404 387 2408 430; x_wconf 24' lang='lat' dir='ltr'>&#39;v</span> 
     </span>
     <span class='ocr_line' id='line_1_7' title="bbox 225 426 2334 488; baseline 0.007 -24"><span class='ocrx_word' id='word_1_96' title='bbox 225 426 426 465; x_wconf 73' lang='lat' dir='ltr'>‘Dubitare</span> <span class='ocrx_word' id='word_1_97' title='bbox 441 428 619 478; x_wconf 74' lang='lat' dir='ltr'>autemse</span> <span class='ocrx_word' id='word_1_98' title='bbox 636 430 742 467; x_wconf 62' lang='lat' dir='ltr'>aistis</span> <span class='ocrx_word' id='word_1_99' title='bbox 751 455 763 475; x_wconf 88' lang='lat'>,</span> <span class='ocrx_word' id='word_1_100' title='bbox 789 442 954 483; x_wconf 86' lang='lat' dir='ltr'>quanam</span> <span class='ocrx_word' id='word_1_101' title='bbox 973 431 1019 469; x_wconf 88' lang='lat' dir='ltr'>de</span> <span class='ocrx_word' id='word_1_102' title='bbox 1036 431 1150 479; x_wconf 72' lang='lat' dir='ltr'>causa</span> <span class='ocrx_word' id='word_1_103' title='bbox 1169 430 1250 470; x_wconf 83' lang='lat' dir='ltr'>alia</span> <span class='ocrx_word' id='word_1_104' title='bbox 1266 432 1474 470; x_wconf 78' lang='lat' dir='ltr'>certamina</span> <span class='ocrx_word' id='word_1_105' title='bbox 1495 431 1594 472; x_wconf 88' lang='lat' dir='ltr'>alias</span> <span class='ocrx_word' id='word_1_106' title='bbox 1607 433 1775 474; x_wconf 80' lang='lat' dir='ltr'>habeant</span> <span class='ocrx_word' id='word_1_107' title='bbox 1793 448 1970 482; x_wconf 73' lang='lat' dir='ltr'>coronas,</span> <span class='ocrx_word' id='word_1_108' title='bbox 1993 436 2158 488; x_wconf 80' lang='lat' dir='ltr'>palmam</span> <span class='ocrx_word' id='word_1_109' title='bbox 2173 451 2334 479; x_wconf 87' lang='lat' dir='ltr'>commu-</span> 
     </span>
     <span class='ocr_line' id='line_1_8' title="bbox 225 482 2331 548; baseline 0.009 -30"><span class='ocrx_word' id='word_1_110' title='bbox 225 482 325 519; x_wconf 75' lang='lat' dir='ltr'>niter</span> <span class='ocrx_word' id='word_1_111' title='bbox 341 485 474 521; x_wconf 71' lang='lat' dir='ltr'>omnia.</span> <span class='ocrx_word' id='word_1_112' title='bbox 505 483 585 523; x_wconf 78' lang='lat' dir='ltr'>Vas</span> <span class='ocrx_word' id='word_1_113' title='bbox 602 484 641 522; x_wconf 90' lang='lat' dir='ltr'>in</span> <span class='ocrx_word' id='word_1_114' title='bbox 657 485 737 522; x_wconf 89' lang='lat' dir='ltr'>imo</span> <span class='ocrx_word' id='word_1_115' title='bbox 755 484 952 536; x_wconf 82' lang='lat' dir='ltr'>praemium</span> <span class='ocrx_word' id='word_1_116' title='bbox 968 486 1022 526; x_wconf 91' lang='lat' dir='ltr'>est</span> <span class='ocrx_word' id='word_1_117' title='bbox 1039 486 1213 532; x_wconf 66' lang='lat' dir='ltr'>viStoris,</span> <span class='ocrx_word' id='word_1_118' title='bbox 1242 486 1404 540; x_wconf 85' lang='lat' dir='ltr'>plurima</span> <span class='ocrx_word' id='word_1_119' title='bbox 1420 498 1549 527; x_wconf 88' lang='lat' dir='ltr'>autem</span> <span class='ocrx_word' id='word_1_120' title='bbox 1569 489 1811 540; x_wconf 85' lang='lat' dir='ltr'>ponebantur</span> <span class='ocrx_word' id='word_1_121' title='bbox 1828 491 1921 531; x_wconf 89' lang='lat' dir='ltr'>teste</span> <span class='ocrx_word' id='word_1_122' title='bbox 1936 490 2100 546; x_wconf 82' lang='lat' dir='ltr'>Virgilio</span> <span class='ocrx_word' id='word_1_123' title='bbox 2116 492 2272 535; x_wconf 88' lang='lat' dir='ltr'>AEneid.</span> <span class='ocrx_word' id='word_1_124' title='bbox 2294 507 2331 548; x_wconf 88' lang='lat'>5.</span> 
     </span>
    </p>

    <p class='ocr_par' dir='ltr' id='par_1_3' title="bbox 223 539 2278 924">
     <span class='ocr_line' id='line_1_9' title="bbox 718 539 1730 597; baseline 0.007 -20"><span class='ocrx_word' id='word_1_125' title='bbox 718 539 885 578; x_wconf 73' lang='lat' dir='ltr'>Munera</span> <span class='ocrx_word' id='word_1_126' title='bbox 894 543 1080 593; x_wconf 76' lang='lat' dir='ltr'>principio</span> <span class='ocrx_word' id='word_1_127' title='bbox 1096 551 1189 581; x_wconf 76' lang='lat' dir='ltr'>ante</span> <span class='ocrx_word' id='word_1_128' title='bbox 1203 542 1326 581; x_wconf 85' lang='lat' dir='ltr'>oculos</span> <span class='ocrx_word' id='word_1_129' title='bbox 1336 568 1347 587; x_wconf 86' lang='lat'>,</span> <span class='ocrx_word' id='word_1_130' title='bbox 1374 544 1543 597; x_wconf 77' lang='lat' dir='ltr'>circoque</span> <span class='ocrx_word' id='word_1_131' title='bbox 1558 546 1730 584; x_wconf 80' lang='lat' dir='ltr'>locantur</span> 
     </span>
     <span class='ocr_line' id='line_1_10' title="bbox 717 593 1681 652; baseline 0.007 -21"><span class='ocrx_word' id='word_1_132' title='bbox 717 593 766 632; x_wconf 77' lang='lat' dir='ltr'>Iu</span> <span class='ocrx_word' id='word_1_133' title='bbox 787 596 926 641; x_wconf 66' lang='lat' dir='ltr'>medio,</span> <span class='ocrx_word' id='word_1_134' title='bbox 944 597 1053 645; x_wconf 79' lang='lat' dir='ltr'>sacri</span> <span class='ocrx_word' id='word_1_135' title='bbox 1073 596 1257 651; x_wconf 80' lang='lat' dir='ltr'>tripodes,</span> <span class='ocrx_word' id='word_1_136' title='bbox 1285 598 1500 652; x_wconf 66' lang='lat' dir='ltr'>viridefiffle</span> <span class='ocrx_word' id='word_1_137' title='bbox 1519 612 1681 646; x_wconf 83' lang='lat' dir='ltr'>coronae,</span> 
     </span>
     <span class='ocr_line' id='line_1_11' title="bbox 717 649 1331 704; baseline 0.007 -16"><span class='ocrx_word' id='word_1_138' title='bbox 717 649 777 689; x_wconf 85' lang='lat' dir='ltr'>Et</span> <span class='ocrx_word' id='word_1_139' title='bbox 783 650 922 702; x_wconf 83' lang='lat' dir='ltr'>palmae</span> <span class='ocrx_word' id='word_1_140' title='bbox 929 654 1094 704; x_wconf 82' lang='lat' dir='ltr'>pretium</span> <span class='ocrx_word' id='word_1_141' title='bbox 1107 652 1331 692; x_wconf 65' lang='lat' dir='ltr'>victoribus.</span> 
     </span>
     <span class='ocr_line' id='line_1_12' title="bbox 225 697 1998 764; baseline 0.008 -26"><span class='ocrx_word' id='word_1_142' title='bbox 225 697 270 738; x_wconf 81' lang='lat' dir='ltr'>N</span> <span class='ocrx_word' id='word_1_143' title='bbox 272 711 398 740; x_wconf 86' lang='lat' dir='ltr'>onnus</span> <span class='ocrx_word' id='word_1_144' title='bbox 419 700 614 741; x_wconf 80' lang='lat' dir='ltr'>Bacchum</span> <span class='ocrx_word' id='word_1_145' title='bbox 632 716 820 745; x_wconf 84' lang='lat' dir='ltr'>memorat</span> <span class='ocrx_word' id='word_1_146' title='bbox 836 705 1061 760; x_wconf 80' lang='lat' dir='ltr'>argenteum</span> <span class='ocrx_word' id='word_1_147' title='bbox 1079 720 1262 748; x_wconf 86' lang='lat' dir='ltr'>craterem</span> <span class='ocrx_word' id='word_1_148' title='bbox 1280 722 1353 763; x_wconf 90' lang='lat' dir='ltr'>pro</span> <span class='ocrx_word' id='word_1_149' title='bbox 1372 709 1580 749; x_wconf 79' lang='lat' dir='ltr'>certamine</span> <span class='ocrx_word' id='word_1_150' title='bbox 1597 709 1833 764; x_wconf 69' lang='lat' dir='ltr'>proposuisse</span> <span class='ocrx_word' id='word_1_151' title='bbox 1851 710 1912 751; x_wconf 92' lang='lat' dir='ltr'>lib.</span> <span class='ocrx_word' id='word_1_152' title='bbox 1935 725 1998 762; x_wconf 89' lang='lat'>19.</span> 
     </span>
     <span class='ocr_line' id='line_1_13' title="bbox 725 758 1404 808; baseline 0.006 -15"><span class='ocrx_word' id='word_1_153' title='bbox 725 758 835 794; x_wconf 69' lang='lat' dir='ltr'>Meiovoc</span> <span class='ocrx_word' id='word_1_154' title='bbox 849 760 866 805; x_wconf 72' lang='lat' dir='ltr'>‘j</span> <span class='ocrx_word' id='word_1_155' title='bbox 882 765 1018 808; x_wconf 57' lang='lat' dir='ltr'>new-1³2&amp;</span> <span class='ocrx_word' id='word_1_156' title='bbox 1033 764 1114 808; x_wconf 70' lang='grc' dir='ltr'>μέσῳ</span> <span class='ocrx_word' id='word_1_157' title='bbox 1130 765 1282 808; x_wconf 60' lang='grc' dir='ltr'>’παρέθηκεν</span> <span class='ocrx_word' id='word_1_158' title='bbox 1297 767 1404 808; x_wconf 75' lang='grc' dir='ltr'>οἰγιῖἱνι.</span> 
     </span>
     <span class='ocr_line' id='line_1_14' title="bbox 720 809 1769 865; baseline 0.006 -17"><span class='ocrx_word' id='word_1_159' title='bbox 720 809 909 865; x_wconf 63' lang='lat' dir='ltr'>Aldsq&#39;orem</span> <span class='ocrx_word' id='word_1_160' title='bbox 925 810 1014 849; x_wconf 76' lang='lat' dir='ltr'>vero</span> <span class='ocrx_word' id='word_1_161' title='bbox 1031 819 1213 850; x_wconf 81' lang='lat' dir='ltr'>craterem</span> <span class='ocrx_word' id='word_1_162' title='bbox 1229 811 1350 851; x_wconf 81' lang='lat' dir='ltr'>medio</span> <span class='ocrx_word' id='word_1_163' title='bbox 1367 812 1541 865; x_wconf 79' lang='lat' dir='ltr'>imposuit</span> <span class='ocrx_word' id='word_1_164' title='bbox 1558 817 1769 854; x_wconf 75' lang='lat' dir='ltr'>certamini.</span> 
     </span>
     <span class='ocr_line' id='line_1_15' title="bbox 223 856 2278 924; baseline 0.008 -26"><span class='ocrx_word' id='word_1_165' title='bbox 223 856 304 898; x_wconf 85' lang='lat' dir='ltr'>Vas</span> <span class='ocrx_word' id='word_1_166' title='bbox 319 869 449 899; x_wconf 86' lang='lat' dir='ltr'>autem</span> <span class='ocrx_word' id='word_1_167' title='bbox 467 862 639 915; x_wconf 85' lang='lat' dir='ltr'>accipere</span> <span class='ocrx_word' id='word_1_168' title='bbox 655 863 808 905; x_wconf 85' lang='lat' dir='ltr'>videtur</span> <span class='ocrx_word' id='word_1_169' title='bbox 825 865 984 906; x_wconf 84' lang='lat' dir='ltr'>Athleta</span> <span class='ocrx_word' id='word_1_170' title='bbox 999 867 1119 907; x_wconf 69' lang='lat' dir='ltr'>vic&#39;tor</span> <span class='ocrx_word' id='word_1_171' title='bbox 1133 867 1172 907; x_wconf 90' lang='lat' dir='ltr'>in</span> <span class='ocrx_word' id='word_1_172' title='bbox 1189 868 1358 907; x_wconf 76' lang='lat' dir='ltr'>nummis</span> <span class='ocrx_word' id='word_1_173' title='bbox 1375 867 1677 924; x_wconf 89' lang='lat' dir='ltr'>Heliopolitanis</span> <span class='ocrx_word' id='word_1_174' title='bbox 1694 870 1886 913; x_wconf 84' lang='lat' dir='ltr'>Valeriani</span> <span class='ocrx_word' id='word_1_175' title='bbox 1902 871 1998 914; x_wconf 65' lang='lat' dir='ltr'>infra</span> <span class='ocrx_word' id='word_1_176' title='bbox 2014 871 2278 915; x_wconf 84' lang='lat' dir='ltr'>describendis.</span> 
     </span>
    </p>
   </div>
   <div class='ocr_carea' id='block_1_3' title="bbox 275 935 1415 1003">
    <p class='ocr_par' dir='ltr' id='par_1_4' title="bbox 275 935 1415 1003">
     <span class='ocr_line' id='line_1_16' title="bbox 275 935 1415 1003; baseline 0.01 -27"><span class='ocrx_word' id='word_1_177' title='bbox 275 935 361 976; x_wconf 86' lang='lat' dir='ltr'>Hic</span> <span class='ocrx_word' id='word_1_178' title='bbox 375 952 547 980; x_wconf 71' lang='lat' dir='ltr'>nummus</span> <span class='ocrx_word' id='word_1_179' title='bbox 563 941 761 983; x_wconf 82' lang='lat' dir='ltr'>mediocris</span> <span class='ocrx_word' id='word_1_180' title='bbox 774 943 914 984; x_wconf 82' lang='lat' dir='ltr'>moduli</span> <span class='ocrx_word' id='word_1_181' title='bbox 924 954 996 999; x_wconf 86' lang='lat' dir='ltr'>pro</span> <span class='ocrx_word' id='word_1_182' title='bbox 1015 945 1192 1003; x_wconf 76' lang='lat' dir='ltr'>rariffimo</span> <span class='ocrx_word' id='word_1_183' title='bbox 1207 945 1415 988; x_wconf 80' lang='lat' dir='ltr'>habendus.</span> 
     </span>
    </p>
   </div>
   <div class='ocr_carea' id='block_1_4' title="bbox 1060 0 2491 4219">
    <p class='ocr_par' dir='ltr' id='par_1_5' title="bbox 1060 0 2491 4219">
     <span class='ocr_line' id='line_1_17' title="bbox 2392 0 2491 462; baseline 0 0"><span class='ocrx_word' id='word_1_184' title='bbox 2392 0 2491 462; x_wconf 95' lang='lat' dir='ltr'>  </span> 
     </span>
     <span class='ocr_line' id='line_1_18' title="bbox 1060 462 2491 4219; baseline 0 0"><span class='ocrx_word' id='word_1_185' title='bbox 1060 1066 1431 1436; x_wconf 95' lang='lat' dir='ltr'> </span> <span class='ocrx_word' id='word_1_186' title='bbox 2392 462 2491 4219; x_wconf 95' lang='lat' dir='ltr'> </span> 
     </span>
    </p>
   </div>
   <div class='ocr_carea' id='block_1_5' title="bbox 277 1530 2338 1644">
    <p class='ocr_par' dir='ltr' id='par_1_6' title="bbox 277 1530 2338 1644">
     <span class='ocr_line' id='line_1_19' title="bbox 277 1530 2338 1589; baseline 0.003 -19"><span class='ocrx_word' id='word_1_187' title='bbox 277 1545 300 1570; x_wconf 92' lang='lat' dir='ltr'>c</span> <span class='ocrx_word' id='word_1_188' title='bbox 313 1544 337 1568; x_wconf 89' lang='lat' dir='ltr'><strong>O</strong></span> <span class='ocrx_word' id='word_1_189' title='bbox 351 1543 387 1568; x_wconf 78' lang='lat' dir='ltr'>t..</span> <span class='ocrx_word' id='word_1_190' title='bbox 420 1541 444 1567; x_wconf 85' lang='lat' dir='ltr'>T</span> <span class='ocrx_word' id='word_1_191' title='bbox 460 1542 483 1568; x_wconf 79' lang='lat' dir='ltr'>Y</span> <span class='ocrx_word' id='word_1_192' title='bbox 497 1543 525 1569; x_wconf 75' lang='lat' dir='ltr'>R</span> <span class='ocrx_word' id='word_1_193' title='bbox 541 1543 581 1569; x_wconf 90' lang='grc' dir='ltr'>ο.</span> <span class='ocrx_word' id='word_1_194' title='bbox 611 1543 646 1568; x_wconf 82' lang='grc' dir='ltr'>Μ</span> <span class='ocrx_word' id='word_1_195' title='bbox 661 1545 683 1569; x_wconf 75' lang='lat' dir='ltr'>r.</span> <span class='ocrx_word' id='word_1_196' title='bbox 698 1545 721 1570; x_wconf 82' lang='lat' dir='ltr'>T</span> <span class='ocrx_word' id='word_1_197' title='bbox 733 1544 763 1570; x_wconf 76' lang='lat' dir='ltr'>R</span> <span class='ocrx_word' id='word_1_198' title='bbox 777 1545 804 1571; x_wconf 91' lang='lat'>0</span> <span class='ocrx_word' id='word_1_199' title='bbox 818 1544 850 1570; x_wconf 84' lang='grc' dir='ltr'>Ρ.</span> <span class='ocrx_word' id='word_1_200' title='bbox 884 1530 1039 1572; x_wconf 83' lang='lat' dir='ltr'>Colonia</span> <span class='ocrx_word' id='word_1_201' title='bbox 1057 1530 1171 1585; x_wconf 57' lang='lat' dir='ltr'>Tyros</span> <span class='ocrx_word' id='word_1_202' title='bbox 1189 1531 1424 1586; x_wconf 71' lang='lat' dir='ltr'>Metropolis.</span> <span class='ocrx_word' id='word_1_203' title='bbox 1458 1532 1600 1586; x_wconf 79' lang='lat' dir='ltr'>Aquila</span> <span class='ocrx_word' id='word_1_204' title='bbox 1617 1533 1739 1574; x_wconf 85' lang='lat' dir='ltr'>rostro</span> <span class='ocrx_word' id='word_1_205' title='bbox 1754 1547 1937 1574; x_wconf 85' lang='lat' dir='ltr'>coronam</span> <span class='ocrx_word' id='word_1_206' title='bbox 1950 1560 1962 1581; x_wconf 88' lang='lat'>‚</span> <span class='ocrx_word' id='word_1_207' title='bbox 1989 1547 2094 1589; x_wconf 88' lang='lat' dir='ltr'>pone</span> <span class='ocrx_word' id='word_1_208' title='bbox 2119 1546 2203 1576; x_wconf 79' lang='lat' dir='ltr'>eam</span> <span class='ocrx_word' id='word_1_209' title='bbox 2220 1534 2338 1577; x_wconf 84' lang='lat' dir='ltr'>vexil-</span> 
     </span>
     <span class='ocr_line' id='line_1_20' title="bbox 331 1584 1929 1644; baseline 0.004 -21"><span class='ocrx_word' id='word_1_210' title='bbox 331 1584 411 1624; x_wconf 88' lang='lat' dir='ltr'>lum</span> <span class='ocrx_word' id='word_1_211' title='bbox 428 1584 467 1624; x_wconf 87' lang='lat' dir='ltr'>in</span> <span class='ocrx_word' id='word_1_212' title='bbox 489 1599 572 1638; x_wconf 92' lang='lat' dir='ltr'>quo</span> <span class='ocrx_word' id='word_1_213' title='bbox 593 1600 619 1625; x_wconf 88' lang='lat' dir='ltr'>L</span> <span class='ocrx_word' id='word_1_214' title='bbox 633 1600 655 1624; x_wconf 75' lang='lat' dir='ltr'>r.</span> <span class='ocrx_word' id='word_1_215' title='bbox 670 1599 710 1626; x_wconf 84' lang='lat' dir='ltr'>G.</span> <span class='ocrx_word' id='word_1_216' title='bbox 745 1601 760 1626; x_wconf 86' lang='lat'>1</span> <span class='ocrx_word' id='word_1_217' title='bbox 781 1601 796 1626; x_wconf 90' lang='lat'>1</span> <span class='ocrx_word' id='word_1_218' title='bbox 816 1600 847 1627; x_wconf 89' lang='lat'>1.</span> <span class='ocrx_word' id='word_1_219' title='bbox 880 1601 906 1627; x_wconf 88' lang='lat' dir='ltr'>G</span> <span class='ocrx_word' id='word_1_220' title='bbox 921 1601 945 1626; x_wconf 84' lang='lat' dir='ltr'>A</span> <span class='ocrx_word' id='word_1_221' title='bbox 962 1603 1000 1628; x_wconf 90' lang='lat' dir='ltr'>L.</span> <span class='ocrx_word' id='word_1_222' title='bbox 1031 1588 1151 1643; x_wconf 68' lang='lat' dir='ltr'>Legio</span> <span class='ocrx_word' id='word_1_223' title='bbox 1169 1590 1288 1629; x_wconf 86' lang='lat' dir='ltr'>tertia</span> <span class='ocrx_word' id='word_1_224' title='bbox 1306 1588 1471 1629; x_wconf 85' lang='lat' dir='ltr'>Gallica.</span> <span class='ocrx_word' id='word_1_225' title='bbox 1503 1589 1549 1628; x_wconf 90' lang='lat' dir='ltr'>In</span> <span class='ocrx_word' id='word_1_226' title='bbox 1567 1603 1653 1629; x_wconf 87' lang='lat' dir='ltr'>area</span> <span class='ocrx_word' id='word_1_227' title='bbox 1669 1589 1929 1644; x_wconf 86' lang='lat' dir='ltr'>conchylium.</span> 
     </span>
    </p>
   </div>
   <div class='ocr_carea' id='block_1_6' title="bbox 196 1663 2341 2495">
    <p class='ocr_par' dir='ltr' id='par_1_7' title="bbox 219 1663 2340 1945">
     <span class='ocr_line' id='line_1_21' title="bbox 274 1663 2339 1721; baseline 0.004 -19"><span class='ocrx_word' id='word_1_228' title='bbox 274 1663 439 1717; x_wconf 84' lang='lat' dir='ltr'>Aquila,</span> <span class='ocrx_word' id='word_1_229' title='bbox 471 1663 644 1705; x_wconf 81' lang='lat' dir='ltr'>Romani</span> <span class='ocrx_word' id='word_1_230' title='bbox 662 1665 818 1719; x_wconf 87' lang='lat' dir='ltr'>Imperii</span> <span class='ocrx_word' id='word_1_231' title='bbox 833 1665 980 1720; x_wconf 81' lang='lat' dir='ltr'>insigne</span> <span class='ocrx_word' id='word_1_232' title='bbox 1000 1667 1075 1714; x_wconf 88' lang='lat' dir='ltr'>est,</span> <span class='ocrx_word' id='word_1_233' title='bbox 1105 1667 1217 1721; x_wconf 88' lang='lat' dir='ltr'>quod</span> <span class='ocrx_word' id='word_1_234' title='bbox 1235 1666 1364 1721; x_wconf 89' lang='lat' dir='ltr'>Tyrus</span> <span class='ocrx_word' id='word_1_235' title='bbox 1385 1667 1555 1708; x_wconf 83' lang='lat' dir='ltr'>Colonia</span> <span class='ocrx_word' id='word_1_236' title='bbox 1575 1668 1803 1714; x_wconf 85' lang='lat' dir='ltr'>constituta,</span> <span class='ocrx_word' id='word_1_237' title='bbox 1832 1679 2016 1721; x_wconf 75' lang='lat' dir='ltr'>tanquam</span> <span class='ocrx_word' id='word_1_238' title='bbox 2039 1667 2223 1709; x_wconf 89' lang='lat' dir='ltr'>Romana</span> <span class='ocrx_word' id='word_1_239' title='bbox 2238 1668 2339 1713; x_wconf 69' lang='lat' dir='ltr'>fasta</span> 
     </span>
     <span class='ocr_line' id='line_1_22' title="bbox 220 1718 2338 1777; baseline 0.003 -17"><span class='ocrx_word' id='word_1_240' title='bbox 220 1718 376 1768; x_wconf 74' lang='lat' dir='ltr'>exhibet</span> <span class='ocrx_word' id='word_1_241' title='bbox 397 1739 408 1764; x_wconf 89' lang='lat'>·,</span> <span class='ocrx_word' id='word_1_242' title='bbox 436 1733 521 1759; x_wconf 78' lang='lat' dir='ltr'>eam</span> <span class='ocrx_word' id='word_1_243' title='bbox 536 1721 558 1758; x_wconf 70' lang='grc' dir='ltr'><strong>ὰ</strong></span> <span class='ocrx_word' id='word_1_244' title='bbox 575 1720 679 1773; x_wconf 88' lang='lat' dir='ltr'>Sept.</span> <span class='ocrx_word' id='word_1_245' title='bbox 700 1722 844 1762; x_wconf 82' lang='lat' dir='ltr'>Severo</span> <span class='ocrx_word' id='word_1_246' title='bbox 861 1721 1068 1763; x_wconf 62' lang='lat' dir='ltr'>deductam</span> <span class='ocrx_word' id='word_1_247' title='bbox 1089 1723 1276 1769; x_wconf 81' lang='lat' dir='ltr'>diximus,</span> <span class='ocrx_word' id='word_1_248' title='bbox 1305 1723 1355 1763; x_wconf 90' lang='lat' dir='ltr'>de</span> <span class='ocrx_word' id='word_1_249' title='bbox 1375 1737 1453 1777; x_wconf 91' lang='lat' dir='ltr'>qua</span> <span class='ocrx_word' id='word_1_250' title='bbox 1474 1722 1666 1776; x_wconf 83' lang='lat' dir='ltr'>Ulpianus</span> <span class='ocrx_word' id='word_1_251' title='bbox 1685 1723 1704 1762; x_wconf 88' lang='grc'>1.</span> <span class='ocrx_word' id='word_1_252' title='bbox 1729 1738 1760 1763; x_wconf 79' lang='lat'>1.</span> <span class='ocrx_word' id='word_1_253' title='bbox 1778 1723 1828 1763; x_wconf 91' lang='lat' dir='ltr'>de</span> <span class='ocrx_word' id='word_1_254' title='bbox 1848 1723 2051 1764; x_wconf 86' lang='lat' dir='ltr'>Cenfibus.</span> <span class='ocrx_word' id='word_1_255' title='bbox 2081 1723 2153 1773; x_wconf 81' lang='lat' dir='ltr'>Est</span> <span class='ocrx_word' id='word_1_256' title='bbox 2168 1725 2211 1763; x_wconf 87' lang='lat' dir='ltr'>in</span> <span class='ocrx_word' id='word_1_257' title='bbox 2227 1724 2338 1775; x_wconf 86' lang='lat' dir='ltr'>Syria</span> 
     </span>
     <span class='ocr_line' id='line_1_23' title="bbox 221 1774 2339 1833; baseline 0.002 -18"><span class='ocrx_word' id='word_1_258' title='bbox 221 1774 711 1828; x_wconf 72' lang='lat' dir='ltr'>Phoenicesplendidifflma</span> <span class='ocrx_word' id='word_1_259' title='bbox 730 1777 922 1824; x_wconf 76' lang='lat' dir='ltr'>Tyriorum</span> <span class='ocrx_word' id='word_1_260' title='bbox 941 1778 1097 1819; x_wconf 86' lang='lat' dir='ltr'>Colonia</span> <span class='ocrx_word' id='word_1_261' title='bbox 1116 1809 1245 1819; x_wconf 93' lang='grc'><em>.......</em></span> <span class='ocrx_word' id='word_1_262' title='bbox 1266 1779 1356 1818; x_wconf 67' lang='lat' dir='ltr'>lsuic</span> <span class='ocrx_word' id='word_1_263' title='bbox 1373 1780 1472 1818; x_wconf 85' lang='lat' dir='ltr'>enim</span> <span class='ocrx_word' id='word_1_264' title='bbox 1488 1779 1633 1818; x_wconf 68' lang='lat' dir='ltr'>‘Divus</span> <span class='ocrx_word' id='word_1_265' title='bbox 1655 1778 1817 1819; x_wconf 85' lang='lat' dir='ltr'>Severus</span> <span class='ocrx_word' id='word_1_266' title='bbox 1835 1777 1882 1833; x_wconf 55' lang='grc' dir='ltr'><em>ὁ</em></span> <span class='ocrx_word' id='word_1_267' title='bbox 1904 1779 2112 1831; x_wconf 81' lang='lat' dir='ltr'>Imperator</span> <span class='ocrx_word' id='word_1_268' title='bbox 2129 1778 2265 1830; x_wconf 85' lang='lat' dir='ltr'>noster,</span> <span class='ocrx_word' id='word_1_269' title='bbox 2291 1780 2339 1820; x_wconf 83' lang='lat' dir='ltr'>ob</span> 
     </span>
     <span class='ocr_line' id='line_1_24' title="bbox 219 1830 2340 1890; baseline 0.005 -22"><span class='ocrx_word' id='word_1_270' title='bbox 219 1831 405 1884; x_wconf 69' lang='lat' dir='ltr'>egregiam</span> <span class='ocrx_word' id='word_1_271' title='bbox 420 1831 461 1869; x_wconf 86' lang='lat' dir='ltr'>in</span> <span class='ocrx_word' id='word_1_272' title='bbox 483 1830 769 1886; x_wconf 84' lang='lat' dir='ltr'>Rempublicam</span> <span class='ocrx_word' id='word_1_273' title='bbox 787 1832 1060 1889; x_wconf 75' lang='lat' dir='ltr'>Imperiumque</span> <span class='ocrx_word' id='word_1_274' title='bbox 1077 1834 1291 1875; x_wconf 87' lang='lat' dir='ltr'>Romanum</span> <span class='ocrx_word' id='word_1_275' title='bbox 1306 1833 1483 1889; x_wconf 71' lang='lat' dir='ltr'>inffgnem</span> <span class='ocrx_word' id='word_1_276' title='bbox 1487 1833 1628 1887; x_wconf 89' lang='lat' dir='ltr'>fidem,</span> <span class='ocrx_word' id='word_1_277' title='bbox 1643 1835 1719 1890; x_wconf 88' lang='lat' dir='ltr'>jus</span> <span class='ocrx_word' id='word_1_278' title='bbox 1735 1833 1919 1874; x_wconf 62' lang='lat' dir='ltr'>italicum</span> <span class='ocrx_word' id='word_1_279' title='bbox 1938 1833 2054 1874; x_wconf 86' lang='lat' dir='ltr'>dedit.</span> <span class='ocrx_word' id='word_1_280' title='bbox 2086 1833 2281 1876; x_wconf 83' lang='lat' dir='ltr'>Vexillum</span> <span class='ocrx_word' id='word_1_281' title='bbox 2296 1836 2340 1878; x_wconf 86' lang='lat' dir='ltr'>in</span> 
     </span>
     <span class='ocr_line' id='line_1_25' title="bbox 221 1887 2339 1945; baseline 0.004 -21"><span class='ocrx_word' id='word_1_282' title='bbox 221 1899 303 1938; x_wconf 86' lang='lat' dir='ltr'>quo</span> <span class='ocrx_word' id='word_1_283' title='bbox 324 1899 350 1924; x_wconf 85' lang='lat' dir='ltr'>L</span> <span class='ocrx_word' id='word_1_284' title='bbox 366 1899 386 1924; x_wconf 76' lang='lat' dir='ltr'>E</span> <span class='ocrx_word' id='word_1_285' title='bbox 400 1899 440 1924; x_wconf 79' lang='lat' dir='ltr'>o.</span> <span class='ocrx_word' id='word_1_286' title='bbox 476 1899 491 1924; x_wconf 95' lang='lat'>1</span> <span class='ocrx_word' id='word_1_287' title='bbox 511 1899 527 1925; x_wconf 94' lang='lat'>1</span> <span class='ocrx_word' id='word_1_288' title='bbox 546 1899 575 1925; x_wconf 91' lang='lat'>1.</span> <span class='ocrx_word' id='word_1_289' title='bbox 608 1901 634 1926; x_wconf 87' lang='lat' dir='ltr'><strong>G</strong></span> <span class='ocrx_word' id='word_1_290' title='bbox 651 1901 678 1926; x_wconf 91' lang='lat' dir='ltr'>A</span> <span class='ocrx_word' id='word_1_291' title='bbox 694 1902 729 1928; x_wconf 91' lang='lat' dir='ltr'>L.</span> <span class='ocrx_word' id='word_1_292' title='bbox 762 1887 981 1929; x_wconf 88' lang='lat' dir='ltr'>Veteranos</span> <span class='ocrx_word' id='word_1_293' title='bbox 998 1889 1181 1945; x_wconf 82' lang='lat' dir='ltr'>Legionis</span> <span class='ocrx_word' id='word_1_294' title='bbox 1200 1891 1318 1930; x_wconf 83' lang='lat' dir='ltr'>tertiae</span> <span class='ocrx_word' id='word_1_295' title='bbox 1336 1890 1493 1930; x_wconf 65' lang='lat' dir='ltr'>Gallicae</span> <span class='ocrx_word' id='word_1_296' title='bbox 1511 1890 1662 1944; x_wconf 83' lang='lat' dir='ltr'>Tyrum</span> <span class='ocrx_word' id='word_1_297' title='bbox 1681 1889 1859 1930; x_wconf 88' lang='lat' dir='ltr'>Colonos</span> <span class='ocrx_word' id='word_1_298' title='bbox 1876 1889 1987 1930; x_wconf 81' lang='lat' dir='ltr'>fuiffe</span> <span class='ocrx_word' id='word_1_299' title='bbox 2004 1890 2052 1930; x_wconf 91' lang='lat' dir='ltr'>ab</span> <span class='ocrx_word' id='word_1_300' title='bbox 2067 1889 2208 1931; x_wconf 91' lang='lat' dir='ltr'>eodem</span> <span class='ocrx_word' id='word_1_301' title='bbox 2225 1890 2339 1941; x_wconf 69' lang='lat' dir='ltr'>Seve-⁴</span> 
     </span>
    </p>

    <p class='ocr_par' dir='ltr' id='par_1_8' title="bbox 196 1940 2341 2495">
     <span class='ocr_line' id='line_1_26' title="bbox 196 1940 2340 2001; baseline 0.003 -21"><span class='ocrx_word' id='word_1_302' title='bbox 196 1974 199 1976; x_wconf 93' lang='lat'>.</span> <span class='ocrx_word' id='word_1_303' title='bbox 221 1955 265 1980; x_wconf 91' lang='lat' dir='ltr'>ro</span> <span class='ocrx_word' id='word_1_304' title='bbox 282 1940 508 1981; x_wconf 78' lang='lat' dir='ltr'>transmissos</span> <span class='ocrx_word' id='word_1_305' title='bbox 523 1941 693 1983; x_wconf 87' lang='lat' dir='ltr'>denotat.</span> <span class='ocrx_word' id='word_1_306' title='bbox 722 1943 846 1999; x_wconf 85' lang='lat' dir='ltr'>Legio</span> <span class='ocrx_word' id='word_1_307' title='bbox 863 1944 944 1985; x_wconf 82' lang='lat' dir='ltr'>haec</span> <span class='ocrx_word' id='word_1_308' title='bbox 963 1945 1102 2000; x_wconf 67' lang='lat' dir='ltr'>aJulio</span> <span class='ocrx_word' id='word_1_309' title='bbox 1120 1945 1270 1986; x_wconf 81' lang='lat' dir='ltr'>Caesare</span> <span class='ocrx_word' id='word_1_310' title='bbox 1290 1946 1389 1986; x_wconf 88' lang='lat' dir='ltr'>inter</span> <span class='ocrx_word' id='word_1_311' title='bbox 1409 1957 1561 1987; x_wconf 80' lang='lat' dir='ltr'>caeteras</span> <span class='ocrx_word' id='word_1_312' title='bbox 1583 1946 1742 2000; x_wconf 87' lang='lat' dir='ltr'>Alpinas</span> <span class='ocrx_word' id='word_1_313' title='bbox 1760 1945 1973 2001; x_wconf 86' lang='lat' dir='ltr'>conscripta</span> <span class='ocrx_word' id='word_1_314' title='bbox 1991 1943 2084 1992; x_wconf 89' lang='lat' dir='ltr'>fuit,</span> <span class='ocrx_word' id='word_1_315' title='bbox 2113 1945 2224 1999; x_wconf 91' lang='lat' dir='ltr'>cujus</span> <span class='ocrx_word' id='word_1_316' title='bbox 2244 1949 2340 2001; x_wconf 53' lang='lat' dir='ltr'>ope-⁴</span> 
     </span>
     <span class='ocr_line' id='line_1_27' title="bbox 220 1996 2339 2056; baseline 0.003 -20"><span class='ocrx_word' id='word_1_317' title='bbox 220 2010 262 2036; x_wconf 83' lang='lat' dir='ltr'>ra</span> <span class='ocrx_word' id='word_1_318' title='bbox 281 1996 321 2035; x_wconf 90' lang='lat' dir='ltr'>in</span> <span class='ocrx_word' id='word_1_319' title='bbox 342 1996 578 2052; x_wconf 84' lang='lat' dir='ltr'>iubjuganda</span> <span class='ocrx_word' id='word_1_320' title='bbox 596 1998 721 2039; x_wconf 85' lang='lat' dir='ltr'>Gallia</span> <span class='ocrx_word' id='word_1_321' title='bbox 737 1999 972 2054; x_wconf 80' lang='lat' dir='ltr'>potiffimum</span> <span class='ocrx_word' id='word_1_322' title='bbox 991 2002 1128 2042; x_wconf 92' lang='lat' dir='ltr'>enituit</span> <span class='ocrx_word' id='word_1_323' title='bbox 1145 2022 1156 2048; x_wconf 80' lang='lat'><em>3</em></span> <span class='ocrx_word' id='word_1_324' title='bbox 1186 2002 1269 2055; x_wconf 89' lang='lat' dir='ltr'>ejus</span> <span class='ocrx_word' id='word_1_325' title='bbox 1283 2002 1443 2056; x_wconf 85' lang='lat' dir='ltr'>ipsemet</span> <span class='ocrx_word' id='word_1_326' title='bbox 1460 2002 1634 2043; x_wconf 89' lang='lat' dir='ltr'>meminit</span> <span class='ocrx_word' id='word_1_327' title='bbox 1649 2003 1859 2042; x_wconf 86' lang='lat' dir='ltr'>inComm.</span> <span class='ocrx_word' id='word_1_328' title='bbox 1878 2002 1952 2043; x_wconf 90' lang='lat' dir='ltr'>bel.</span> <span class='ocrx_word' id='word_1_329' title='bbox 1971 2001 2042 2046; x_wconf 85' lang='lat' dir='ltr'>civ.</span> <span class='ocrx_word' id='word_1_330' title='bbox 2058 2001 2119 2042; x_wconf 93' lang='lat' dir='ltr'>lib.</span> <span class='ocrx_word' id='word_1_331' title='bbox 2140 2013 2174 2055; x_wconf 85' lang='lat'>3.</span> <span class='ocrx_word' id='word_1_332' title='bbox 2205 2001 2339 2043; x_wconf 79' lang='lat' dir='ltr'>Erant</span> 
     </span>
     <span class='ocr_line' id='line_1_28' title="bbox 220 2051 2340 2113; baseline 0.003 -22"><span class='ocrx_word' id='word_1_333' title='bbox 220 2052 262 2092; x_wconf 86' lang='lat' dir='ltr'>in</span> <span class='ocrx_word' id='word_1_334' title='bbox 267 2051 418 2102; x_wconf 81' lang='lat' dir='ltr'>flnzstro</span> <span class='ocrx_word' id='word_1_335' title='bbox 437 2067 550 2092; x_wconf 89' lang='lat' dir='ltr'>cornu</span> <span class='ocrx_word' id='word_1_336' title='bbox 570 2054 755 2108; x_wconf 81' lang='lat' dir='ltr'>Legiones</span> <span class='ocrx_word' id='word_1_337' title='bbox 775 2055 880 2103; x_wconf 86' lang='lat' dir='ltr'>duae,</span> <span class='ocrx_word' id='word_1_338' title='bbox 908 2057 1065 2098; x_wconf 81' lang='lat' dir='ltr'>traditae</span> <span class='ocrx_word' id='word_1_339' title='bbox 1080 2057 1104 2098; x_wconf 77' lang='lat' dir='ltr'>a</span> <span class='ocrx_word' id='word_1_340' title='bbox 1122 2058 1268 2108; x_wconf 82' lang='lat' dir='ltr'>Caefare</span> <span class='ocrx_word' id='word_1_341' title='bbox 1286 2059 1399 2099; x_wconf 84' lang='lat' dir='ltr'>initio</span> <span class='ocrx_word' id='word_1_342' title='bbox 1415 2057 1651 2111; x_wconf 63' lang='lat' dir='ltr'>distentionis</span> <span class='ocrx_word' id='word_1_343' title='bbox 1671 2072 1719 2098; x_wconf 85' lang='lat' dir='ltr'>ex·</span> <span class='ocrx_word' id='word_1_344' title='bbox 1743 2057 1774 2098; x_wconf 85' lang='lat' dir='ltr'><em>S</em></span> <span class='ocrx_word' id='word_1_345' title='bbox 1785 2061 1828 2100; x_wconf 91' lang='lat' dir='ltr'>C.</span> <span class='ocrx_word' id='word_1_346' title='bbox 1848 2071 2007 2113; x_wconf 82' lang='lat' dir='ltr'>quarum</span> <span class='ocrx_word' id='word_1_347' title='bbox 2022 2070 2098 2097; x_wconf 88' lang='lat' dir='ltr'>una</span> <span class='ocrx_word' id='word_1_348' title='bbox 2109 2059 2255 2111; x_wconf 85' lang='lat' dir='ltr'>prima,</span> <span class='ocrx_word' id='word_1_349' title='bbox 2282 2056 2340 2098; x_wconf 85' lang='lat' dir='ltr'>al·-</span> 
     </span>
     <span class='ocr_line' id='line_1_29' title="bbox 220 2108 2341 2170; baseline 0.004 -23"><span class='ocrx_word' id='word_1_350' title='bbox 220 2116 305 2147; x_wconf 84' lang='lat' dir='ltr'>tera</span> <span class='ocrx_word' id='word_1_351' title='bbox 332 2108 448 2146; x_wconf 85' lang='lat' dir='ltr'>tertia</span> <span class='ocrx_word' id='word_1_352' title='bbox 473 2108 742 2160; x_wconf 79' lang='lat' dir='ltr'>appellabatur.</span> <span class='ocrx_word' id='word_1_353' title='bbox 780 2111 947 2152; x_wconf 85' lang='lat' dir='ltr'>Primam</span> <span class='ocrx_word' id='word_1_354' title='bbox 974 2113 1075 2155; x_wconf 89' lang='lat' dir='ltr'>hanc</span> <span class='ocrx_word' id='word_1_355' title='bbox 1101 2115 1316 2170; x_wconf 87' lang='lat' dir='ltr'>Legionem</span> <span class='ocrx_word' id='word_1_356' title='bbox 1336 2113 1525 2155; x_wconf 88' lang='lat' dir='ltr'>Gallicam</span> <span class='ocrx_word' id='word_1_357' title='bbox 1547 2113 1760 2155; x_wconf 88' lang='lat' dir='ltr'>universam</span> <span class='ocrx_word' id='word_1_358' title='bbox 1779 2114 1800 2153; x_wconf 73' lang='lat' dir='ltr'>a</span> <span class='ocrx_word' id='word_1_359' title='bbox 1818 2113 1969 2154; x_wconf 87' lang='lat' dir='ltr'>Caesare</span> <span class='ocrx_word' id='word_1_360' title='bbox 1985 2113 2138 2154; x_wconf 91' lang='lat' dir='ltr'>civitate</span> <span class='ocrx_word' id='word_1_361' title='bbox 2154 2111 2341 2156; x_wconf 89' lang='lat' dir='ltr'>donatam</span> 
     </span>
     <span class='ocr_line' id='line_1_30' title="bbox 220 2162 2340 2223; baseline 0.003 -21"><span class='ocrx_word' id='word_1_362' title='bbox 220 2174 348 2203; x_wconf 89' lang='lat' dir='ltr'>narrat</span> <span class='ocrx_word' id='word_1_363' title='bbox 367 2162 574 2202; x_wconf 87' lang='lat' dir='ltr'>Suetonius</span> <span class='ocrx_word' id='word_1_364' title='bbox 591 2163 629 2202; x_wconf 90' lang='lat' dir='ltr'>in</span> <span class='ocrx_word' id='word_1_365' title='bbox 647 2163 731 2216; x_wconf 89' lang='lat' dir='ltr'>ejus</span> <span class='ocrx_word' id='word_1_366' title='bbox 747 2164 835 2209; x_wconf 86' lang='lat' dir='ltr'>vita.</span> <span class='ocrx_word' id='word_1_367' title='bbox 868 2166 993 2204; x_wconf 86' lang='lat' dir='ltr'>Unam</span> <span class='ocrx_word' id='word_1_368' title='bbox 1010 2171 1128 2207; x_wconf 85' lang='lat' dir='ltr'>etiam</span> <span class='ocrx_word' id='word_1_369' title='bbox 1144 2183 1193 2207; x_wconf 83' lang='lat' dir='ltr'>ex</span> <span class='ocrx_word' id='word_1_370' title='bbox 1218 2169 1482 2220; x_wconf 79' lang='lat' dir='ltr'>Transalpinis</span> <span class='ocrx_word' id='word_1_371' title='bbox 1508 2169 1756 2221; x_wconf 83' lang='lat' dir='ltr'>conscriptam</span> <span class='ocrx_word' id='word_1_372' title='bbox 1780 2169 1962 2209; x_wconf 85' lang='lat' dir='ltr'>vocabulo</span> <span class='ocrx_word' id='word_1_373' title='bbox 1987 2182 2129 2223; x_wconf 85' lang='lat' dir='ltr'>quoque</span> <span class='ocrx_word' id='word_1_374' title='bbox 2159 2168 2307 2210; x_wconf 87' lang='lat' dir='ltr'>Gallico</span> <span class='ocrx_word' id='word_1_375' title='bbox 2323 2183 2340 2208; x_wconf 85' lang='lat'>.-</span> 
     </span>
     <span class='ocr_line' id='line_1_31' title="bbox 219 2217 2339 2276; baseline 0.003 -19"><span class='ocrx_word' id='word_1_376' title='bbox 219 2218 379 2258; x_wconf 78' lang='lat' dir='ltr'>Alauda</span> <span class='ocrx_word' id='word_1_377' title='bbox 395 2220 493 2257; x_wconf 84' lang='lat' dir='ltr'>enim</span> <span class='ocrx_word' id='word_1_378' title='bbox 512 2217 795 2271; x_wconf 73' lang='lat' dir='ltr'>appellabatur,</span> <span class='ocrx_word' id='word_1_379' title='bbox 824 2232 936 2273; x_wconf 82' lang='lat' dir='ltr'>quam</span> <span class='ocrx_word' id='word_1_380' title='bbox 952 2219 1152 2273; x_wconf 86' lang='lat' dir='ltr'>disciplina</span> <span class='ocrx_word' id='word_1_381' title='bbox 1169 2221 1348 2274; x_wconf 86' lang='lat' dir='ltr'>cultuque</span> <span class='ocrx_word' id='word_1_382' title='bbox 1363 2222 1535 2261; x_wconf 89' lang='lat' dir='ltr'>Romano</span> <span class='ocrx_word' id='word_1_383' title='bbox 1551 2222 1766 2271; x_wconf 77' lang='lat' dir='ltr'>institutam</span> <span class='ocrx_word' id='word_1_384' title='bbox 1787 2221 1835 2266; x_wconf 58' lang='grc' dir='ltr'>ὢν</span> <span class='ocrx_word' id='word_1_385' title='bbox 1859 2232 2033 2263; x_wconf 85' lang='lat' dir='ltr'>ornatam</span> <span class='ocrx_word' id='word_1_386' title='bbox 2041 2223 2166 2276; x_wconf 83' lang='lat' dir='ltr'>postea</span> <span class='ocrx_word' id='word_1_387' title='bbox 2184 2225 2339 2265; x_wconf 84' lang='lat' dir='ltr'>univer-</span> 
     </span>
     <span class='ocr_line' id='line_1_32' title="bbox 206 2272 2341 2333; baseline 0.004 -21"><span class='ocrx_word' id='word_1_388' title='bbox 206 2274 300 2325; x_wconf 76' lang='lat' dir='ltr'>fizm</span> <span class='ocrx_word' id='word_1_389' title='bbox 326 2275 492 2312; x_wconf 80' lang='lat' dir='ltr'>civitate</span> <span class='ocrx_word' id='word_1_390' title='bbox 519 2273 694 2312; x_wconf 76' lang='lat' dir='ltr'>donavit.</span> <span class='ocrx_word' id='word_1_391' title='bbox 736 2272 834 2312; x_wconf 91' lang='lat' dir='ltr'>Ideo</span> <span class='ocrx_word' id='word_1_392' title='bbox 856 2274 953 2313; x_wconf 89' lang='lat' dir='ltr'>illius</span> <span class='ocrx_word' id='word_1_393' title='bbox 977 2275 1078 2313; x_wconf 88' lang='lat' dir='ltr'>nulla</span> <span class='ocrx_word' id='word_1_394' title='bbox 1106 2275 1270 2327; x_wconf 88' lang='lat' dir='ltr'>amplius</span> <span class='ocrx_word' id='word_1_395' title='bbox 1293 2275 1338 2314; x_wconf 86' lang='lat' dir='ltr'>fit</span> <span class='ocrx_word' id='word_1_396' title='bbox 1356 2276 1505 2315; x_wconf 88' lang='lat' dir='ltr'>mentio</span> <span class='ocrx_word' id='word_1_397' title='bbox 1521 2277 1560 2315; x_wconf 92' lang='lat' dir='ltr'>in</span> <span class='ocrx_word' id='word_1_398' title='bbox 1580 2277 1797 2331; x_wconf 88' lang='lat' dir='ltr'>Legionum</span> <span class='ocrx_word' id='word_1_399' title='bbox 1817 2277 2146 2319; x_wconf 89' lang='lat' dir='ltr'>distributionibus</span> <span class='ocrx_word' id='word_1_400' title='bbox 2162 2292 2230 2333; x_wconf 89' lang='lat' dir='ltr'>per</span> <span class='ocrx_word' id='word_1_401' title='bbox 2248 2293 2341 2333; x_wconf 90' lang='lat' dir='ltr'>pro-</span> 
     </span>
     <span class='ocr_line' id='line_1_33' title="bbox 218 2326 2338 2386; baseline 0.003 -17"><span class='ocrx_word' id='word_1_402' title='bbox 218 2329 362 2369; x_wconf 79' lang='lat' dir='ltr'>vincias</span> <span class='ocrx_word' id='word_1_403' title='bbox 381 2326 510 2374; x_wconf 59' lang='lat' dir='ltr'>factis,</span> <span class='ocrx_word' id='word_1_404' title='bbox 538 2328 603 2368; x_wconf 87' lang='lat' dir='ltr'>sed</span> <span class='ocrx_word' id='word_1_405' title='bbox 622 2329 730 2368; x_wconf 88' lang='lat' dir='ltr'>tertia</span> <span class='ocrx_word' id='word_1_406' title='bbox 747 2327 895 2368; x_wconf 82' lang='lat' dir='ltr'>Gallica</span> <span class='ocrx_word' id='word_1_407' title='bbox 909 2328 977 2368; x_wconf 91' lang='lat' dir='ltr'>sub</span> <span class='ocrx_word' id='word_1_408' title='bbox 997 2328 1101 2383; x_wconf 91' lang='lat' dir='ltr'>Sept.</span> <span class='ocrx_word' id='word_1_409' title='bbox 1117 2329 1260 2369; x_wconf 90' lang='lat' dir='ltr'>Severo</span> <span class='ocrx_word' id='word_1_410' title='bbox 1281 2329 1319 2368; x_wconf 91' lang='lat' dir='ltr'>in</span> <span class='ocrx_word' id='word_1_411' title='bbox 1344 2329 1531 2370; x_wconf 86' lang='lat' dir='ltr'>Phoenice</span> <span class='ocrx_word' id='word_1_412' title='bbox 1552 2331 1712 2372; x_wconf 89' lang='lat' dir='ltr'>hiberna</span> <span class='ocrx_word' id='word_1_413' title='bbox 1731 2331 1866 2373; x_wconf 89' lang='lat' dir='ltr'>habuit</span> <span class='ocrx_word' id='word_1_414' title='bbox 1882 2352 1894 2379; x_wconf 77' lang='lat'>5</span> <span class='ocrx_word' id='word_1_415' title='bbox 1921 2334 2127 2386; x_wconf 89' lang='lat' dir='ltr'>postquam</span> <span class='ocrx_word' id='word_1_416' title='bbox 2145 2346 2274 2375; x_wconf 88' lang='lat' dir='ltr'>autem</span> <span class='ocrx_word' id='word_1_417' title='bbox 2290 2349 2338 2376; x_wconf 84' lang='lat' dir='ltr'>ea</span> 
     </span>
     <span class='ocr_line' id='line_1_34' title="bbox 220 2383 2336 2443; baseline 0.004 -19"><span class='ocrx_word' id='word_1_418' title='bbox 220 2385 299 2437; x_wconf 89' lang='lat' dir='ltr'>ipse</span> <span class='ocrx_word' id='word_1_419' title='bbox 324 2383 411 2424; x_wconf 86' lang='lat' dir='ltr'>usus</span> <span class='ocrx_word' id='word_1_420' title='bbox 436 2384 488 2423; x_wconf 85' lang='lat' dir='ltr'>ess</span> <span class='ocrx_word' id='word_1_421' title='bbox 518 2384 556 2424; x_wconf 89' lang='lat' dir='ltr'>in</span> <span class='ocrx_word' id='word_1_422' title='bbox 583 2383 685 2424; x_wconf 91' lang='lat' dir='ltr'>bello</span> <span class='ocrx_word' id='word_1_423' title='bbox 709 2383 909 2431; x_wconf 86' lang='lat' dir='ltr'>Parthico,</span> <span class='ocrx_word' id='word_1_424' title='bbox 939 2384 1159 2425; x_wconf 85' lang='lat' dir='ltr'>Veteranos</span> <span class='ocrx_word' id='word_1_425' title='bbox 1186 2384 1284 2425; x_wconf 88' lang='lat' dir='ltr'>illius</span> <span class='ocrx_word' id='word_1_426' title='bbox 1309 2384 1463 2440; x_wconf 87' lang='lat' dir='ltr'>Tyrum</span> <span class='ocrx_word' id='word_1_427' title='bbox 1491 2386 1671 2428; x_wconf 88' lang='lat' dir='ltr'>Colonos</span> <span class='ocrx_word' id='word_1_428' title='bbox 1695 2387 1873 2429; x_wconf 85' lang='lat' dir='ltr'>traduxit.</span> <span class='ocrx_word' id='word_1_429' title='bbox 1914 2388 2200 2443; x_wconf 81' lang='lat' dir='ltr'>Conchylium‚</span> <span class='ocrx_word' id='word_1_430' title='bbox 2229 2391 2336 2432; x_wconf 80' lang='lat' dir='ltr'>urbis</span> 
     </span>
     <span class='ocr_line' id='line_1_35' title="bbox 221 2439 2204 2495; baseline 0.003 -16"><span class='ocrx_word' id='word_1_431' title='bbox 221 2440 436 2495; x_wconf 88' lang='lat' dir='ltr'>symbolum</span> <span class='ocrx_word' id='word_1_432' title='bbox 461 2439 526 2479; x_wconf 88' lang='lat' dir='ltr'>est.</span> <span class='ocrx_word' id='word_1_433' title='bbox 2191 2447 2204 2462; x_wconf 80' lang='grc'><em>’</em></span> 
     </span>
    </p>
   </div>
   <div class='ocr_carea' id='block_1_7' title="bbox 273 2517 1552 2574">
    <p class='ocr_par' dir='ltr' id='par_1_9' title="bbox 273 2517 1552 2574">
     <span class='ocr_line' id='line_1_36' title="bbox 273 2517 1552 2574; baseline 0.002 -17"><span class='ocrx_word' id='word_1_434' title='bbox 273 2518 357 2558; x_wconf 79' lang='lat' dir='ltr'>Hic</span> <span class='ocrx_word' id='word_1_435' title='bbox 379 2531 552 2558; x_wconf 78' lang='lat' dir='ltr'>nummus</span> <span class='ocrx_word' id='word_1_436' title='bbox 560 2517 739 2570; x_wconf 63' lang='lat' dir='ltr'>secundae</span> <span class='ocrx_word' id='word_1_437' title='bbox 761 2517 1035 2574; x_wconf 78' lang='lat' dir='ltr'>magnitudinis</span> <span class='ocrx_word' id='word_1_438' title='bbox 1054 2520 1158 2559; x_wconf 86' lang='lat' dir='ltr'>inter</span> <span class='ocrx_word' id='word_1_439' title='bbox 1181 2532 1286 2559; x_wconf 87' lang='lat' dir='ltr'>raros</span> <span class='ocrx_word' id='word_1_440' title='bbox 1303 2518 1552 2561; x_wconf 84' lang='lat' dir='ltr'>collocandus.</span> 
     </span>
    </p>
   </div>
   <div class='ocr_carea' id='block_1_8' title="bbox 1081 2651 1483 3017">
    <p class='ocr_par' dir='ltr' id='par_1_10' title="bbox 1081 2651 1483 3017">
     <span class='ocr_line' id='line_1_37' title="bbox 1081 2651 1483 3017; baseline 0 1202"><span class='ocrx_word' id='word_1_441' title='bbox 1081 2651 1483 3017; x_wconf 95' lang='lat' dir='ltr'> </span> 
     </span>
    </p>
   </div>
   <div class='ocr_carea' id='block_1_9' title="bbox 235 3116 2327 3238">
    <p class='ocr_par' dir='ltr' id='par_1_11' title="bbox 235 3116 2327 3238">
     <span class='ocr_line' id='line_1_38' title="bbox 235 3116 2327 3182; baseline -0 -11"><span class='ocrx_word' id='word_1_442' title='bbox 235 3116 240 3121; x_wconf 41' lang='grc'><em>’</em></span> <span class='ocrx_word' id='word_1_443' title='bbox 272 3146 296 3171; x_wconf 91' lang='lat' dir='ltr'>c</span> <span class='ocrx_word' id='word_1_444' title='bbox 309 3145 333 3170; x_wconf 91' lang='lat' dir='ltr'>o</span> <span class='ocrx_word' id='word_1_445' title='bbox 349 3145 386 3170; x_wconf 82' lang='lat' dir='ltr'>L.</span> <span class='ocrx_word' id='word_1_446' title='bbox 420 3142 443 3167; x_wconf 89' lang='lat' dir='ltr'>T</span> <span class='ocrx_word' id='word_1_447' title='bbox 457 3141 480 3168; x_wconf 67' lang='grc' dir='ltr'>Υ</span> <span class='ocrx_word' id='word_1_448' title='bbox 496 3125 573 3168; x_wconf 64' lang='lat' dir='ltr'>R&#39;o.</span> <span class='ocrx_word' id='word_1_449' title='bbox 605 3139 640 3166; x_wconf 88' lang='lat' dir='ltr'>M</span> <span class='ocrx_word' id='word_1_450' title='bbox 654 3140 676 3165; x_wconf 73' lang='grc' dir='ltr'><strong>Ε</strong></span> <span class='ocrx_word' id='word_1_451' title='bbox 691 3139 716 3166; x_wconf 85' lang='grc' dir='ltr'>τ</span> <span class='ocrx_word' id='word_1_452' title='bbox 731 3139 774 3166; x_wconf 79' lang='lat' dir='ltr'>R.</span> <span class='ocrx_word' id='word_1_453' title='bbox 805 3124 960 3167; x_wconf 88' lang='lat' dir='ltr'>Colonia</span> <span class='ocrx_word' id='word_1_454' title='bbox 980 3124 1094 3181; x_wconf 86' lang='lat' dir='ltr'>Tyros</span> <span class='ocrx_word' id='word_1_455' title='bbox 1113 3124 1351 3179; x_wconf 71' lang='lat' dir='ltr'>Metropolis.</span> <span class='ocrx_word' id='word_1_456' title='bbox 1383 3125 1462 3166; x_wconf 88' lang='lat' dir='ltr'>Bos</span> <span class='ocrx_word' id='word_1_457' title='bbox 1482 3139 1587 3181; x_wconf 91' lang='lat' dir='ltr'>pone</span> <span class='ocrx_word' id='word_1_458' title='bbox 1606 3139 1724 3180; x_wconf 90' lang='lat' dir='ltr'>quem</span> <span class='ocrx_word' id='word_1_459' title='bbox 1739 3119 1920 3168; x_wconf 79' lang='lat' dir='ltr'>vexillum</span> <span class='ocrx_word' id='word_1_460' title='bbox 1942 3126 1982 3166; x_wconf 90' lang='lat' dir='ltr'>in</span> <span class='ocrx_word' id='word_1_461' title='bbox 1996 3140 2080 3182; x_wconf 91' lang='lat' dir='ltr'>quo</span> <span class='ocrx_word' id='word_1_462' title='bbox 2097 3140 2123 3168; x_wconf 87' lang='lat' dir='ltr'>L</span> <span class='ocrx_word' id='word_1_463' title='bbox 2135 3141 2159 3168; x_wconf 81' lang='lat' dir='ltr'><strong>E</strong></span> <span class='ocrx_word' id='word_1_464' title='bbox 2172 3142 2212 3169; x_wconf 85' lang='lat' dir='ltr'>G.</span> <span class='ocrx_word' id='word_1_465' title='bbox 2243 3140 2286 3169; x_wconf 88' lang='lat'>11</span> <span class='ocrx_word' id='word_1_466' title='bbox 2297 3130 2327 3172; x_wconf 69' lang='lat'>1.‘</span> 
     </span>
     <span class='ocr_line' id='line_1_39' title="bbox 330 3181 1379 3238; baseline -0.004 -13"><span class='ocrx_word' id='word_1_467' title='bbox 330 3200 356 3225; x_wconf 84' lang='lat' dir='ltr'>G</span> <span class='ocrx_word' id='word_1_468' title='bbox 372 3200 397 3225; x_wconf 83' lang='lat' dir='ltr'>A</span> <span class='ocrx_word' id='word_1_469' title='bbox 412 3199 448 3224; x_wconf 82' lang='lat' dir='ltr'>L.</span> <span class='ocrx_word' id='word_1_470' title='bbox 483 3183 603 3238; x_wconf 70' lang='lat' dir='ltr'>Legio</span> <span class='ocrx_word' id='word_1_471' title='bbox 621 3184 738 3222; x_wconf 80' lang='lat' dir='ltr'>tertia</span> <span class='ocrx_word' id='word_1_472' title='bbox 760 3181 924 3222; x_wconf 88' lang='lat' dir='ltr'>Gallica.</span> <span class='ocrx_word' id='word_1_473' title='bbox 954 3181 999 3222; x_wconf 92' lang='lat' dir='ltr'>In</span> <span class='ocrx_word' id='word_1_474' title='bbox 1015 3196 1102 3223; x_wconf 88' lang='lat' dir='ltr'>area</span> <span class='ocrx_word' id='word_1_475' title='bbox 1118 3181 1379 3236; x_wconf 86' lang='lat' dir='ltr'>conchylium.</span> 
     </span>
    </p>
   </div>
   <div class='ocr_carea' id='block_1_10' title="bbox 212 3258 2327 3705">
    <p class='ocr_par' dir='ltr' id='par_1_12' title="bbox 212 3258 2327 3705">
     <span class='ocr_line' id='line_1_40' title="bbox 273 3258 2327 3317; baseline -0 -13"><span class='ocrx_word' id='word_1_476' title='bbox 273 3265 352 3304; x_wconf 78' lang='lat' dir='ltr'>Bos</span> <span class='ocrx_word' id='word_1_477' title='bbox 370 3268 406 3303; x_wconf 71' lang='grc' dir='ltr'>δε</span> <span class='ocrx_word' id='word_1_478' title='bbox 425 3258 624 3307; x_wconf 75' lang='lat' dir='ltr'>vexillum,</span> <span class='ocrx_word' id='word_1_479' title='bbox 655 3261 832 3302; x_wconf 68' lang='lat' dir='ltr'>deduftae</span> <span class='ocrx_word' id='word_1_480' title='bbox 849 3260 1028 3301; x_wconf 84' lang='lat' dir='ltr'>Coloniae</span> <span class='ocrx_word' id='word_1_481' title='bbox 1051 3259 1210 3316; x_wconf 81' lang='lat' dir='ltr'>infignia</span> <span class='ocrx_word' id='word_1_482' title='bbox 1234 3260 1348 3307; x_wconf 70' lang='lat' dir='ltr'>sunt,</span> <span class='ocrx_word' id='word_1_483' title='bbox 1375 3261 1454 3301; x_wconf 91' lang='lat' dir='ltr'>Bos</span> <span class='ocrx_word' id='word_1_484' title='bbox 1479 3259 1638 3314; x_wconf 88' lang='lat' dir='ltr'>quidem</span> <span class='ocrx_word' id='word_1_485' title='bbox 1666 3259 1913 3301; x_wconf 89' lang='lat' dir='ltr'>Colonorum</span> <span class='ocrx_word' id='word_1_486' title='bbox 1940 3271 2182 3317; x_wconf 89' lang='lat' dir='ltr'>togatorum,</span> <span class='ocrx_word' id='word_1_487' title='bbox 2209 3263 2327 3304; x_wconf 86' lang='lat' dir='ltr'>vexil-</span> 
     </span>
     <span class='ocr_line' id='line_1_41' title="bbox 219 3315 2324 3371; baseline 0 -12"><span class='ocrx_word' id='word_1_488' title='bbox 219 3320 297 3360; x_wconf 85' lang='lat' dir='ltr'>lum</span> <span class='ocrx_word' id='word_1_489' title='bbox 316 3332 442 3359; x_wconf 75' lang='lat' dir='ltr'>autem</span> <span class='ocrx_word' id='word_1_490' title='bbox 464 3318 757 3358; x_wconf 80' lang='lat' dir='ltr'>Veteranorum.</span> <span class='ocrx_word' id='word_1_491' title='bbox 788 3318 920 3358; x_wconf 85' lang='lat' dir='ltr'>Roma</span> <span class='ocrx_word' id='word_1_492' title='bbox 936 3319 1025 3357; x_wconf 77' lang='lat' dir='ltr'>cum</span> <span class='ocrx_word' id='word_1_493' title='bbox 1042 3316 1251 3371; x_wconf 88' lang='lat' dir='ltr'>aliquando</span> <span class='ocrx_word' id='word_1_494' title='bbox 1267 3315 1519 3357; x_wconf 86' lang='lat' dir='ltr'>numerofiori</span> <span class='ocrx_word' id='word_1_495' title='bbox 1535 3316 1647 3371; x_wconf 91' lang='lat' dir='ltr'>plebe</span> <span class='ocrx_word' id='word_1_496' title='bbox 1661 3329 1901 3371; x_wconf 86' lang='lat' dir='ltr'>gravaretur,</span> <span class='ocrx_word' id='word_1_497' title='bbox 1930 3331 2017 3371; x_wconf 87' lang='lat' dir='ltr'>quae</span> <span class='ocrx_word' id='word_1_498' title='bbox 2035 3317 2162 3357; x_wconf 89' lang='lat' dir='ltr'>censui</span> <span class='ocrx_word' id='word_1_499' title='bbox 2178 3318 2324 3359; x_wconf 87' lang='lat' dir='ltr'>solven-</span> 
     </span>
     <span class='ocr_line' id='line_1_42' title="bbox 212 3371 2322 3427; baseline -0.001 -12"><span class='ocrx_word' id='word_1_500' title='bbox 212 3375 274 3416; x_wconf 92' lang='lat' dir='ltr'>·do</span> <span class='ocrx_word' id='word_1_501' title='bbox 292 3389 368 3413; x_wconf 83' lang='lat' dir='ltr'>non</span> <span class='ocrx_word' id='word_1_502' title='bbox 389 3373 595 3417; x_wconf 80' lang='lat' dir='ltr'>sufficeret,</span> <span class='ocrx_word' id='word_1_503' title='bbox 624 3374 892 3427; x_wconf 84' lang='lat' dir='ltr'>pauperiorem</span> <span class='ocrx_word' id='word_1_504' title='bbox 908 3372 1006 3413; x_wconf 86' lang='lat' dir='ltr'>illius</span> <span class='ocrx_word' id='word_1_505' title='bbox 1022 3385 1170 3427; x_wconf 89' lang='lat' dir='ltr'>partem</span> <span class='ocrx_word' id='word_1_506' title='bbox 1190 3372 1230 3411; x_wconf 92' lang='lat' dir='ltr'>in</span> <span class='ocrx_word' id='word_1_507' title='bbox 1247 3371 1435 3412; x_wconf 86' lang='lat' dir='ltr'>Colonias</span> <span class='ocrx_word' id='word_1_508' title='bbox 1456 3371 1726 3418; x_wconf 83' lang='lat' dir='ltr'>transferebat,</span> <span class='ocrx_word' id='word_1_509' title='bbox 1754 3372 1797 3412; x_wconf 90' lang='lat' dir='ltr'>iis</span> <span class='ocrx_word' id='word_1_510' title='bbox 1814 3385 1941 3413; x_wconf 89' lang='lat' dir='ltr'>autem</span> <span class='ocrx_word' id='word_1_511' title='bbox 1961 3373 2106 3413; x_wconf 91' lang='lat' dir='ltr'>civibus</span> <span class='ocrx_word' id='word_1_512' title='bbox 2125 3373 2322 3414; x_wconf 89' lang='lat' dir='ltr'>addeban-</span> 
     </span>
     <span class='ocr_line' id='line_1_43' title="bbox 221 3427 2324 3482; baseline -0 -10"><span class='ocrx_word' id='word_1_513' title='bbox 221 3443 282 3472; x_wconf 79' lang='lat' dir='ltr'>tur</span> <span class='ocrx_word' id='word_1_514' title='bbox 311 3430 526 3482; x_wconf 72' lang='lat' dir='ltr'>Legionum</span> <span class='ocrx_word' id='word_1_515' title='bbox 556 3429 761 3475; x_wconf 78' lang='lat' dir='ltr'>Veterani,</span> <span class='ocrx_word' id='word_1_516' title='bbox 789 3429 858 3482; x_wconf 89' lang='lat' dir='ltr'>qui</span> <span class='ocrx_word' id='word_1_517' title='bbox 885 3429 1014 3469; x_wconf 87' lang='lat' dir='ltr'>multis</span> <span class='ocrx_word' id='word_1_518' title='bbox 1041 3429 1151 3469; x_wconf 90' lang='lat' dir='ltr'>annis</span> <span class='ocrx_word' id='word_1_519' title='bbox 1178 3428 1365 3482; x_wconf 86' lang='lat' dir='ltr'>stipendia</span> <span class='ocrx_word' id='word_1_520' title='bbox 1385 3427 1425 3468; x_wconf 91' lang='lat' dir='ltr'>in</span> <span class='ocrx_word' id='word_1_521' title='bbox 1443 3427 1545 3468; x_wconf 92' lang='lat' dir='ltr'>bello</span> <span class='ocrx_word' id='word_1_522' title='bbox 1562 3427 1742 3468; x_wconf 88' lang='lat' dir='ltr'>fecerant.</span> <span class='ocrx_word' id='word_1_523' title='bbox 1771 3427 1829 3467; x_wconf 85' lang='lat' dir='ltr'>Ex</span> <span class='ocrx_word' id='word_1_524' title='bbox 1847 3440 2009 3482; x_wconf 86' lang='lat' dir='ltr'>utraque</span> <span class='ocrx_word' id='word_1_525' title='bbox 2029 3428 2127 3476; x_wconf 85' lang='lat' dir='ltr'>sorte</span> <span class='ocrx_word' id='word_1_526' title='bbox 2144 3428 2324 3471; x_wconf 86' lang='lat' dir='ltr'>Colonos</span> 
     </span>
     <span class='ocr_line' id='line_1_44' title="bbox 217 3482 2322 3539; baseline -0.001 -13"><span class='ocrx_word' id='word_1_527' title='bbox 217 3486 370 3539; x_wconf 87' lang='lat' dir='ltr'>Tyrum</span> <span class='ocrx_word' id='word_1_528' title='bbox 391 3485 559 3524; x_wconf 71' lang='lat' dir='ltr'>habuisse</span> <span class='ocrx_word' id='word_1_529' title='bbox 574 3485 734 3524; x_wconf 89' lang='lat' dir='ltr'>denotat</span> <span class='ocrx_word' id='word_1_530' title='bbox 754 3482 1016 3524; x_wconf 73' lang='lat' dir='ltr'>hic&#39;nummus</span> <span class='ocrx_word' id='word_1_531' title='bbox 1036 3497 1110 3538; x_wconf 56' lang='lat' dir='ltr'>per⁴</span> <span class='ocrx_word' id='word_1_532' title='bbox 1123 3485 1263 3524; x_wconf 89' lang='lat' dir='ltr'>bovem</span> <span class='ocrx_word' id='word_1_533' title='bbox 1280 3486 1319 3523; x_wconf 90' lang='lat'>&amp;</span> <span class='ocrx_word' id='word_1_534' title='bbox 1334 3483 1516 3524; x_wconf 87' lang='lat' dir='ltr'>vexillum</span> <span class='ocrx_word' id='word_1_535' title='bbox 1535 3498 1544 3523; x_wconf 92' lang='lat'>:</span> <span class='ocrx_word' id='word_1_536' title='bbox 1571 3483 1748 3524; x_wconf 82' lang='lat' dir='ltr'>vexillum</span> <span class='ocrx_word' id='word_1_537' title='bbox 1775 3483 1935 3537; x_wconf 88' lang='lat' dir='ltr'>quidem</span> <span class='ocrx_word' id='word_1_538' title='bbox 1960 3484 2142 3538; x_wconf 86' lang='lat' dir='ltr'>Legionis</span> <span class='ocrx_word' id='word_1_539' title='bbox 2156 3497 2322 3532; x_wconf 89' lang='lat' dir='ltr'>nomen,</span> 
     </span>
     <span class='ocr_line' id='line_1_45' title="bbox 220 3536 2321 3594; baseline 0 -13"><span class='ocrx_word' id='word_1_540' title='bbox 220 3540 326 3581; x_wconf 86' lang='lat' dir='ltr'>unde</span> <span class='ocrx_word' id='word_1_541' title='bbox 346 3538 524 3579; x_wconf 80' lang='lat' dir='ltr'>Veterani</span> <span class='ocrx_word' id='word_1_542' title='bbox 542 3541 694 3594; x_wconf 86' lang='lat' dir='ltr'>Tyrum</span> <span class='ocrx_word' id='word_1_543' title='bbox 711 3541 733 3579; x_wconf 75' lang='lat' dir='ltr'>a</span> <span class='ocrx_word' id='word_1_544' title='bbox 751 3541 853 3593; x_wconf 89' lang='lat' dir='ltr'>Sept.</span> <span class='ocrx_word' id='word_1_545' title='bbox 872 3540 1014 3580; x_wconf 85' lang='lat' dir='ltr'>Severo</span> <span class='ocrx_word' id='word_1_546' title='bbox 1030 3536 1225 3580; x_wconf 85' lang='lat' dir='ltr'>transmissi</span> <span class='ocrx_word' id='word_1_547' title='bbox 1241 3538 1337 3579; x_wconf 87' lang='lat' dir='ltr'>sunt.</span> <span class='ocrx_word' id='word_1_548' title='bbox 1368 3539 1432 3579; x_wconf 92' lang='lat' dir='ltr'>De</span> <span class='ocrx_word' id='word_1_549' title='bbox 1447 3539 1519 3579; x_wconf 89' lang='lat' dir='ltr'>hac</span> <span class='ocrx_word' id='word_1_550' title='bbox 1535 3538 1709 3594; x_wconf 85' lang='lat' dir='ltr'>Legione</span> <span class='ocrx_word' id='word_1_551' title='bbox 1725 3539 1880 3579; x_wconf 76' lang='lat' dir='ltr'>abunde</span> <span class='ocrx_word' id='word_1_552' title='bbox 1899 3539 2008 3593; x_wconf 74' lang='lat' dir='ltr'>supra</span> <span class='ocrx_word' id='word_1_553' title='bbox 2024 3539 2172 3594; x_wconf 87' lang='lat' dir='ltr'>egimus</span> <span class='ocrx_word' id='word_1_554' title='bbox 2191 3558 2202 3585; x_wconf 71' lang='grc' dir='ltr'>ς</span> <span class='ocrx_word' id='word_1_555' title='bbox 2218 3539 2321 3581; x_wconf 85' lang='lat' dir='ltr'>illam</span> 
     </span>
     <span class='ocr_line' id='line_1_46' title="bbox 221 3594 2318 3650; baseline 0.001 -14"><span class='ocrx_word' id='word_1_556' title='bbox 221 3597 380 3637; x_wconf 78' lang='lat' dir='ltr'>hiberna</span> <span class='ocrx_word' id='word_1_557' title='bbox 396 3594 509 3648; x_wconf 73' lang='lat' dir='ltr'>egifle</span> <span class='ocrx_word' id='word_1_558' title='bbox 526 3596 564 3634; x_wconf 86' lang='lat' dir='ltr'>in</span> <span class='ocrx_word' id='word_1_559' title='bbox 585 3595 779 3636; x_wconf 76' lang='lat' dir='ltr'>Phoenicia</span> <span class='ocrx_word' id='word_1_560' title='bbox 797 3594 911 3635; x_wconf 85' lang='lat' dir='ltr'>refert</span> <span class='ocrx_word' id='word_1_561' title='bbox 933 3596 1012 3635; x_wconf 84' lang='lat' dir='ltr'>Dio</span> <span class='ocrx_word' id='word_1_562' title='bbox 1035 3595 1098 3635; x_wconf 89' lang='lat' dir='ltr'>lib.</span> <span class='ocrx_word' id='word_1_563' title='bbox 1125 3606 1188 3645; x_wconf 87' lang='lat'>55.</span> <span class='ocrx_word' id='word_1_564' title='bbox 1212 3608 1296 3650; x_wconf 88' lang='lat' dir='ltr'>pag.</span> <span class='ocrx_word' id='word_1_565' title='bbox 1322 3599 1411 3646; x_wconf 90' lang='lat'>564.</span> <span class='ocrx_word' id='word_1_566' title='bbox 1441 3598 1496 3635; x_wconf 59' lang='grc' dir='ltr'>Καὶ</span> <span class='ocrx_word' id='word_1_567' title='bbox 1509 3597 1548 3631; x_wconf 74' lang='grc' dir='ltr'>πὶ</span> <span class='ocrx_word' id='word_1_568' title='bbox 1563 3601 1631 3637; x_wconf 57' lang='lat' dir='ltr'>telon</span> <span class='ocrx_word' id='word_1_569' title='bbox 1644 3597 1682 3631; x_wconf 71' lang='grc' dir='ltr'>πὶ</span> <span class='ocrx_word' id='word_1_570' title='bbox 1697 3600 1797 3636; x_wconf 62' lang='lat' dir='ltr'>reim,</span> <span class='ocrx_word' id='word_1_571' title='bbox 1821 3596 1850 3630; x_wconf 71' lang='lat'>‘1³3</span> <span class='ocrx_word' id='word_1_572' title='bbox 1864 3601 1935 3632; x_wconf 57' lang='grc' dir='ltr'>πᾶν</span> <span class='ocrx_word' id='word_1_573' title='bbox 1951 3601 2079 3645; x_wconf 66' lang='grc' dir='ltr'>Φοινίκῃ»</span> <span class='ocrx_word' id='word_1_574' title='bbox 2102 3597 2130 3632; x_wconf 65' lang='grc' dir='ltr'>τὲ</span> <span class='ocrx_word' id='word_1_575' title='bbox 2142 3598 2318 3646; x_wconf 55' lang='grc' dir='ltr'>Γαλκττκέν,</span> 
     </span>
     <span class='ocr_line' id='line_1_47' title="bbox 221 3649 1987 3705; baseline -0.001 -13"><span class='ocrx_word' id='word_1_576' title='bbox 221 3654 314 3692; x_wconf 80' lang='lat' dir='ltr'>‘Ires</span> <span class='ocrx_word' id='word_1_577' title='bbox 331 3659 453 3689; x_wconf 79' lang='lat' dir='ltr'>tertzae</span> <span class='ocrx_word' id='word_1_578' title='bbox 466 3675 478 3695; x_wconf 90' lang='lat'>,</span> <span class='ocrx_word' id='word_1_579' title='bbox 506 3663 581 3690; x_wconf 82' lang='lat' dir='ltr'>una</span> <span class='ocrx_word' id='word_1_580' title='bbox 597 3653 637 3691; x_wconf 89' lang='lat' dir='ltr'>in</span> <span class='ocrx_word' id='word_1_581' title='bbox 655 3651 880 3697; x_wconf 76' lang='lat' dir='ltr'>Phoenicia,</span> <span class='ocrx_word' id='word_1_582' title='bbox 911 3651 1063 3691; x_wconf 87' lang='lat' dir='ltr'>Gallica</span> <span class='ocrx_word' id='word_1_583' title='bbox 1080 3651 1236 3691; x_wconf 86' lang='lat' dir='ltr'>nomine.</span> <span class='ocrx_word' id='word_1_584' title='bbox 1274 3650 1559 3704; x_wconf 87' lang='lat' dir='ltr'>Conchylium,</span> <span class='ocrx_word' id='word_1_585' title='bbox 1576 3650 1674 3705; x_wconf 91' lang='lat' dir='ltr'>Tyri</span> <span class='ocrx_word' id='word_1_586' title='bbox 1688 3649 1904 3704; x_wconf 91' lang='lat' dir='ltr'>symbolum</span> <span class='ocrx_word' id='word_1_587' title='bbox 1921 3650 1987 3691; x_wconf 86' lang='lat' dir='ltr'>est.</span> 
     </span>
    </p>
   </div>
   <div class='ocr_carea' id='block_1_11' title="bbox 275 3734 1429 3790">
    <p class='ocr_par' dir='ltr' id='par_1_13' title="bbox 275 3734 1429 3790">
     <span class='ocr_line' id='line_1_48' title="bbox 275 3734 1429 3790; baseline 0 -13"><span class='ocrx_word' id='word_1_588' title='bbox 275 3737 357 3777; x_wconf 83' lang='lat' dir='ltr'>Hic</span> <span class='ocrx_word' id='word_1_589' title='bbox 375 3748 547 3790; x_wconf 75' lang='lat' dir='ltr'>nummus</span> <span class='ocrx_word' id='word_1_590' title='bbox 565 3736 759 3777; x_wconf 80' lang='lat' dir='ltr'>mediocris</span> <span class='ocrx_word' id='word_1_591' title='bbox 774 3736 914 3777; x_wconf 80' lang='lat' dir='ltr'>moduli</span> <span class='ocrx_word' id='word_1_592' title='bbox 931 3737 1032 3776; x_wconf 84' lang='lat' dir='ltr'>inter</span> <span class='ocrx_word' id='word_1_593' title='bbox 1051 3750 1154 3778; x_wconf 88' lang='lat' dir='ltr'>raros</span> <span class='ocrx_word' id='word_1_594' title='bbox 1172 3734 1429 3788; x_wconf 53' lang='lat' dir='ltr'>afflwvandus.</span> 
     </span>
    </p>
   </div>
  </div>
 </body>
</html>
