2491 4219
240 142 329 198 158
773 141 1350 191 PHILIPPUS
1433 145 1854 194 SENIOR:

289 203 606 266 Antiochensium
626 206 772 245 nummi
788 207 826 244 in
845 206 1034 246 Gordiani
1052 207 1242 248 honorem
1259 211 1418 263 percusti
1437 212 1499 252 vix
1516 212 1773 266 reperiuntur,
1801 211 1890 253 licet
1912 211 1974 253 ille
1994 225 2130 254 eorum
2153 214 2285 257 urbem
2301 217 2326 259 ὲ

234 258 354 300 Perus
379 272 604 320 occupatam
629 261 834 314 receperit,
862 266 901 301 δε
932 262 1045 315 Syriae
1074 277 1181 303 amor
1207 263 1311 317 apud
1335 265 1600 317 Capitolinum
1620 267 1796 314 dicatur,
1824 267 1890 308 sed
1913 267 2081 323 Philippi
2103 268 2325 325 frequentes

235 313 341 361 sunt,
369 316 421 355 ob
440 314 599 367 aliquod
617 314 740 354 forsan
761 315 990 356 beneficium
1010 317 1099 371 ipsis
1115 318 1164 357 ab
1178 331 1228 358 eo
1247 319 1465 360 concessum
1485 336 1492 360 :
1520 323 1553 362 is
1572 323 1677 364 enim
1701 321 1870 376 populos
1896 321 1963 363 fibi
1979 323 2179 366 conciliare
2195 326 2324 368 stude-

238 368 323 415 bat,
353 384 401 409 ne
419 369 659 410 Gordianum
679 370 699 409 a
716 370 752 409 se
768 370 1009 412 interfeftum
1033 373 1306 420 existimarent,
1336 386 1401 414 aut
1428 375 1556 416 filtem
1581 392 1661 417 non
1688 377 1938 431 divulgarent.
1984 379 2117 432 Caput
2140 381 2324 424 muliebre

233 424 439 519 {flurin-imi]
462 425 609 484 Genius
625 425 680 520 {ist
697 425 820 470 urbis,
847 425 1002 467 solenne
1026 428 1108 481 ejus
1127 427 1355 482 symbolum.
1387 430 1518 477 Aries,
1547 445 1690 474 annum
1712 433 1780 473 sub
1800 433 1877 474 hoc
1891 433 2000 489 figno
2018 434 2067 475 ab
2084 435 2325 489 Antiocheia

252 493 261 517 1
291 493 333 519 us
352 494 413 519 inc
444 489 627 519 oatumm
657 491 742 520 icat.

287 569 370 609 Hic
385 583 555 610 nummus
566 572 697 625 primae
714 572 1008 626 magnitudimk,
1038 573 1061 614 d
1081 573 1251 627 Trssano
1267 573 1393 616 editus
1413 584 1502 617 tom.
1524 590 1559 617 2.
1574 586 1661 633 pag.
1686 580 1776 631 568.
1793 577 1945 626 obvius,
1960 579 2140 631 ficundae
2158 579 2183 621 a=
2203 581 2323 622 Pati-

231 637 278 663 no
291 635 382 680 pag.
407 629 498 680 384.
517 626 841 682 vu‘nusfiequens.
1591 634 1595 638 ’

291 1290 316 1314 Α
333 1289 360 1315 N
376 1289 399 1313 τ
414 1288 426 1313 1
439 1288 500 1314 ox
513 1288 527 1313 1
543 1289 581 1314 A.
612 1284 635 1311 Δ
649 1290 674 1314 H
692 1288 723 1313 M
741 1288 765 1313 A
782 1289 802 1313 Ρ
815 1289 853 1315 x.
885 1288 908 1314 E
922 1285 1015 1315 ΞοΥ
1029 1289 1051 1314 c
1064 1289 1079 1314 1
1094 1289 1119 1314 A
1134 1289 1169 1315 c.
1198 1285 1295 1314 ΥΠΑ
1311 1288 1381 1314 το.
1415 1285 1446 1313 r.
1475 1282 1665 1324 Δημκρχικῆς
1679 1276 1813 1320 {gaviam
1837 1276 1976 1320 Tnvt'r&
1989 1279 2019 1314 «ιδ
2033 1295 2070 1327 y.
2105 1275 2326 1319 Tribunitia

336 1330 543 1384 potestate,
571 1331 714 1382 Consul
729 1330 910 1370 Tertium.
942 1330 987 1370 In
1008 1331 1090 1371 imo
1108 1344 1138 1369 s.
1157 1345 1189 1371 c.
1221 1329 1364 1385 Aquila
1381 1329 1447 1370 alis
1463 1330 1657 1385 expansis,
1686 1331 1809 1372 rostro
1821 1345 2013 1372 coronam.

286 1422 366 1461 Hic
384 1434 563 1460 nummus
578 1421 599 1459 ἰι
615 1421 751 1460 Patino
768 1419 943 1474 vulgatus
962 1421 1017 1460 est
1033 1434 1121 1460 cum
1136 1420 1346 1475 epigraphe
1362 1432 1424 1459 ΥΠ
1435 1435 1462 1460 A
1477 1435 1511 1460 T.
1532 1422 1702 1468 tantum,
1732 1421 1855 1462 forsan
1870 1421 2002 1463 mutila
2018 1441 2030 1468 ;
2058 1421 2329 1475 plurimi'enim

230 1491 334 1530 quos
362 1476 526 1516 vidimus
551 1475 759 1527 praeferunt
785 1487 886 1515 ΥΠΑ
902 1490 975 1514 To.
1008 1489 1037 1515 r.
1089 1476 1131 1515 P.
1159 1476 1384 1516 Harduinus
1407 1490 1444 1530 p.
1478 1490 1542 1526 55.
1571 1491 1691 1517 unum
1716 1491 1763 1518 ex
1791 1477 1923 1518 museo
1948 1476 2115 1531 Collegii
2141 1476 2332 1518 Ludovici

234 1532 372 1586 Magni
396 1545 484 1570 cum
502 1531 746 1583 inscriptione
762 1541 820 1567 ΥΠ
834 1545 858 1570 A
875 1545 898 1570 τ
911 1545 945 1569 0.
977 1543 1010 1568 Δ.
1030 1531 1188 1584 protulit
1204 1551 1216 1576 3
1245 1545 1293 1570 an
1311 1544 1414 1572 error
1434 1531 1479 1572 fit
1500 1532 1538 1571 in
1558 1546 1739 1579 nummo,
1767 1547 1816 1573 an
1842 1533 1954 1573 Pater
1977 1532 2075 1573 male
2096 1532 2247 1587 legerit,
2273 1534 2331 1574 vi·

233 1587 384 1626 dendus
399 1587 453 1626 est
470 1600 650 1625 nummus
671 1601 678 1625 :
705 1586 925 1639 Philippum
945 1598 1071 1625 autem
1100 1585 1317 1626 consulatus
1344 1599 1419 1628 tres
1441 1587 1591 1627 tantum
1619 1587 1763 1643 gestisse
1789 1588 1947 1629 constat.
1978 1587 2158 1628 Consulis
2175 1587 2332 1629 tertium

233 1643 364 1682 titulus
381 1655 497 1695 quem
514 1640 698 1681 adhibent
716 1640 995 1681 Antiochenses
1012 1641 1051 1680 in
1073 1641 1260 1689 nummis,
1287 1642 1430 1684 indicat
1446 1642 1530 1682 illos
1551 1643 1697 1698 semper
1711 1643 1820 1685 fuisse
1842 1642 2009 1698 Philippi
2032 1643 2203 1697 partibus
2225 1643 2335 1684 addi-

232 1700 336 1744 ξὶοε,
364 1698 452 1738 licet
469 1697 515 1737 ab
531 1696 606 1737 hoc
624 1697 819 1738 consulatu
840 1697 1079 1752 lotapianus‚
1110 1697 1284 1738 Marinus
1301 1702 1339 1738 δε
1358 1699 1472 1740 etiam
1490 1698 1634 1740 Decius
1651 1699 1906 1753 Imperatores
1924 1699 1963 1738 in
1980 1698 2186 1754 provinciis
2202 1699 2335 1753 appel-

232 1754 296 1795 lati
316 1754 486 1799 fuissent,
514 1753 578 1793 scd
597 1753 798 1807 praesertim
817 1753 894 1794 hoc
911 1751 1085 1807 obsequii
1104 1767 1361 1803 monumento
1377 1755 1414 1794 se
1425 1753 1626 1808 Jotapiani
1643 1755 1812 1808 partibus
1829 1755 1868 1794 in
1886 1754 1990 1808 Syria
2012 1753 2118 1794 nullo
2131 1753 2253 1805 modo
2275 1753 2334 1795 fa-

232 1810 324 1850 viss'e
342 1809 597 1864 fignificarunt
616 1824 623 1848 :
650 1810 712 1849 ille
731 1810 835 1849 enim
854 1811 918 1850 vix
935 1823 1037 1849 nova
1058 1809 1213 1851 molitus
1227 1810 1248 1850 a
1265 1810 1444 1851 militibus
1460 1810 1605 1851 occisus
1620 1812 1695 1857 est,
1724 1809 1828 1865 apud
1846 1812 1939 1850 Aur.
1959 1809 2170 1850 Vffiorem.
2199 1808 2261 1849 Et
2274 1812 2334 1853 in-

232 1876 335 1906 terea
353 1865 409 1905 ud
419 1879 501 1905 eum
520 1864 727 1918 Jotapiani
738 1892 750 1912 ‚
779 1867 845 1920 qui
861 1865 1080 1905 Alexandri
1095 1874 1244 1907 tumens
1247 1865 1369 1920 stirpe
1375 1893 1388 1912 ,
1410 1876 1478 1918 per
1499 1865 1646 1918 Syriam
1661 1875 1817 1906 tentans
1837 1879 1961 1911 nova,
1989 1864 2152 1904 militum
2176 1863 2334 1907 arbitrio

231 1921 455 1962 occubuerat
472 1936 484 1960 .·
513 1935 597 1967 ora,
626 1922 686 1960 uti
707 1935 783 1961 mos
803 1921 873 1973 est,
898 1921 1290 1976 irtopinatofiruntztr.
1319 1921 1602 1962 Antiochenses
1617 1933 1800 1977 tanquam
1817 1920 1963 1962 Coloni
1980 1920 2163 1976 Aquilam
2176 1918 2336 1976 Imperii

232 1977 406 2018 Romani
424 1977 569 2031 insigne
584 1976 780 2018 exhibent.

287 2069 372 2110 Hic
390 2084 560 2111 nummus
578 2070 792 2118 mediocris,
819 2069 843 2111 ὰ
862 2070 1012 2112 ‘Patina
1023 2071 1123 2126 pag.⁴
1135 2073 1225 2124 384.
1245 2068 1453 2126 vagatus,
1467 2068 1654 2124 frequens
1669 2064 1717 2113 ἐν
1733 2066 1879 2109 obvius,

292 2735 329 2762 M
343 2734 368 2759 o
382 2732 425 2757 N.
458 2729 525 2754 va
539 2727 572 2752 n.
604 2720 628 2747 Δ
640 2725 666 2750 u
680 2723 714 2749 M
729 2723 753 2748 A
769 2721 788 2747 Ρ
799 2721 835 2747 x.
867 2721 891 2747 E
903 2715 993 2747 ΞοΥ
1004 2721 1026 2747 c
1037 2721 1052 2747 1
1065 2721 1091 2746 A
1105 2721 1150 2753 c,
1167 2705 1205 2746 in
1216 2717 1377 2745 nummo
1395 2709 1418 2735 Σ
1434 2718 1507 2758 pro
1526 2706 1568 2750 Ξ,
1595 2700 1705 2757 quod
1722 2703 1761 2740 &
1779 2701 1869 2741 alias
1887 2700 2064 2742 occurrit.
2093 2700 2256 2742 Moneta
2270 2714 2333 2743 ur-

351 2774 418 2814 bis.
448 2763 880 2820 Tribunitiapotestate,
907 2764 947 2803 in
965 2763 1044 2802 imo
1066 2776 1100 2802 s.
1121 2778 1154 2802 c.
1185 2760 1328 2815 Aquila
1343 2759 1412 2800 alis
1429 2757 1623 2815 expansis,
1650 2756 1772 2799 rostro
1790 2769 1986 2798 coronam.

291 2866 452 2923 Insignis
469 2863 522 2904 est
542 2861 602 2901 ille
621 2856 940 2900 Antiochensium
957 2868 1159 2901 nummus,
1187 2854 1255 2908 qui
1281 2867 1354 2908 pro
1377 2852 1521 2908 vulgari
1546 2852 1582 2892 A
1595 2864 1625 2890 N
1640 2864 1665 2889 T
1677 2864 1763 2891 10x
1777 2863 1791 2889 1
1805 2863 1846 2888 A·
1860 2846 2090 2909 epigraphe,
2117 2847 2337 2911 praeclaram

237 2927 339 2968 hanc
364 2935 437 2962 Mo
451 2933 515 2958 Nn
529 2932 553 2956 T
573 2931 595 2955 A
629 2930 654 2954 ν
669 2929 697 2954 R
712 2918 759 2953 13'1
774 2926 793 2951 s
829 2909 1110 2964 inscriptionem
1143 2909 1255 2963 ponit
1285 2924 1293 2947 :
1324 2909 1399 2948 hoc
1422 2908 1523 2948 enim
1548 2917 1804 2947 monumento
1822 2902 2029 2945 Antiochia
2046 2915 2087 2964 in
2110 2915 2335 2965 memoriam

238 2990 395 3024 revocat
415 2974 633 3014 facultatem
648 2967 834 3009 cudendae
854 2977 1020 3006 monetae
1036 2967 1057 3004 a
1072 2966 1213 3004 Senatu
1237 2963 1304 3003 fibi
1325 2960 1560 3008 concessam,
1588 2962 1675 3015 post
1701 2961 1845 3014 Syriam
1871 2959 1893 2999 ὲ
1918 2958 2108 3011 Pompeio
2123 2972 2163 2997 m
2177 2958 2337 3000 Provin-

238 3038 336 3077 ciam
355 3031 546 3073 sedan-am
568 3042 575 3065 ι
603 3022 839 3078 Porphyrius
856 3031 986 3060 autem
1002 3020 1042 3058 in
1059 3018 1205 3059 Graecis
1225 3017 1359 3058 Euseb.
1373 3018 1506 3071 Scalig.
1524 3030 1562 3070 p.
1585 3028 1672 3068 227.
1701 3014 1932 3075 Pompeium
1944 3013 1993 3053 ab
2010 3012 2338 3056 Antiochensibus

269 3088 422 3132 ecunias
442 3080 624 3138 accepisse
637 3109 648 3128 ,
677 3080 871 3120 civitatem
891 3089 1024 3116 eorum
1042 3074 1168 3115 fecisse
1183 3077 1353 3124 ωύπνίμον,
1381 3077 1419 3113 &
1446 3071 1514 3112 suo
1538 3071 1637 3111 hanc
1663 3071 1719 3110 uti
1732 3071 1818 3123 jure
1832 3068 1987 3110 volmsse
2006 3080 2129 3109 narrat
2146 3088 2157 3115 3
2186 3080 2225 3110 at
2243 3071 2335 3111 cum

238 3108 437 3188 iiionctam
462 3141 530 3181 sub
552 3137 730 3193 Regibus
752 3133 825 3173 suis
850 3131 992 3174 cudere
1019 3130 1127 3171 solita
1145 3129 1257 3176 estet,
1284 3140 1327 3170 ut
1350 3128 1427 3169 hoc
1450 3126 1651 3182 privilegio
1675 3125 1880 3181 gauderet,
1915 3123 2248 3186 Senatusconsulto
2275 3125 2338 3166 illa.

241 3217 341 3256 opus
357 3198 513 3244 habuit,
541 3193 650 3247 cujus
669 3203 803 3232 notam
820 3203 854 3229 s.
887 3203 922 3229 c.
941 3187 1124 3241 deinceps
1143 3186 1183 3226 in
1202 3185 1368 3225 nummis
1385 3183 1579 3229 adhibuit,
1607 3186 1646 3222 δε
1662 3195 1763 3227 non,
1792 3192 1834 3221 ut
1848 3190 1958 3234 putat
1971 3179 2127 3241 Patruus
2141 3193 2226 3240 pag.
2244 3183 2335 3234 384.

242 3260 294 3299 ob
316 3255 549 3310 populorum
566 3263 655 3303 erga
673 3247 855 3288 Senatum
876 3243 1136 3284 reverentiam.
1167 3240 1386 3282 Antiochiae
1403 3239 1500 3280 duas
1514 3236 1700 3279 cudendae
1718 3246 1888 3297 moneta:-
1902 3233 2075 3275 officmas
2095 3234 2204 3274 fuisse
2223 3233 2339 3289 suspi-

242 3314 317 3354 cati
334 3313 478 3356 finnus,
508 3307 560 3348 ob
579 3302 742 3345 diversas
758 3312 1005 3341 nummorum
1027 3298 1165 3339 Latine
1181 3300 1219 3337 δε
1235 3296 1373 3337 Graece
1389 3294 1670 3349 inscriptiones,
1697 3305 1814 3354 unam
1841 3290 1979 3331 scilicet
1998 3305 2069 3344 pro
2088 3289 2337 3352 Ρτξῌάεβγ-

244 3369 307 3410 riae
326 3368 364 3405 in
382 3380 458 3420 qua
479 3362 618 3404 Graece
633 3359 875 3404 scriberetur,
902 3354 1056 3395 alteram
1071 3354 1110 3394 in
1126 3367 1203 3408 qua
1222 3352 1311 3392 urbs
1327 3362 1484 3406 propter
1504 3350 1612 3390 suum
1629 3345 1886 3408 percutiendae
1905 3357 2071 3387 monetae
2095 3345 2337 3407 privilegium

242 3434 356 3466 notas
379 3435 409 3459 s.
440 3436 474 3461 c.
497 3427 730 3473 apponeret,
758 3412 924 3454 nostram
945 3410 1033 3450 sanc}
1053 3408 1276 3451 sententiam
1298 3406 1347 3448 de
1389 3406 1516 3447 emina
1539 3415 1705 3445 monetae
1728 3401 1902 3449 officina,
1929 3405 1969 3442 δε
1984 3400 2035 3441 de
2053 3399 2252 3461 privilegio
2270 3414 2336 3462 cu-

244 3476 382 3520 denda:
407 3487 570 3514 monetae
600 3471 685 3512 urbi
713 3471 734 3509 a
761 3469 902 3509 Senatu
930 3465 1108 3507 concesso
1134 3462 1335 3507 confirmat
1376 3460 1555 3518 iugularis
1582 3460 1665 3500 haec
1681 3472 1718 3498 M
1729 3472 1756 3498 o
1769 3472 1798 3498 N
1811 3472 1835 3498 E
1848 3471 1872 3497 Τ
1885 3471 1914 3497 A
1946 3469 1974 3497 v
1987 3470 2018 3496 R
2030 3470 2053 3497 B
2064 3470 2079 3496 1
2091 3469 2110 3496 s
2129 3454 2336 3510 mseriptio.

244 3536 311 3577 De
329 3530 489 3585 Aquila,
517 3529 626 3582 supra
644 3526 789 3566 dietum
809 3523 876 3565 est.

300 3620 383 3660 Hic
410 3628 580 3657 nummus
606 3613 801 3654 mediocris
819 3639 831 3660 ,
876 3610 898 3651 ἐ
932 3607 1052 3661 musto
1086 3607 1152 3649 D.
1183 3605 1302 3647 Dran
1337 3604 1431 3645 Can.
1459 3603 1524 3644 D.
1552 3600 1704 3642 Yhomae
1730 3599 1755 3640 ἀ
1784 3599 1941 3654 Lupara
1956 3624 1969 3645 ,
2016 3598 2164 3638 eximiae
2198 3600 2336 3640 rarita-

247 3687 297 3721 trs
314 3675 375 3728 est.
