2491 4219
749 108 1551 155 OTACILIA.
2123 111 2221 168 ⁴183¹

973 227 1375 270 TYRUS.

112 822 170 866 ‘'z-t.
201 840 226 866 o
242 839 265 879 :r
280 839 305 865 A
322 840 358 878 c.
390 839 408 864 s
423 840 446 866 E
459 840 486 865 v
498 839 522 865 E
536 838 566 866 R
578 840 620 873 A,
653 839 683 866 A
694 839 721 865 v
735 839 774 865 G.
790 826 936 882 ‚Caput
955 827 1131 876 Otaciliae
1146 827 1304 881 Severae.

172 884 282 922 co'L.
318 895 343 920 T
357 893 380 919 r
395 895 477 921 Ro.
507 895 542 920 M
556 895 579 920 E
594 895 618 920 τ
632 895 675 921 R.
707 881 860 921 Colonia
889 883 1005 936 Tyros
1030 880 1263 937 Metropolis.
1302 882 1453 923 Astarte
1481 882 1640 924 tutulata
1667 882 1802 924 vestitu
1819 882 1931 923 solito
1946 890 2079 923 ornata
2100 877 2227 934 stans}

226 938 398 976 dextram
417 937 580 990 apponit
597 936 794 990 trophaeo‚
825 936 917 976 laevzl
944 937 1153 990 scipionem
1173 953 1180 977 :
1209 938 1230 977 ὲ
1259 937 1411 978 sinistris
1436 937 1610 978 Vifikoria
1636 937 1754 992 cippo
1778 937 1956 992 imposita
1983 951 2168 981 coronam
2186 939 2228 987 ei

226 992 408 1045 porrigit,
438 1005 511 1044 pro
532 991 695 1045 pedibus
714 991 804 1031 hinc
820 992 993 1042 Silenus,
1022 993 1112 1032 inde
1132 993 1392 1047 conchylium.
1964 1003 1968 1007 “

155 1068 300 1124 >Tyrus
309 1069 518 1109 Phoeniciae
533 1069 700 1110 Colonia
717 1073 756 1109 ὃς
774 1069 1029 1123 Metropolis,
1057 1083 1174 1124 quam
1186 1071 1419 1123 QCurtius
1436 1069 1599 1110 affirmat
1613 1068 1778 1110 claritate
1794 1073 1834 1109 &
1848 1070 2116 1126 magnitudine
2131 1083 2222 1114 ante

113 1133 252 1166 omnes
275 1125 390 1177 Syria:
408 1125 695 1178 Phoeniciaeque
717 1124 828 1164 urbes
843 1125 1052 1178 superasse,
1081 1139 1164 1179 quo
1181 1136 1358 1178 tempore
1373 1124 1517 1166 obseffa
1542 1125 1596 1165 est
1622 1126 1670 1165 ab
1696 1126 1939 1173 Alexandro,
1968 1128 2007 1167 in
2023 1141 2069 1168 ea
2091 1139 2225 1171 autem

111 1180 336 1220 eminebant
358 1181 499 1232 templa
528 1181 575 1219 ab
604 1181 768 1221 Hiramo
794 1180 908 1235 Rege
934 1180 1111 1227 condita,
1140 1182 1383 1236 Agenorium
1409 1193 1502 1234 puta
1526 1180 1687 1234 &Jovis
1709 1181 1909 1236 Olympii,
1936 1186 1975 1222 δε
1999 1183 2167 1224 Astartes
2184 1187 2225 1224 δε

114 1235 314 1281 Herculis,
343 1235 392 1274 de
410 1235 550 1289 quibus
577 1234 763 1288 Iosephus
780 1248 912 1275 contra
930 1237 1073 1288 Apion.
1093 1236 1114 1275 l.
1143 1250 1176 1276 1.
1207 1236 1318 1290 Tyrii
1335 1237 1449 1290 igitur
1467 1237 1556 1276 cum
1579 1251 1759 1277 nummos
1782 1237 1958 1277 Otaciliae
1981 1237 2224 1286 dedicarent,

111 1290 293 1330 Astarten
320 1292 516 1344 praecipue
539 1292 578 1330 in
606 1292 650 1331 iis
671 1291 868 1337 caelarunt,
898 1291 1135 1344 Imperatrici
1161 1291 1340 1332 videlicet
1364 1291 1574 1331 alludentes
1600 1303 1781 1346 tanquam
1810 1293 1961 1333 tutelari
1987 1295 2090 1334 urbis
2115 1295 2224 1335 Deae.

109 1345 266 1386 ‘Astarte
285 1347 379 1386 vero
395 1359 474 1386 non
493 1347 656 1400 apponit
671 1359 826 1386 manum
847 1346 1046 1399 trophaeo,
1074 1346 1127 1385 ob
1148 1346 1318 1402 Phjlippi
1342 1347 1517 1386 νίὲὶοῑίειε
1544 1347 1595 1386 de
1621 1347 1741 1387 Perfis
1755 1347 1910 1393 relatas,
1937 1348 1998 1388 vel
2018 1350 2071 1388 ob
2087 1362 2229 1402 pacem·

112 1415 202 1440 cum
220 1401 352 1441 iisdem
370 1402 524 1448 initam,
555 1401 620 1441 sed
639 1402 794 1442 solenne
810 1401 864 1441 est
880 1401 976 1454 Tyri
995 1399 1142 1455 infigne
1160 1413 1319 1455 propter
1336 1401 1525 1441 Colonias
1546 1402 1663 1457 longe
1679 1401 1885 1448 dedueras,
1914 1414 1958 1442 ut
1980 1402 2113 1456 saepius
2127 1404 2226 1445 dixi-

112 1470 212 1496 mus.
241 1456 388 1497 Silenus
406 1471 477 1510 pro
492 1457 658 1511 pedibus
679 1457 868 1503 Astartes,
897 1457 951 1496 sui
969 1456 1085 1496 etiam
1109 1458 1148 1495 in
1175 1457 1246 1496 hac
1270 1456 1364 1497 urbe
1381 1457 1525 1496 cultum
1544 1457 1698 1498 indicat.
1741 1457 2027 1512 Conchylium,
2054 1458 2228 1513 ejusdem,

112 1512 168 1551 est
185 1513 402 1566 symbolum
417 1513 469 1553 ob
488 1525 669 1567 purpurae
685 1512 971 1558 inventionem,
1002 1512 1051 1552 de
1075 1525 1152 1564 qua
1170 1512 1343 1552 Nonnus
1367 1512 1528 1567 Dionys.
1546 1525 1615 1565 40.

617 1567 673 1602 Koux
689 1567 797 1607 Tvejnc
812 1568 953 1613 σκοπίοιζε
968 1566 1139 1611 ὃεὸόὶιμῦζιῖαι
1153 1567 1253 1612 φάρεσι
1268 1567 1388 1613 ”5594qu-

610 1614 672 1654 Et
689 1615 810 1664 Tyriae
829 1616 1024 1668 conspexit
1043 1616 1169 1656 tinc‘la
1189 1616 1412 1667 vestimenta
1430 1616 1580 1663 concha.
1631 1617 1634 1619 ’

102 1694 122 1724 ἱ
164 1683 442 1734 Istc-nummus
454 1695 589 1748 primae
603 1692 879 1748 magnitudinis
894 1695 995 1748 inter
1009 1696 1169 1735 rariores
1185 1695 1468 1750 computandus.

163 2291 187 2318 e
200 2266 225 2316 o
239 2288 277 2316 L.
309 2287 335 2314 τ
350 2287 375 2313 Υ
389 2286 419 2313 R
431 2285 468 2312 o.
501 2285 538 2310 M
550 2285 574 2310 E
589 2284 612 2310 T
626 2284 670 2311 R.
709 2270 864 2311 Colonia
882 2269 997 2324 Urbs
1012 2273 1246 2326 Metropolis.
1282 2273 1394 2314 Dido
1409 2274 1540 2315 stolata
1556 2270 1656 2314 stans
1667 2300 1680 2321 ,
1708 2274 1842 2315 dextra
1859 2275 2068 2330 scipionem
2080 2305 2093 2326 ,
2120 2276 2216 2325 Iaeva

217 2331 405 2383 sceptrum
420 2354 432 2374 ‚
462 2337 549 2387 ante
568 2339 653 2365 eam
672 2337 784 2386 porta
802 2327 904 2366 urbis
920 2326 1031 2380 supra
1050 2340 1169 2380 quam
1187 2326 1309 2381 figura
1328 2329 1442 2369 virilis
1462 2329 1655 2369 strusturae
1673 2329 1861 2371 incumbit
1874 2357 1888 2378 ‚
1916 2332 2031 2373 altera
2051 2348 2124 2388 pro
2141 2351 2214 2392 peq

219 2386 333 2425 dibus
351 2396 488 2424 terram
504 2382 634 2434 ligone
651 2391 783 2434 aperit.

159 2450 455 2518 TyriiOtaciliae
472 2459 728 2505 blandientes,
750 2458 949 2499 Didonem
967 2458 1183 2500 Heroi‘nam
1199 2460 1303 2506 suam
1316 2460 1561 2516 Carthaginis
1576 2475 1679 2502 arces
1693 2472 1931 2504 extruentem
1947 2464 1986 2504 in
2000 2465 2085 2518 ejus
2101 2472 2214 2511 nun-1.v

104 2521 177 2561 mis
194 2518 396 2559 exhibent:
425 2515 549 2555 forsan
570 2515 673 2554 enim
695 2514 876 2569 Augusta:
895 2514 1083 2555 beneficio
1098 2516 1429 2556 restaurandorum
1444 2531 1646 2557 murorum
1664 2516 1883 2558 facultatem
1900 2519 1922 2559 ἐι
1936 2519 2120 2575 Philippo
2134 2524 2210 2564 ob-

102 2578 308 2618 tinuerant.
339 2570 540 2613 Didonem
559 2570 643 2610 Beli
653 2569 864 2624 Tyriorum
882 2569 1003 2625 Regis
1024 2570 1139 2610 filiam
1156 2570 1286 2618 fuisse,
1313 2571 1513 2626 ipsamque
1528 2572 1773 2627 Carthaginis
1787 2587 1912 2614 arcem
1932 2574 2128 2626 aedificaffe
2142 2591 2212 2629 neq

105 2646 174 2673 mo
189 2629 318 2671 neseit-
574 2680 667 2722 Belo
687 2694 712 2719 n
715 2688 781 2720 ata
788 2678 879 2733 fuit
900 2679 1094 2730 Driorum
1109 2681 1316 2735 Principffi
1343 2680 1460 2721 ‘Dido
1717 2681 1824 2738 Virg.
1849 2697 1882 2724 1.
1900 2684 1995 2725 AEn.

564 2736 704 2776 Sichaei
719 2737 861 2791 conjux
865 2735 1018 2787 struxit
1039 2735 1287 2790 Carthaginis
1303 2750 1421 2776 arces.
1718 2737 1836 2778 Ovid.
1857 2739 1896 2779 in
1915 2741 2001 2795 Ep..

99 2810 271 2852 Primum
297 2806 457 2861 quidem
481 2806 551 2846 Eli
568 2820 593 2845 a
617 2806 719 2847 dista
737 2806 791 2846 est
803 2832 816 2852 ‚
842 2805 953 2860 quod
972 2818 1117 2845 nomen
1133 2805 1321 2846 Phoenice
1339 2805 1448 2847 sonat
1464 2806 1607 2846 Divina
1626 2806 1773 2862 Virago
1784 2827 1797 2854 3
1823 2807 1966 2849 deinde
1981 2809 2076 2849 vero
2091 2808 2207 2852 ‘Dido

102 2865 299 2906 nominata
316 2863 371 2902 est
388 2889 400 2909 ,
428 2862 534 2917 quasi
554 2875 651 2916 vaga
674 2860 737 2901 seu
761 2862 918 2901 erratica
940 2861 979 2900 in
999 2861 1273 2916 Etymologico
1293 2861 1466 2917 Magno,
1492 2863 1582 2902 esim
1602 2863 1624 2902 ὲ
1639 2862 1824 2903 Phoenice
1841 2863 2117 2919 Carthaginem
2132 2879 2204 2920 ap-

101 2921 211 2974 pulit.
243 2927 287 2969 τῇ
307 2923 340 2966 ᾧ
363 2924 490 2956 Φοινίκων
512 2925 593 2967 φωνῇ
616 2919 669 2955 πίω)
693 2924 839 2959 maxim
862 2920 942 2955 Διδῶ
963 2919 1209 2966 wammam.
1246 2916 1475 2958 Phoenicum
1491 2919 1590 2957 enim
1596 2916 1772 2969 sermone
1785 2920 1988 2960 erraticam
2007 2919 2205 2960 Didonem

103 2975 293 3031 appellari.
327 2974 373 3014 In
390 2974 590 3015 Phoenicia
606 2984 735 3013 autem
745 3000 757 3019 ‚
773 2973 910 3013 Graeca
923 2973 1053 3026 lingua
1071 2986 1152 3013 non
1170 2971 1243 3013 fuit
1255 2971 1295 3011 in
1312 2972 1380 3012 usu
1396 2983 1485 3013 ante
1499 2972 1764 3014 Alexandrum
1778 2974 1938 3015 Didone
1953 2974 2202 3029 posteriorem

101 3032 230 3073 multis
245 3030 398 3070 saeculis.
435 3029 542 3071 Vide
557 3043 645 3083 quae
659 3028 826 3069 diximus
841 3029 880 3068 in
897 3027 1103 3083 Elagabalo
1122 3042 1210 3084 pag.
1227 3040 1292 3080 93.
1313 3026 1363 3067 de
1379 3027 1489 3067 simili
1508 3039 1614 3083 typo.
2168 3024 2178 3032 '
2199 3028 2201 3031 ’

153 3108 239 3149 Hic
254 3121 425 3149 nummus
429 3107 611 3163 secunda
626 3106 901 3164 magnitudinis
916 3108 1018 3148 inter
1036 3106 1279 3160 elegantiores
1292 3104 1544 3156 asi-ribendus.

160 3702 220 3729 co
234 3702 272 3729 L.
305 3703 330 3730 Τ
344 3703 369 3730 Y
384 3703 414 3731 R
426 3703 464 3730 o.
496 3701 533 3729 Μ
545 3703 569 3728 E
580 3702 605 3729 τ
617 3701 663 3729 R.
695 3702 722 3728 A
737 3703 760 3729 c
771 3701 796 3729 τ
809 3702 825 3728 1
839 3701 866 3728 A
897 3703 922 3728 E
934 3702 964 3729 R
978 3702 1004 3728 A
1019 3702 1042 3730 c
1054 3702 1092 3730 L.
1128 3687 1283 3731 Colonia
1307 3689 1423 3743 Tyros
1444 3691 1667 3746 Metropolis
1692 3690 1815 3736 Attia
1841 3694 2012 3737 Eraclia.
2054 3691 2192 3744 Mensa

213 3745 323 3799 supra
342 3759 460 3800 quam
481 3744 561 3785 duo
577 3744 741 3790 lebetes,
769 3744 837 3784 sub
853 3758 898 3784 ea
914 3744 1156 3798 conchylium
1169 3773 1181 3792 ‚
1208 3745 1298 3787 hinc
1316 3746 1462 3788 &inde
1480 3746 1530 3787 ad
1546 3747 1661 3788 latera
1677 3749 1813 3802 palmae
1826 3764 1964 3791 ramus.

155 3823 321 3864 Plurima
337 3821 435 3877 Tyri
457 3822 662 3863 certamina
685 3821 792 3862 fuere
819 3822 1004 3862 celebrata
1023 3849 1037 3869 ,
1063 3822 1248 3878 Olympia
1272 3823 1411 3865 scilicet
1426 3851 1438 3871 ,
1466 3824 1644 3867 Heraclia
1658 3852 1671 3872 ,
1705 3830 1745 3868 &
1764 3828 1876 3868 Adria
1889 3855 1902 3874 ‚
1931 3827 1982 3868 de
2000 3828 2138 3882 quibus
2153 3831 2196 3873 in

92 3877 297 3965 ⁶Caracalla
316 3892 403 3935 pag.
421 3891 488 3930 49.
506 3881 546 3917 ὅ(
565 3877 607 3918 in
625 3876 832 3932 Elagabalo
851 3891 937 3934 pag.
954 3891 1020 3931 93.
1037 3878 1197 3934 egimus.
1225 3879 1381 3933 Jupiter
1392 3906 1405 3926 ‚
1433 3879 1622 3922 Hercules
1636 3907 1651 3932 ‚
1678 3885 1718 3924 &
1734 3883 1880 3936 Apollo
1897 3883 1999 3923 urbis
2014 3896 2209 3986 erattgatrtgs
