2491 4219
639 128 1207 198 TRAJANUS
1286 128 1698 178 DEC1us.
1891 147 1896 151 ·
2149 144 2242 187 197

930 251 1446 294 EDESSA.
2172 233 2177 238 ⁸

140 838 168 864 A
181 837 217 864 Υ.
248 835 305 862 ΔΕ
320 834 344 862 t<
359 836 373 861 1
385 836 410 861 o
424 837 458 861 c.
494 837 516 862 c
527 836 551 861 E
563 836 599 861 B.
630 822 764 875 Caput
779 821 889 862 Decii
907 821 1129 864 laureatum.

193 893 218 918 1<
232 894 257 918 o
268 893 307 917 A.
337 893 360 918 Ε
373 891 430 916 ΔΕ
444 892 465 917 c
476 892 498 917 c
511 891 551 916 A.
581 886 714 915 Κολωνῐα
729 883 853 915 lisam-oc.
882 878 1014 932 Caput
1029 881 1196 919 velatum
1215 882 1254 919 S:
1272 880 1459 921 turritum.

191 956 328 997 Edeffa
351 956 439 994 urbs
464 954 517 994 est
542 955 579 993 in
605 955 829 996 Osrhoenes
855 956 1032 1009 regione,
1061 958 1228 997 Colonia
1256 959 1303 998 ab
1334 959 1538 1000 Antonino
1554 957 1748 998 Caracalla
1766 956 1886 1005 faeta,
1915 958 1954 997 in
1971 971 2048 1012 qua
2066 969 2242 1000 mortuus

136 1013 211 1058 est,
239 1013 332 1052 teste
351 1011 539 1062 Eutropio
561 1010 622 1051 lib.
645 1014 679 1052 8.
711 1011 938 1057 ‘Defunfflus
953 1011 1002 1061 est
1019 1013 1059 1049 iu
1081 1013 1270 1061 Osrhoene
1289 1017 1393 1067 apud
1407 1014 1593 1066 Edfffizm.
1627 1013 1824 1054 Nummos
1849 1014 2006 1068 quidem
2034 1014 2094 1054 illa
2117 1016 2241 1055 Decio

136 1068 277 1108 dicavit
298 1068 335 1106 in
351 1066 523 1119 obsequii
541 1080 858 1112 monumentum,
887 1068 977 1106 cum
997 1065 1057 1106 ille
1072 1067 1110 1105 in
1126 1068 1270 1120 Syriam
1287 1070 1391 1109 venit
1412 1083 1543 1110 contra
1561 1069 1727 1109 Priscum
1745 1070 1913 1124 Philippi
1935 1070 2088 1110 fratrem
2106 1070 2238 1123 Impe-

134 1137 298 1164 ratorem
317 1123 569 1175 appellatum,
599 1121 647 1161 de
664 1137 744 1175 quo
762 1121 1028 1175 intelligendus
1046 1121 1197 1161 videtui·
1216 1123 1262 1161 D.
1285 1125 1504 1178 Cyprianus
1521 1125 1588 1178 Ep.
1614 1139 1672 1175 52.
1704 1125 1769 1165 Ad
1788 1126 2029 1165 Antoninum
2047 1125 2097 1165 de
2113 1126 2238 1167 Decio

133 1178 298 1218 scribens
314 1194 321 1218 :
341 1178 436 1217 (Arm
452 1175 566 1215 mult&
579 1179 790 1229 patientius
807 1175 854 1219 <sy
871 1177 1104 1216 tolerabilius
1119 1177 1267 1217 audiret
1282 1179 1405 1219 levari
1422 1181 1659 1233 advetsusse
1675 1180 1847 1220 mullum
1864 1182 2085 1234 ‘Princejpem
2096 1209 2106 1227 ,
2126 1195 2241 1237 quam

132 1234 307 1285 eonstmi
334 1234 463 1272 [ἔσηπε
492 1232 662 1270 aemulum
688 1231 947 1278 Sacerdotem,
975 1232 1015 1271 id
1039 1233 1092 1272 est
1116 1233 1150 1272 S.
1177 1234 1404 1274 Cornelium
1426 1237 1593 1290 Papam,
1624 1249 1665 1277 ut
1688 1236 1801 1277 refert
1818 1238 1934 1277 Corn.
1958 1237 2239 1278 Mediobarbus

133 1303 180 1329 ex
198 1290 298 1328 notis
318 1288 365 1328 R.
386 1289 423 1327 Ρ.
445 1287 598 1327 Norisii.
630 1287 705 1328 Sed
725 1287 870 1327 Priscus
888 1287 1127 1328 Macedonas
1143 1289 1359 1331 Praelidiatu
1377 1305 1457 1331 non
1476 1294 1652 1347 regebat,
1684 1306 1725 1332 ut
1746 1293 1858 1333 tradit
1876 1295 1969 1332 Aur.
1988 1293 2142 1339 Vif'com
2174 1293 2238 1334 sed

132 1345 264 1398 potius
280 1343 627 1397 Syromacedonas,
658 1343 750 1383 teste
771 1342 952 1389 zosimo,
981 1343 1072 1383 ideo
1089 1344 1232 1383 Decius
1252 1346 1289 1384 in
1310 1347 1455 1400 Syriam
1479 1348 1674 1401 profectus
1700 1349 1775 1393 cst,
1806 1361 1847 1387 ut
1868 1361 1991 1388 narrat
2010 1348 2090 1387 Dio
2110 1349 2238 1403 Chry-

131 1400 339 1446 sostomus,
368 1398 474 1438 sicuti
496 1399 573 1450 jam
603 1399 774 1438 diximus.
813 1399 906 1439 Hoc
934 1397 984 1438 de
1011 1399 1138 1438 Decio
1165 1402 1427 1445 monendum,
1456 1403 1494 1441 in
1520 1404 1631 1442 nullis
1660 1402 1774 1455 ipsius
1796 1403 1961 1442 nummis
1977 1402 2239 1445 Tribunitiam

130 1455 358 1509 potestatem
374 1454 449 1494 ell'e
473 1453 673 1508 signatam,
702 1454 810 1506 cujus
828 1453 936 1494 causti
954 1454 1029 1494 ess'e
1053 1455 1225 1500 videtur,
1254 1455 1362 1508 quod
1384 1457 1444 1496 ille
1461 1471 1545 1496 eam
1564 1458 1724 1497 Senatus
1743 1462 1780 1496 &
1798 1458 1932 1511 populi
1958 1457 2112 1497 arbitrio
2130 1459 2239 1498 remi-

130 1511 235 1555 serit,
267 1511 291 1549 si
317 1511 538 1564 Pomponio
564 1511 672 1549 L-:eto
696 1509 810 1550 fides:
844 1509 927 1549 Nec
954 1523 1026 1548 nou
1049 1506 1096 1551 ὅγ’
1103 1511 1179 1564 jus
1199 1511 1424 1550 Tribunitt'ae
1436 1513 1657 1564 potcstatis,
1686 1515 1787 1568 quod
1801 1513 1992 1568 Augustus
2003 1512 2238 1567 primusstbi

119 1565 300 1621 perpetui>
318 1566 615 1610 vendicaverat,
644 1565 801 1605 arbitrtu
821 1564 983 1605 Senatus
1002 1564 1214 1619 *Populzque
1231 1564 1397 1607 Romani
1409 1567 1585 1621 permffit.

182 1642 267 1684 Hic
282 1656 454 1684 nummus
469 1644 616 1683 minimi
632 1643 773 1686 moduli
787 1645 887 1685 inter
905 1644 1063 1682 rariores
1079 1643 1355 1695 describendus.

917 1745 1438 1791 RHESAINA.

124 2357 236 2387 ATT.
266 2358 306 2384 Κ.
339 2357 369 2383 r.
402 2357 438 2382 M
452 2357 488 2382 E.
521 2357 545 2383 'r
560 2357 579 2382 P
593 2357 619 2383 A
635 2357 650 2382 1
664 2358 690 2383 A
705 2356 734 2381 N
746 2357 806 2383 oc
837 2358 896 2383 CE
910 2358 944 2384 B.
975 2343 1109 2395 Caput
1128 2343 1242 2384 Decii
1261 2342 1460 2384 radiatum.
2022 2386 2037 2393 ,-

178 2415 202 2440 c
216 2413 238 2438 Ε
249 2413 288 2439 Π.
326 2413 352 2438 1<
366 2414 390 2438 o
403 2413 440 2437 Λ.
484 2413 504 2438 Ρ
516 2413 544 2438 H
558 2414 580 2438 c
594 2413 619 2437 A
639 2412 689 2437 [N
705 2413 731 2437 H
745 2413 768 2437 c
781 2413 793 2437 1
805 2413 831 2438 Ω
844 2412 883 2437 N.
927 2415 966 2439 L.
1007 2413 1034 2438 H
1048 2413 1061 2437 1
1074 2413 1106 2437 P.
1147 2403 1290 2442 Σετὲἰιμίω
1312 2408 1443 2438 Κολωνίω
1466 2401 1647 2442 Ρησοανησίων
1670 2402 1860 2441 λυκάέοωτος
1883 2405 1947 2446 μή.
1989 2403 2106 2444 Anno
2138 2418 2155 2444 1
2168 2418 2180 2443 ι
2192 2407 2226 2447 8,

233 2454 411 2494 Colonus
428 2467 544 2508 agens
564 2455 703 2500 boves,
730 2453 770 2492 in
787 2454 928 2494 vertice
946 2454 1089 2508 Aquila
1107 2454 1278 2496 insistens
1294 2457 1430 2510 palma:
1450 2471 1558 2497 ramo
1570 2484 1583 2504 ‚
1611 2458 1733 2498 rostro
1750 2473 1947 2500 coronam.
1975 2457 2021 2500 In
2039 2461 2119 2501 aliis
2138 2460 2228 2502 Flu·

231 2511 316 2549 vius
334 2523 541 2564 emergens.

174 2587 367 2629 Rhesaina
387 2587 475 2626 urbs
497 2587 548 2627 est
570 2586 862 2640 Mesopotamiae
880 2615 891 2633 ‚
916 2587 1026 2640 juxta
1044 2604 1159 2643 quam
1177 2589 1398 2630 Gordianus
1419 2590 1615 2631 Persarum
1635 2591 1786 2646 Regem
1813 2593 1906 2634 vicit
1925 2597 1962 2633 &
1982 2594 2226 2650 profligavit,

119 2645 214 2685 teste
233 2647 361 2683 Amm.
380 2642 604 2682 Marcellino
621 2643 670 2681 lib
699 2657 759 2696 23.
789 2643 893 2696 apud
909 2643 1142 2691 Rhelin'nam
1159 2645 1551 2701 strperatofi4.?at0qztz1
1568 2648 1774 2698 ‘Persarum
1793 2649 1905 2703 Rege.
1939 2650 2041 2690 Urbs
2055 2651 2224 2694 Colonia

117 2699 216 2740 faeta
234 2699 288 2738 est
311 2700 332 2737 ἐι
349 2699 535 2750 Septimio
553 2699 694 2738 Severo
709 2725 720 2744 ‚
750 2711 792 2738 ut
810 2713 951 2738 nomen
968 2699 1158 2753 Septimiae
1172 2700 1298 2740 Severi
1316 2697 1440 2755 gentis
1458 2703 1600 2742 indicat
1617 2731 1628 2749 ,
1657 2703 1794 2743 eodem
1816 2692 1988 2758 tempore
2009 2719 2090 2760 quo
2109 2705 2152 2745 N
2154 2706 2224 2748 efi-

119 2755 176 2795 bis
192 2755 306 2807 hujus
324 2755 463 2793 traetus
486 2754 598 2793 etiam
620 2754 667 2792 ab
685 2767 734 2793 eo
752 2753 917 2794 dedueia
935 2755 988 2794 est
1001 2782 1011 2800 ‚
1040 2755 1148 2807 cujus
1168 2757 1340 2795 meminit
1359 2756 1438 2795 Dio
1456 2759 1515 2798 lib.
1535 2772 1598 2812 35.
1632 2763 1684 2797 Kal
1701 2768 1754 2797 νωῑ
1768 2761 1820 2807 μὶξὲ
1837 2766 1972 2810 §.semoy
1992 2765 2047 2803 357¹.
2074 2766 2122 2812 μὴ
2137 2765 2226 2802 εἴπι-

116 2831 165 2854 ¹195
179 2818 257 2862 ἦμῶν
272 2817 430 2862 γομίζεπᾳ.
461 2812 591 2864 Atque
607 2808 676 2847 hoc
693 2818 853 2862 tempore
868 2811 996 2852 nollrae
1015 2810 1064 2854 ell
1079 2810 1235 2851 ditioms
1249 2839 1261 2856 ,
1289 2812 1515 2868 Coloniaque
1537 2815 1658 2861 uost'ra
1676 2816 1849 2856 hahetur.
1890 2817 1950 2857 De
1963 2817 2156 2861 Rhesaina
2172 2821 2224 2862 al-

116 2879 200 2908 tum
224 2866 329 2920 apud
358 2866 567 2919 Scriptores
594 2863 804 2912 mentium,
834 2866 896 2905 sed
924 2867 1005 2905 haec
1026 2880 1276 2907 monumenta
1302 2868 1481 2908 Historiae
1507 2871 1682 2922 prmclara
1708 2871 1792 2913 sunt
1816 2873 2102 2926 supplementa:
2130 2878 2221 2918 anni

116 2934 244 2963 autem
266 2922 303 2960 in
325 2935 485 2962 nummo
513 2920 642 2974 {ignati
662 2948 672 2966 ‚
703 2921 751 2960 ad
767 2922 945 2961 Coloniae
970 2921 1036 2961 sub
1055 2923 1198 2963 Severo
1222 2922 1495 2963 dcclustionem
1524 2941 1601 2965 non
1625 2926 1794 2979 spe-Stant
1809 2955 1820 2973 ‚
1850 2929 1897 2967 ad
1917 2928 2100 2970 Hadriani
2117 2933 2220 2974 enim

115 2976 369 3031 principatum
389 2977 507 3030 usque
525 2974 754 3022 ascendunt,
783 2976 834 3016 de
850 2978 990 3030 quibus
1006 2976 1114 3017 infra.
1153 2978 1299 3018 Coloni
1318 2979 1434 3019 boves
1451 2982 1596 3034 agentis
1615 2994 1750 3035 typus,
1772 2983 1822 3021 ad
1840 2984 2024 3037 originem
2043 2986 2219 3027 dedueiae

115 3031 293 3073 Coloniae
312 3031 473 3086 speeiat,
503 3047 573 3073 nec
589 3032 670 3085 ejus
688 3033 997 3072 instaurationem
1014 3033 1177 3078 indicat,
1209 3047 1253 3073 ut
1272 3033 1385 3074 refert
1404 3034 1474 3088 Eq.
1495 3036 1660 3076 Patinus.
1701 3037 1866 3092 Aquila,
1894 3040 2051 3093 imperii
2070 3040 2218 3084 Roma...

114 3088 154 3127 ni
168 3086 313 3142 insigne
330 3087 406 3134 est,
437 3089 547 3142 quod
565 3088 719 3129 exhibet
737 3087 930 3129 Rhessiina
951 3100 1134 3142 tanquam
1154 3089 1321 3127 Colonia
1345 3089 1532 3130 Romana.
2215 3091 2219 3095 ’

168 3165 251 3206 Hic
267 3179 438 3207 nummus
442 3166 621 3219 ficundae
637 3166 914 3222 magnitudinis
924 3194 937 3215 ‚
965 3166 989 3207 ci
1006 3167 1154 3208 Patina
1164 3177 1207 3221 p.
1224 3180 1275 3222 39
1285 3180 1316 3207 1.
1334 3168 1517 3222 vulgatus
1528 3194 1541 3216 ‚
1559 3180 1632 3226 pro
1649 3184 1734 3211 raro
1752 3171 2014 3215 numerandus.

167 3776 192 3802 c
204 3774 225 3800 E
236 3774 277 3802 ri.
309 3773 331 3800 Ρ
343 3775 370 3800 u
385 3773 408 3800 c
421 3774 448 3800 A
462 3774 475 3799 i
489 3774 519 3800 N
530 3777 558 3801 n
572 3775 594 3800 c
610 3775 623 3800 1
634 3777 662 3803 Ω
673 3774 703 3800 N
732 3774 771 3801 L.
802 3776 830 3802 H
842 3775 856 3801 1
868 3776 902 3802 P.
934 3766 1088 3812 Σενῆιμίων
1104 3769 1288 3808 Ρησοανησίων
1302 3771 1491 3808 λυκάβαντος
1505 3772 1559 3819 ςιῆ.
1589 3768 1706 3809 Anno
1727 3783 1742 3810 1
1754 3783 1769 3810 1
1779 3773 1815 3813 8.
1845 3771 1988 3812 Mulier
2004 3773 2135 3814 turrita
2146 3775 2205 3816 in.‘

223 3813 348 3876 sidens
369 3816 531 3876 scopulis
547 3817 684 3869 quibus
707 3815 845 3857 sinistra
863 3818 1055 3866 innititur,
1082 3821 1214 3862 dextr-:1
1230 3821 1370 3876 spicas,
1386 3837 1459 3878 pro
1474 3824 1639 3878 pedibus
1654 3825 1687 3866 F
1689 3825 1812 3867 luvius
1828 3840 2048 3881 emergens,
2067 3828 2107 3869 in
2121 3843 2205 3871 ver-

223 3883 297 3911 tice
312 3871 454 3924 Aquila
469 3872 591 3912 rostro
607 3885 802 3912 coronam.

1203 3952 1237 3994 B
1247 3953 1272 3994 b
1301 3966 1324 4008 3
2024 3930 2218 4006 Rhessiine
