2574 4214
710 226 2256 308 M.Au1·zsst1us³.w.12,

201 840 237 866 c.
262 838 302 865 1..
330 838 356 864 1.
384 837 501 864 con.
532 821 686 863 Colonia
708 822 818 862 Laus
833 821 950 876 Julia
967 819 1183 861 Corinthus.
1222 819 1399 878 Pegasus.

197 901 488 954 Bellerophonti
502 901 669 942 succedit
683 901 847 956 Pegasus
860 929 871 949 ,
899 915 982 955 quo
997 900 1059 941 ille
1076 902 1098 941 a
1113 902 1293 943 Minerva
1309 901 1378 941 fibi
1397 899 1492 940 dato
1508 900 1557 941 ad
1575 900 1852 941 decertandum
1869 912 2004 942 contra
2015 902 2250 945 Chimaeram

141 959 230 1000 usus
250 959 314 1000 est.
355 956 577 1012 Fulgentius
592 957 722 1011 Myth.
743 957 805 997 lib.
827 971 862 1010 3.
885 955 1070 1011 Pegasum
1090 971 1137 997 ex
1153 957 1330 1000 Medusae
1353 956 1535 1013 sanguine
1552 968 1796 1012 procreatum
1813 970 1960 1004 narrat;
1986 958 2171 1012 Hyginus
2186 973 2249 1000 ve-

140 1016 186 1055 ro
214 1014 307 1054 Fab.
345 1027 404 1064 15.
424 1027 471 1053 ex
496 1011 659 1052 Medusa
682 1013 768 1052 Gor
795 1014 879 1053 onis
906 1011 978 1052 filia
1003 1017 1042 1052 &
1066 1013 1260 1069 Neptuno
1279 1024 1415 1054 natum
1436 1012 1559 1054 tradit.
1617 1012 1686 1053 Ex
1708 1013 1874 1066 Medusa
1899 1014 2084 1069 Gorgonis
2091 1013 2183 1066 filia
2201 1012 2250 1059 &⁴

139 1070 322 1123 Neptuno
348 1071 434 1109 nati
443 1069 544 1120 sunt
562 1067 742 1120 Chrffam
759 1027 806 1112 ἓν
822 1082 937 1123 equus
957 1068 1143 1124 Pegasus.
1198 1070 1304 1112 Inter
1326 1069 1421 1110 astra
1437 1068 1545 1109 illum
1564 1068 1795 1121 collocatum
1814 1070 1920 1109 aiunt
1933 1094 1945 1115 ,
1973 1071 2064 1110 cum
2084 1070 2249 1111 Bellero-

138 1125 253 1180 phon*
275 1120 325 1165 ad
351 1123 492 1165 coelum
517 1123 668 1164 evolare
692 1125 933 1165 contendens
949 1152 962 1172 ,
992 1125 1130 1165 timore
1151 1138 1350 1181 permotus
1368 1152 1381 1171 ,
1412 1124 1624 1178 despiciens
1642 1124 1692 1165 ad
1712 1136 1849 1165 terram
1868 1153 1879 1171 ,
1908 1125 2108 1167 decidisset
2124 1153 2139 1180 ,
2167 1126 2251 1180 ejus

138 1180 288 1236 fignum
300 1180 495 1222 Corinthii
511 1193 600 1219 cum
618 1178 937 1234 Bellerophonte,
966 1181 1006 1220 in
1024 1181 1083 1220 via
1104 1195 1181 1236 qua
1198 1181 1247 1223 ad
1264 1181 1473 1222 Lechaeum
1493 1181 1568 1221 itur
1580 1208 1592 1227 ,
1625 1180 1967 1235 repraesentarunt,
1997 1182 2091 1223 teste
2110 1181 2247 1222 Pausa-

137 1238 203 1277 nia
217 1236 277 1278 lib.
297 1251 330 1275 2.
346 1250 384 1290 p.
402 1250 467 1285 90.
502 1241 578 1275 Θέας
595 1239 614 1284 ’3
629 1238 744 1286 μέλις-α
757 1239 832 1282 ἄξιοι
847 1241 924 1285 roff&
938 1241 965 1274 ’τὸ
981 1240 1112 1287 ἄγαλμα
1126 1241 1155 1276 ’πὶ
1170 1237 1198 1277 ἰ’8
1214 1244 1392 1290 Aga-{fuclon
1416 1239 1464 1287 Ul
1483 1241 1736 1287 ἇΒεὶλεροφόντνις
1752 1241 1827 1279 ἐἐπςι
1844 1266 1854 1281 ,
1881 1244 1905 1291 2}
1922 1242 1955 1276 τό
1969 1241 2076 1290 ὕὸωςό
2094 1245 2128 1277 δι’
2145 1245 2241 1282 ὁπλῆς

136 1294 217 1334 lbra-⁸
230 1297 270 1341 ῥεῖ
282 1293 304 1333 ξ
318 1292 448 1338 Πηγέω-
477 1293 657 1346 Spet't'cztu
674 1292 882 1346 digmffima
898 1294 986 1342 funt
998 1322 1009 1340 ,
1037 1294 1102 1334 ubi
1119 1293 1143 1334 d
1158 1295 1310 1335 Dinnae
1320 1293 1422 1349 figno
1439 1294 1663 1347 discefferis,
1691 1294 2020 1349 Bellerophontes,
2039 1294 2087 1339 ὅγ’
2100 1311 2148 1336 ex
2160 1296 2243 1351 ipsa

137 1347 282 1403 Pegast
291 1350 376 1403 equi
395 1349 534 1402 ungula
549 1362 708 1388 manans
723 1363 834 1405 aqua.
865 1351 941 1391 Sed
954 1349 1008 1389 illi
1024 1363 1105 1390 non
1125 1350 1245 1390 modo
1262 1350 1411 1405 fignum
1430 1349 1564 1405 Pegasl
1580 1351 1620 1390 in
1638 1352 1732 1392 urbe
1749 1350 1797 1391 ad
1813 1351 1897 1404 ejus
1914 1352 2139 1392 memoriam
2150 1379 2161 1398 ,
2178 1348 2244 1392 sed

135 1403 252 1448 etiam
268 1405 307 1444 in
326 1404 493 1444 nummis
510 1404 720 1458 posuerunt
735 1431 746 1450 ‚
776 1404 1018 1446 Troezenios
1042 1405 1178 1445 imitati
1194 1433 1206 1451 ,
1234 1407 1301 1459 qui
1323 1406 1416 1446 teste
1434 1405 1639 1446 Plutarcho
1659 1407 1866 1447 tridentem
1887 1407 1926 1446 in
1948 1407 1992 1446 iis
2009 1407 2245 1461 sculpserunt

135 1459 188 1504 ob
203 1458 421 1514 Neptunia
437 1459 474 1500 se
490 1461 583 1501 culti
597 1461 859 1502 reverentiam.
898 1461 1034 1504 Pollux
1054 1460 1240 1502 Corinthi
1254 1472 1452 1503 monetam
1469 1488 1482 1507 ‚
1511 1460 1665 1502 Pullum
1689 1461 1798 1503 fuisse
1813 1474 1991 1503 vocatam
2004 1488 2016 1508 ,
2044 1461 2156 1516 quod
2172 1461 2243 1502 Pe-

66 1511 72 1517 '
135 1514 265 1574 gasum
285 1513 442 1557 haberet
458 1517 686 1571 insculptum
701 1544 713 1563 ,
739 1517 865 1558 tradit.

189 1595 272 1637 Hic
290 1609 461 1637 nummus
475 1594 668 1638 mediocris
671 1596 812 1650 formae
827 1600 946 1638 tritus
961 1595 1022 1646 est.

184 2192 218 2225 c.
241 2194 280 2223 1..
303 2195 333 2222 1.
359 2196 382 2222 c
394 2195 420 2220 o
433 2194 476 2220 R.
507 2179 662 2220 Colonia
675 2179 785 2221 Laus
795 2178 913 2233 Julia
926 2178 1161 2226 Corinthuss
1181 2166 1386 2220 Chimaera.
1424 2179 1575 2221 Diversi
1593 2179 1681 2222 sunt
1697 2181 1793 2236 typi.

182 2260 375 2303 Chimaera
391 2259 440 2299 ad
456 2258 652 2301 historiam
668 2258 981 2314 Bellerophontis
1000 2257 1165 2313 speeat,
1195 2262 1233 2298 &
1250 2257 1301 2298 ad
1317 2259 1587 2313 antiquitatem
1606 2260 1711 2301 urbis
1731 2261 1996 2302 denotandam
2012 2261 2052 2302 in
2070 2277 2235 2307 nummo

109 2318 270 2373 'fignata
289 2316 344 2356 est
361 2331 368 2356 :
397 2315 629 2356 Chimaeram
643 2343 654 2362 ‚
681 2317 894 2356 monstrum
914 2326 1068 2356 narrant
1086 2334 1098 2362 ς
1125 2326 1242 2370 caput
1259 2318 1299 2354 δε
1313 2315 1447 2370 peetus
1466 2315 1589 2357 leonis
1602 2343 1615 2363 ,
1643 2329 1818 2358 ventrem
1835 2332 1958 2372 caprae
1973 2344 1987 2366 ,
2015 2322 2055 2358 &
2071 2322 2234 2364 caudam

124 2374 246 2420 leonis
262 2371 490 2419 habentem,
516 2372 567 2412 de
586 2386 664 2427 qua
683 2371 834 2412 Lucret.
853 2372 917 2412 lib.
942 2383 976 2422 5.

618 2427 708 2482 Qui
719 2427 804 2475 fieri
810 2427 963 2481 potuit,
992 2425 1136 2481 trzplici
1152 2440 1236 2466 cum
1251 2432 1398 2480 corpore
1408 2453 1422 2473 ,
1448 2429 1494 2466 ut
1509 2429 1587 2467 una
1653 2428 1657 2431 ’
1713 2430 1717 2433 “
1772 2430 1774 2432 ’

616 2483 757 2523 Prima
774 2482 830 2522 leo
840 2510 853 2529 ,
872 2482 1057 2536 postrema
1073 2481 1185 2522 draco
1195 2510 1207 2529 ,
1236 2483 1360 2522 media
1375 2481 1457 2535 rjofa
1472 2482 1663 2524 Chimaern
1677 2482 1699 2524 ,2
1723 2522 1726 2523 γ

122 2539 303 2595 Hyginus
319 2537 413 2578 Fab.
431 2552 447 2578 1
460 2551 518 2589 51.
535 2537 769 2578 Chimaeram
787 2552 835 2578 ex
851 2537 1052 2592 Typhone
1071 2538 1227 2593 gigante
1244 2542 1283 2578 ὃς
1301 2536 1477 2577 Echidna
1493 2550 1623 2579 natam
1641 2539 1788 2581 scribit:
1815 2541 1896 2582 aliis
1913 2543 2006 2584 vero
2024 2556 2137 2585 mons
2153 2546 2231 2593 est,

123 2595 204 2641 aliis
222 2595 339 2634 navis.
377 2591 410 2633 F
413 2592 604 2633 uloentius
623 2593 793 2648 Mythol.
812 2599 849 2646 3.
875 2594 943 2647 qui
967 2607 1037 2647 pet
1061 2592 1403 2647 Bellerophontem
1428 2592 1651 2647 sapientiam
1670 2595 1965 2649 interpretatur,
1994 2599 2230 2644 Chimaeram

124 2649 232 2704 quast
246 2655 314 2698 κῦμ’
327 2652 420 2698 ἔρωτος
437 2627 573 2689 ἀΟεΗηὶῑ
584 2675 596 2695 ,
623 2648 664 2688 id
681 2649 735 2689 est
750 2648 951 2689 flustuatio
967 2648 1120 2688 amotis.
1161 2649 1223 2689 Sic
1240 2648 1562 2703 Bellerophontes
1577 2650 1723 2691 occidit
1739 2651 1986 2693 Chimaeram.

177 2726 260 2768 Hic
275 2740 446 2768 nummus
449 2725 614 2779 secundi
627 2725 769 2766 moduli
779 2745 792 2773 ,
819 2725 842 2766 ci
860 2725 1010 2767 Patino
1020 2736 1064 2780 p.
1084 2730 1176 2780 236.
1193 2725 1378 2780 vaggatus
1389 2752 1402 2773 ,
1418 2725 1608 2780 frequens
1627 2726 1675 2770 &v
1691 2728 1827 2768 obvius
1844 2729 1903 2780 cst.

173 3317 221 3367 e?
238 3329 277 3363 1..
308 3335 336 3360 1.
368 3334 391 3361 c
402 3334 426 3359 0
439 3333 482 3359 a.
512 3311 669 3358 Colonia
688 3318 798 3359 Laus
815 3308 933 3371 Julia
948 3308 1167 3361 Corinthus.
1211 3320 1354 3376 Figura
1369 3321 1485 3363 virilis
1502 3321 1698 3363 seminuda
1716 3321 1836 3368 stans,
1864 3321 1998 3363 dextra
2014 3324 2216 3375 malleum,

229 3376 370 3418 finistra
393 3374 554 3428 forcipes
577 3374 708 3429 gestat.

169 3457 306 3496 Ferrea
332 3453 412 3493 haec
434 3453 681 3493 instrumenta
707 3466 794 3507 qua:
819 3464 924 3493 tenet
942 3451 1002 3492 illa
1025 3452 1145 3508 figura
1170 3454 1388 3502 seminuda,
1420 3456 1618 3509 Cabyrum
1648 3459 1713 3495 aut
1727 3455 1946 3497 Vulcanum
1966 3458 2210 3513 Cabyrorum

115 3524 262 3569 patrem
281 3509 460 3550 exhibere
478 3508 685 3548 suadebant
702 3528 714 3554 ;
741 3508 805 3548 sed
822 3509 910 3547 cum
927 3507 1032 3560 apud
1049 3509 1277 3549 Corinthios
1294 3510 1441 3550 nullum
1462 3524 1595 3550 eorum
1617 3511 1760 3550 cultum
1778 3524 1825 3550 ex
1841 3511 2024 3554 Paufimia
2040 3516 2214 3556 observa-

115 3580 240 3607 remus
253 3594 264 3612 ,
291 3578 414 3604 unum
442 3577 489 3603 ex
518 3563 756 3618 Cyclopibus
780 3563 856 3603 effe
877 3563 1050 3617 suspicati
1066 3563 1215 3610 sumus,
1241 3564 1340 3604 inter
1356 3579 1458 3619 quos
1475 3578 1549 3605 tres
1566 3567 1760 3620 praecipue
1779 3566 2015 3610 celebrantur
2032 3571 2052 3611 ἒι
2067 3571 2210 3611 Poetis.

115 3621 249 3677 Virgil.
269 3621 331 3660 lib.
359 3622 393 3661 8.
413 3618 570 3659 AEneid.

413 3673 567 3714 Ferrum
588 3673 812 3714 exercebant
828 3672 934 3725 vasto
954 3671 1127 3727 Cyclopes
1142 3674 1184 3713 in
1197 3681 1309 3714 antro
1319 3701 1330 3719 ,

205 3777 209 3781 Ι
412 3728 666 3784 Brontesque,
694 3727 955 3782 Steropesque,
984 3728 1031 3771 ὠ
1053 3729 1176 3768 nudus
1199 3729 1360 3768 membra
1382 3729 1608 3786 Pyracmon.
1782 3775 1784 3778 y

115 3785 308 3839 Cyclopes
323 3796 451 3825 autern
468 3783 650 3837 Neptuni
670 3781 709 3824 ὃς
726 3782 1003 3838 Amphytrides
1023 3782 1089 3823 filii
1103 3783 1380 3831 existimantur,
1411 3787 1450 3824 &
1479 3784 1745 3840 Apollodorus
1770 3787 2005 3842 Neptunum
2023 3791 2070 3830 ab
2087 3791 2131 3831 iis
2147 3793 2210 3832 tri-

115 3841 274 3882 dentem
299 3838 481 3893 accepiffe
505 3840 620 3880 tradit
644 3839 707 3880 lib.
737 3853 768 3879 1.
798 3838 847 3879 de
868 3840 1043 3878 Deorum
1059 3839 1152 3893 orig.
1184 3840 1356 3893 Cyclopes
1375 3838 1599 3894 Neptunum
1618 3843 1784 3883 tridente
1807 3845 2069 3885 condonarunt.
2100 3848 2206 3887 Cum

114 3907 243 3936 autem
269 3893 481 3948 Neptunus
508 3894 610 3934 urbis
633 3895 740 3934 Deus
765 3894 857 3934 effet
882 3894 1070 3942 tutelaris,
1098 3894 1292 3936 Corinthii
1320 3894 1411 3936 ideo
1427 3896 1509 3948 ejus
1532 3896 1628 3937 filios
1646 3897 1770 3939 forsan
1787 3898 1957 3940 venerati
1974 3901 2078 3947 sunt,
2108 3903 2206 3943 &iis

113 3950 212 3990 sacra
230 3948 425 3995 fecerunt,
453 3947 628 3990 tradente
644 3948 827 3989 Pausania
844 3949 906 3988 lib.
927 3963 961 3989 2.
983 3964 1068 4004 pag.
1092 3953 1113 3990 8
1122 3964 1156 4002 3.
1185 3952 1239 3989 Kal
1260 3953 1296 3991 δὴ
1318 3952 1384 3998 ἱερόν
1405 3957 1459 3990 ἑετν
1483 3959 1609 3999 &exarant
1634 3955 1799 3990 Κυκλώπων
1821 3955 1987 4000 καλέμόριος
2008 3958 2129 4003 (bonde,
2155 3959 2203 4004 μὴ

113 4011 211 4098 &5⁸33
223 4011 268 4043 ἐπ’
283 4008 356 4055 αἱηῷ
371 4007 524 4050 Κύκλωψι.
554 4003 625 4056 Est
640 4006 755 4045 etiam
771 4012 887 4045 vetus
899 4018 1012 4059 quam
1029 4005 1226 4059 Cyclopum
1241 4004 1431 4061 appellant
1447 4020 1553 4047 aram
1562 4035 1574 4054 ,
1603 4007 1657 4048 ad
1667 4021 1780 4064 quam
1799 4008 2017 4065 Cyclopibus
2033 4013 2210 4052 divinam
2221 4041 2229 4046 .

205 4072 273 4098 om.
302 4060 337 4099 l.
1372 4062 1409 4101 A
1424 4075 1447 4101 a
2141 4080 2215 4106 rem
