2574 4214
929 200 973 247 A
1008 202 1054 247 U
1093 198 1136 246 G
1174 201 1220 246 U
1257 203 1282 246 S
1319 200 1362 246 T
1398 200 1443 246 U
1484 200 1523 246 S.

157 265 206 312 ὠ
221 267 455 308 Sacerdotem
472 267 655 314 Liviam,
682 280 765 322 quae
784 275 864 308 tum
875 266 998 319 Juliae
1007 294 1020 314 ‚
1047 275 1129 306 tum
1143 270 1260 307 etiam
1278 266 1459 321 Augustae
1475 273 1716 321 cognomenta
1732 275 1926 321 acceperut
1935 293 1947 314 ,
1967 224 2247 319 constitueruizi.

155 323 268 366 Plura
284 323 333 362 de
349 322 427 362 hoc
441 335 603 362 nummo
619 322 782 376 injulia.
1400 335 1410 339 “

208 401 291 441 Hic
306 412 477 440 nummus
490 398 789 454 nufforisformae
798 425 810 446 ‚
837 399 886 439 ab
907 400 1007 440 Ant.
1027 398 1238 455 Augustino
1254 398 1343 439 dial.
1361 401 1396 439 8.
1417 398 1463 442 ὠ
1480 400 1521 438 in
1543 398 1718 438 Suetonio
1737 398 1881 439 Pasini
1890 409 1977 454 pag.
2001 413 2015 439 1
2028 413 2089 453 13.
2108 403 2246 458 υιιζζα-

154 464 239 503 tus‚
264 457 365 495 inter
379 456 536 494 rariores
551 454 704 494 tantum
717 455 925 494 collocatur.
962 455 1124 495 Erosum
1144 455 1303 509 quidem
1320 454 1468 494 viderat
1486 454 1643 494 Patinus
1654 481 1666 499 ,
1696 455 1757 493 cui
1777 454 1931 494 titulum
1959 469 1985 495 D
1997 469 2012 494 1
2025 469 2051 494 v
2065 470 2090 495 v
2104 469 2123 494 s
2158 471 2184 496 A
2200 472 2246 497 v-

157 525 182 551 G
199 524 223 552 v
236 525 254 551 s
267 524 291 550 τ
305 524 358 551 vs
383 523 456 564 pro
478 509 584 550 solita
613 524 635 550 c
648 523 673 549 o
686 525 724 550 L.
757 524 786 549 R
800 524 825 549 o
838 523 884 550 M.
916 524 938 549 P
951 525 973 550 E
987 525 1018 550 R
1029 524 1079 551 M.
1110 525 1137 550 D
1148 524 1163 550 1
1176 525 1202 550 v
1215 525 1231 551 1
1262 524 1289 550 A
1306 524 1330 549 v
1342 524 1382 550 e.
1413 509 1623 565 epigraphe
1643 508 1841 549 substituit.

899 614 1489 660 RU‘SJCINQ

146 1195 209 1226 1M
221 1198 255 1224 P.
287 1198 310 1224 c
322 1197 348 1223 A
362 1196 386 1222 E
400 1195 433 1222 s.
463 1194 490 1221 A
505 1192 532 1221 v
543 1196 568 1222 G
581 1195 609 1222 v
621 1194 640 1221 s
653 1194 677 1221 T
691 1194 719 1222 v
730 1194 763 1222 s,
801 1182 935 1237 Caput
952 1183 1114 1238 Augusti
1131 1184 1209 1227 fine
1222 1185 1359 1227 laurea.

198 1255 222 1280 c
233 1254 259 1279 o
271 1253 309 1279 L.
339 1252 370 1278 R
383 1252 410 1277 v
421 1251 454 1277 s.
485 1252 510 1276 L
524 1252 547 1276 E
560 1252 597 1278 G.
629 1252 655 1277 v
668 1251 696 1277 1.
734 1237 889 1278 Colonia
905 1239 1082 1291 Ruscino.
1114 1241 1302 1296 Legiones
1316 1241 1458 1282 Sextae.
1494 1241 1594 1282 Duae
1612 1242 1747 1296 aquilae
1762 1241 1989 1297 legionariae.

150 1365 154 1370 ⁵
193 1317 368 1357 Plurima:
385 1314 563 1355 Coloniae
586 1329 654 1370 per
675 1315 744 1356 has
762 1315 904 1357 litteras
931 1331 1048 1357 Rvs.
1075 1318 1291 1372 incipiunt,
1319 1317 1483 1358 Rusellae
1506 1319 1545 1358 in
1563 1319 1703 1359 Tuscia
1723 1320 1847 1360 Plinio
1866 1321 1930 1361 lib.
1954 1335 1988 1374 3.
2012 1330 2094 1375 cap.
2114 1333 2148 1368 ς.
2170 1310 2235 1361 sed'

138 1371 255 1414 Italiae
272 1371 449 1424 Coloniis
459 1371 522 1424 jus
538 1371 725 1411 cudendae
743 1382 908 1412 monetae
925 1371 1029 1412 haud
1049 1373 1280 1413 concessum.
1311 1373 1514 1413 Rusadder
1533 1376 1573 1414 in
1591 1375 1823 1415 Mauritania
1842 1377 2050 1430 Tingitana
2063 1403 2075 1422 ‚
2104 1379 2231 1416 Anto-

137 1428 232 1468 nino
259 1428 299 1467 in
326 1426 453 1466 Itiner.
481 1428 569 1466 cum
592 1431 613 1465 a
638 1426 763 1466 Plinio
780 1427 948 1467 Colonia
971 1441 1052 1467 non
1076 1429 1312 1482 appelletur,
1341 1429 1362 1467 a
1384 1427 1557 1480 Trajano
1581 1441 1648 1469 aut
1670 1430 1876 1470 Hadriano
1896 1431 2101 1471 dedustam
2123 1443 2234 1484 puta*

135 1497 232 1524 mus.
273 1481 476 1523 Rusconiae
493 1508 505 1528 ‚
534 1480 780 1523 Ruficurium
795 1510 808 1529 ‚
837 1486 875 1522 &
900 1483 1076 1524 Rusazus
1100 1484 1140 1522 in
1167 1482 1409 1523 Mauretania
1430 1483 1646 1524 Caesarienfi
1671 1485 1720 1524 ab
1738 1486 1880 1525 eodem
1898 1486 2021 1525 Plinio
2042 1485 2234 1525 collocan-

135 1549 198 1579 tur
213 1538 272 1578 lib.
288 1551 321 1588 5.
339 1551 419 1590 cap.
432 1550 466 1575 2.
504 1537 781 1592 Alteriusjam
800 1538 1068 1578 Mauretaniae.
1088 1569 1096 1577 .
1116 1570 1122 1576 .
1141 1571 1148 1577 .
1177 1551 1260 1592 quae
1275 1551 1375 1578 nunc
1392 1538 1625 1588 Caesarienfis
1628 1571 1746 1579 .....
1777 1541 1933 1580 Colonia
1948 1541 2113 1594 Augusti
2130 1540 2232 1591 Ros-

133 1595 250 1634 toniae
262 1621 274 1640 ,
302 1589 555 1642 Rusticurium
581 1593 746 1632 civitate
770 1592 995 1633 honoratum
1013 1591 1036 1632 ιὶ
1054 1593 1212 1633 Claudio
1229 1621 1241 1640 ,
1273 1592 1458 1644 Rusazus
1476 1594 1631 1633 Colonia
1647 1594 1819 1648 Augusti.
1858 1596 1909 1635 Et
1929 1595 1982 1635 est
1999 1595 2170 1636 Ruscino
2188 1597 2228 1635 in

134 1647 259 1688 Gallia
277 1647 522 1688 Narbonensi
538 1647 706 1688 Colonia
725 1667 738 1694 3
767 1647 872 1688 unde
890 1649 1051 1689 dubium
1071 1649 1223 1688 cuinam
1244 1662 1374 1688 earum
1395 1648 1621 1689 tribuendus
1638 1663 1818 1689 nummus
1839 1665 1846 1689 :
1876 1650 1940 1690 sed
1958 1651 2046 1690 cum
2069 1651 2232 1706 Augusti

132 1715 249 1757 caput
261 1703 438 1743 exhibeat
449 1729 462 1749 ‚
489 1703 746 1743 Rusucurium
763 1704 916 1744 civitate
934 1705 955 1743 a
972 1703 1141 1744 Claudio
1158 1703 1347 1744 donatum
1364 1703 1666 1758 expungendum
1684 1705 1748 1744 est.
1789 1704 1993 1745 Rusconiae
2005 1709 2043 1744 &
2057 1706 2235 1746 Rusazus

133 1759 311 1799 Coloniae
327 1772 374 1798 ex
390 1758 514 1798 Plinio
530 1759 578 1798 ab
597 1758 772 1812 Augusto
789 1758 966 1799 dedufflsae
981 1787 993 1806 ,
1022 1773 1095 1813 pro
1113 1760 1150 1799 se
1170 1758 1280 1798 valde
1297 1758 1496 1799 sollicitant
1513 1787 1524 1806 ‚
1560 1759 1626 1799 sed
1644 1761 1792 1800 nummi
1817 1760 1938 1801 forma
1960 1764 1999 1799 &
2019 1761 2232 1816 epigraphe

131 1822 204 1909 Ero
223 1813 444 1855 Ruscinone
463 1825 610 1854 certant
625 1834 638 1861 3
664 1815 745 1854 imo
770 1828 951 1855 nummus
975 1814 1014 1854 in
1035 1815 1119 1868 ejus
1139 1815 1259 1855 traua
1279 1825 1451 1869 repertus
1467 1841 1479 1861 ‚
1509 1815 1548 1854 8<
1568 1814 1663 1855 mihi
1681 1815 1847 1856 donatus
1866 1842 1879 1862 ,
1915 1826 1959 1856 ut
1974 1815 2079 1856 hunc
2096 1816 2148 1857 illi
2168 1816 2231 1856 tri-

161 1869 498 1969 uffiiil'girlirgffeblibs
517 1923 572 1962 est
592 1922 727 1963 Galliae
747 1921 927 1964 Narbon.
948 1924 997 1964 ad
1018 1923 1111 1964 fluv.
1132 1924 1428 1978 cognominem,
1458 1935 1501 1964 ut
1516 1923 1638 1978 liquet
1653 1928 1700 1964 ex
1716 1925 1905 1965 Strabone
1928 1925 1952 1965 l.
1969 1938 2007 1978 4.
2027 1930 2113 1981 pag.
2136 1928 2232 1978 184.v

129 1988 171 2016 Ἐκ
188 1981 241 2027 μᾏ)
254 1983 282 2018 ¹15
296 1981 432 2027 Hoplw'nc
445 1981 477 2020 δ’,
503 1995 532 2016 π
548 1985 682 2016 Pensm
700 1985 724 2032 ᾖ
743 1984 756 2015 ὅ
774 1984 934 2028 Ιλυὲίρρῖς,
958 1981 1036 2016 πῆλιν
1052 1983 1127 2028 ’ἔχων
1144 1983 1294 2028 ὁμώνυμον
1308 1982 1456 2027 ἑκάτερθ’
1471 1985 1581 2017 αὐτῶν·
1615 1980 1656 2020 E
1673 1979 1971 2032 Pyrenafluunl'
1988 1981 2155 2030 Rustino
2177 1981 2228 2025 &¹

127 2034 324 2087 Ilybirris‚
347 2043 508 2088 ⁴uterque
522 2035 648 2073 urbem
663 2033 804 2073 habens
819 2037 1079 2088 cognominem.
1117 2036 1296 2076 Coloniae
1313 2035 1466 2075 titulum
1482 2034 1533 2075 illi
1548 2035 1681 2076 tribuit
1697 2035 1805 2075 Mela
1821 2034 1883 2075 lib.
1905 2050 1940 2075 2.
1960 2050 1989 2075 c.
2004 2049 2039 2089 3.
2070 2038 2165 2076 Inde
2178 2034 2232 2084 esf

125 2098 195 2128 ora
213 2087 421 2128 Sardonum
437 2115 449 2134 ‚
478 2087 581 2128 Telis
599 2086 648 2132 ὠ·
668 2088 803 2128 Tichis
819 2108 831 2134 ς
860 2089 927 2127 ubi
940 2097 1137 2141 accrevere
1149 2116 1161 2135 ‚
1180 2089 1385 2142 peisaevas
1409 2088 1566 2131 Colonia
1583 2088 1751 2139 Rulbino
1763 2116 1776 2137 ‚
1801 2093 1870 2130 &e
1909 2091 2009 2131 Duae
2025 2091 2160 2145 aquilae
2177 2092 2230 2132 le-

156 2143 305 2184 'onariae
324 2142 538 2184 Veteranos
555 2141 717 2182 duarum
734 2143 954 2197 Legionum
973 2143 1014 2182 in
1031 2143 1225 2183 coloniam
1242 2143 1470 2184 transmissos
1493 2145 1681 2186 denotant
1696 2165 1707 2193 3
1745 2147 1836 2195 cum
1852 2146 1956 2186 enim
1975 2147 2098 2201 Legio
2114 2147 2229 2188 Sexta.

124 2158 240 2240 {ierit
262 2198 413 2253 gemina
429 2226 442 2246 ‚
471 2213 547 2239 una
562 2198 797 2254 cognomine
815 2199 972 2239 Vicerix
995 2199 1034 2238 in
1050 2199 1156 2252 Syria
1171 2199 1219 2239 ab
1237 2199 1413 2253 Augusto
1429 2226 1442 2246 ‚
1470 2204 1510 2240 δε
1527 2201 1643 2241 altera
1662 2200 1776 2241 Sexta
1794 2199 1958 2241 Ferrata
1975 2202 2013 2242 in
2035 2202 2225 2256 Hispania

123 2254 330 2295 constituta
352 2269 360 2293 ε
396 2266 603 2308 antequam
628 2254 721 2294 vero
744 2253 806 2293 ille
829 2267 894 2294 eas
911 2255 953 2294 in
968 2254 1186 2309 provincias
1201 2253 1429 2301 dimitteret,
1457 2270 1589 2296 earum
1612 2256 1804 2297 Emeritos
1821 2257 1960 2312 partim
1981 2257 2228 2313 Caesaraugu-

124 2309 218 2350 stam
235 2312 273 2348 &
295 2309 428 2350 Accim
443 2336 457 2356 ,
484 2321 527 2351 ut
543 2323 591 2349 ex
606 2323 742 2350 eorum
758 2310 926 2351 nummis
942 2311 1125 2351 novimus
1141 2336 1153 2357 ‚
1181 2310 1321 2365 partim
1345 2310 1610 2353 Ruscinonem
1636 2312 1803 2353 traduxit
1814 2333 1828 2360 5
1857 2313 1962 2354 unde
1983 2314 2024 2354 in
2042 2313 2121 2354 hoc
2136 2313 2224 2355 duae'

123 2364 260 2421 aquilae
273 2364 490 2421 legionariae
503 2378 594 2406 cum
610 2365 855 2420 inscriptione
882 2381 908 2406 L
921 2380 945 2405 E
958 2379 998 2405 G.
1026 2379 1054 2406 v
1065 2380 1094 2406 1.
1123 2366 1313 2421 Legiones
1329 2365 1472 2407 Sextae.

177 2442 260 2484 Hic
275 2457 448 2485 nummus
462 2445 609 2487 minimi
622 2442 760 2485 moduli
774 2445 816 2484 in
832 2443 952 2496 museo
966 2443 1105 2496 nostro,
1120 2443 1330 2499 stngularis
1344 2443 1543 2499 elegantiae
1554 2444 1603 2490 ό
1614 2447 1792 2486 raritatis
1809 2446 1867 2501 ss·

880 2547 1446 2590 SEGOBRIGA‚

112 3114 147 3164 Ἀ
160 3130 187 3163 v
197 3135 223 3163 e
236 3130 263 3161 v
276 3135 295 3162 s
306 3134 330 3162 τ
343 3134 392 3164 vs
418 3135 446 3163 n
458 3136 473 3163 1
485 3135 512 3164 v
525 3135 542 3164 1
573 3136 610 3164 r.
648 3123 782 3179 Caput
798 3121 963 3181 Augusti
979 3124 1207 3169 laureatum]

107 3187 109 3189 ·
170 3191 190 3218 s
203 3192 227 3218 E
239 3191 266 3218 G
277 3191 303 3217 o
317 3191 380 3219 BR
391 3192 407 3218 1
420 3192 446 3219 G
460 3192 499 3218 Α.
537 3178 668 3234 Eques
683 3179 890 3222 decurrens
902 3209 914 3229 ‚
944 3181 1078 3224 dextra
1094 3183 1256 3226 hastam:

166 3255 364 3311 Segobriga
383 3283 396 3304 ‚
423 3257 513 3298 urbs
536 3257 734 3312 Hispaniae
756 3258 1232 3318 Tarraconenfisfgemina
1248 3288 1261 3309 ‚
1304 3262 1419 3305 altera
1446 3256 1730 3305 Celtiberorum
1758 3263 1935 3318 primaria
1962 3264 2058 3306 teste
2084 3265 2209 3308 Plinio

109 3310 170 3374 lib.
185 3325 219 3365 3.
238 3324 320 3373 cap.
333 3324 366 3365 3.
380 3313 522 3374 ‘Cuput
532 3312 745 3354 Celtiberia*
754 3314 1044 3377 Segobrigenses.
1081 3318 1213 3359 Altera
1230 3317 1295 3358 ubi
1312 3319 1427 3360 fuerit
1438 3346 1451 3366 ,
1478 3334 1558 3360 non
1577 3319 1688 3359 valde
1705 3319 1854 3360 constat
1869 3347 1882 3367 ‚
1911 3318 1978 3360 sed
1995 3322 2083 3362 cum
2104 3323 2208 3375 prior

109 3376 210 3407 mter
229 3365 485 3420 stipendiarias
505 3368 617 3409 urbes
631 3369 680 3409 ab
697 3369 838 3410 eodem
854 3370 978 3411 Plinio
995 3373 1232 3413 recenseatur
1244 3400 1256 3420 ‚
1283 3374 1332 3414 ad
1352 3388 1437 3414 eam
1455 3387 1636 3415 nummos
1652 3375 1843 3426 pertinere
1859 3375 2018 3417 minime
2034 3377 2206 3418 credide-

111 3422 182 3462 rim
197 3449 208 3468 ,
237 3421 264 3461 fi
282 3421 441 3483 quidem
457 3423 706 3478 stipendiariis
730 3425 917 3466 cudendae
942 3439 1108 3468 monetae
1132 3428 1290 3470 facultas
1309 3430 1498 3484 nusquam
1518 3429 1692 3469 concessa
1708 3429 1910 3477 videatur;
1937 3444 2056 3485 quare
2074 3434 2206 3486 potius

109 3475 161 3517 ad
178 3477 427 3530 posteriorem
442 3505 454 3524 ‚
483 3493 570 3533 quae
588 3480 728 3520 veteris
744 3480 842 3520 Latii
856 3481 943 3532 jure
960 3481 1102 3522 donata
1119 3510 1130 3529 ‚
1160 3484 1299 3525 merito
1312 3498 1496 3536 nummos
1513 3483 1654 3524 cudere
1672 3486 1811 3539 potuit.
1852 3485 1956 3527 Vide
1972 3488 2012 3527 in
2030 3487 2200 3528 Tiberio.

110 3531 240 3585 Eques
256 3531 479 3581 decurrens,
508 3548 590 3574 non
607 3534 656 3575 ad
671 3534 831 3589 aliquod
849 3537 1013 3592 Augusti
1032 3536 1178 3579 faffitum
1196 3539 1360 3594 spectat,
1385 3539 1451 3579 sed
1468 3539 1570 3581 urbis
1590 3550 1633 3581 ut
1650 3543 1689 3580 δε
1706 3540 1864 3581 aliarum
1882 3541 2176 3596 Hispanicarum
2185 3564 2201 3592 2

108 3585 161 3627 de
174 3586 313 3640 quibus
328 3589 418 3630 ante
437 3590 585 3645 egimus
596 3616 609 3637 ,
637 3590 784 3647 insigne
801 3590 864 3631 est.

164 3663 246 3705 Hic
262 3679 433 3708 nummus
439 3667 616 3719 secundae
634 3670 909 3725 magnitudinis
927 3669 1064 3710 obvius
1079 3671 1140 3724 est.
1257 3696 1274 3715 ο

164 3992 267 4038 Tam.
296 3994 332 4041 1.
1436 4003 1472 4054 F
1498 4009 1525 4058 ἓξ
