2491 4219
223 144 316 191 164
759 135 1348 184 PHIL‘IPPUS
1431 137 1850 203 SENIOQR.

275 750 298 776 c
310 749 336 775 o
348 750 386 776 L.
418 750 442 775 F
457 751 495 776 L.
527 747 547 774 Ρ
562 750 588 774 A
605 749 640 775 c.
670 749 697 774 D
710 749 733 774 E
747 748 773 774 v
786 749 811 775 L
825 749 862 774 T.
892 735 1047 776 Colonia
1062 735 1205 777 Flavia
1223 733 1404 787 Pacensis
1428 733 1648 776 Deultana.
1688 734 1839 790 Cybele
1858 736 1989 777 turrita
2005 735 2158 785 sedens,
2187 737 2320 782 dextra

329 802 522 846 pateram,
551 790 694 831 finistrii
711 802 959 845 tympanum,
986 791 1075 832 hinc
1094 796 1132 832 &
1148 791 1239 832 inde
1258 805 1331 846 pro
1350 789 1515 845 pedibus
1529 790 1627 832 Leo.

271 870 483 919 Deultum,
514 870 682 911 Colonia
703 871 724 910 ἐι
742 869 978 925 Vespafiano
993 869 1109 917 faCta,
1137 869 1288 911 easdem
1305 868 1460 910 videtur
1476 868 1736 912 immunitates
1757 869 1948 918 habuisse,
1977 885 2074 926 quas
2098 885 2224 915 narrat
2249 873 2320 916 Ti-

217 928 321 969 tulus
353 942 412 979 51.
444 928 548 969 Cod.
574 927 634 967 lib.
666 941 727 967 11.
749 926 800 967 de
825 926 989 967 Colonis
1013 925 1297 967 Thracensibus
1324 940 1332 965 :
1360 924 1592 980 Thracensi’s
1615 928 1857 981 capitationis
1874 926 2020 967 tributa
2035 941 2107 967 non
2115 929 2322 983 praestant,

204 984 284 1037 sed
297 985 448 1026 tributa
464 994 584 1025 terrae.
616 983 766 1040 Cybele
780 983 834 1023 sui
851 983 996 1024 cultum
1012 982 1049 1023 in
1067 982 1236 1023 Colonia
1251 980 1433 1030 denotat,
1460 982 1523 1024 illa
1539 982 1676 1024 eadem
1692 983 1747 1023 est
1762 997 1849 1037 quae
1866 982 2000 1024 Tellus
2013 986 2052 1022 &
2069 984 2217 1040 Magna
2234 984 2322 1026 Ma-

217 1053 297 1088 ter,
327 1041 378 1082 de
398 1056 474 1095 qua
491 1042 540 1081 D.
562 1041 797 1096 Augustinus
812 1039 874 1080 lib.
896 1052 932 1091 7.
948 1040 999 1080 de
1019 1037 1134 1079 Civit.
1154 1039 1231 1079 Dei
1249 1054 1257 1079 :
1287 1037 1471 1079 Tellurem
1490 1038 1644 1079 eandem
1659 1038 1802 1079 dietam
1824 1037 1892 1091 effe
1907 1039 2094 1093 Magnam
2118 1041 2291 1081 Matrem
2308 1056 2322 1082 :

217 1096 322 1152 quod
341 1105 556 1150 tympanum
581 1096 744 1142 habeat,
757 1094 971 1150 fignificari
985 1095 1053 1147 effe
1073 1094 1194 1135 orbem
1210 1104 1321 1135 terrae
1341 1110 1353 1133 :
1382 1093 1486 1149 quod
1498 1103 1623 1134 turres
1635 1096 1676 1135 in
1691 1096 1836 1148 capite,
1864 1095 1996 1149 oppida
2012 1109 2024 1133 :
2051 1094 2153 1150 quod
2156 1095 2267 1148 sbdes
2269 1096 2324 1152 fi-

211 1162 333 1206 gatar
359 1155 459 1192 circa
484 1166 566 1192 eam
582 1179 594 1198 ,
630 1151 717 1191 cum
742 1152 866 1193 omnia
890 1159 1134 1194 moveantur,
1160 1150 1280 1205 ipsam
1304 1164 1378 1190 non
1400 1151 1543 1190 moveri
1661 1149 1825 1190 Leonem
1849 1151 2063 1207 aci-'jungunt
2079 1150 2251 1204 solutum
2274 1167 2323 1194 ac

217 1209 475 1259 mansuetum,
502 1217 548 1248 ut
571 1207 766 1260 ostendant
793 1206 936 1246 nullum
963 1206 1032 1260 esse
1045 1220 1168 1262 genus
1192 1216 1302 1247 terrae
1321 1215 1402 1246 tam
1423 1215 1628 1254 remotum,
1653 1220 1700 1247 ac
1715 1206 1954 1247 vehementer
1957 1206 2091 1261 firum
2098 1234 2111 1255 ,
2137 1207 2240 1262 quod
2249 1222 2326 1250 non

214 1262 355 1320 fitbjici
372 1267 506 1320 cuique
520 1265 737 1305 conveniat.
767 1263 865 1303 Haec
882 1263 930 1303 D.
950 1263 1156 1317 Augustini
1171 1262 1222 1304 de
1237 1262 1387 1316 Cybele
1402 1261 1607 1317 descriptio
1622 1263 1719 1305 mire
1734 1275 1896 1304 nummo
1911 1263 2088 1320 congruit
2105 1282 2119 1311 3
2144 1263 2205 1304 illa
2218 1275 2330 1319 pate-

217 1334 300 1361 tam
316 1322 370 1362 ob
388 1320 566 1362 sacrificia
582 1320 650 1360 fibi
670 1334 742 1374 pro
761 1318 929 1375 Philippi
944 1319 1062 1360 salute
1075 1331 1293 1375 perpetrata
1307 1333 1441 1376 gerere
1454 1319 1618 1362 videtur.
2322 1313 2327 1318 ⁷

274 1398 358 1440 Hic
378 1413 551 1441 nummus
571 1400 716 1440 minimi
732 1398 870 1440 moduli
876 1409 949 1454 pro
968 1413 1053 1441 raro
1073 1395 1316 1454 &fingulari
1329 1399 1528 1440 notandus.

281 1947 317 1973 c.
337 1947 375 1973 F.
393 1944 430 1971 P.
449 1944 488 1974 D.
520 1929 678 1971 Colonia
691 1927 835 1970 Flavia
851 1927 1032 1981 Pacensts
1048 1926 1265 1971 Deultana.
1302 1924 1395 1967 Leo.

276 2009 486 2052 Thraciam
510 2023 591 2049 non
616 2009 740 2050 modo
761 2009 950 2050 Colonias
976 2009 998 2050 ὲ
1021 2008 1236 2054 Romanis,
1263 2005 1330 2047 sed
1354 2003 1469 2046 etiam
1494 2001 1614 2059 longe
1636 2010 1749 2043 antea
1769 1999 1792 2041 ἒι
1808 1999 1955 2042 Graecis
1971 1995 2341 2054 accepisselegimuss
2394 2020 2397 2026 ν
2429 2052 2433 2059 ἡ

224 2068 329 2122 apud
346 2064 550 2119 Polybium
567 2065 665 2105 Hist.
687 2065 750 2106 lib.
767 2079 803 2124 9.
821 2080 908 2129 pag.
928 2069 1017 2117 561.
1048 2076 1088 2103 Ην
1103 2067 1130 2104 τὶ
1143 2066 1265 2115 ου’ςημω
1278 2070 1305 2102 ⁶2⁴³
1321 2069 1369 2101 ἐπὶ
1386 2063 1512 2111 Θρᾴκης
1528 2064 1660 2099 munau
1673 2087 1684 2104 ,
1710 2060 1744 2098 ἒς
1758 2060 1912 2108 οῑπῴκισωι
1929 2060 2085 2097 Αθῐωοᾶοι
2100 2058 2148 2106 ’wi
2165 2060 2338 2096 Χωλκιθεῖςὲ

222 2123 330 2170 Erat
352 2123 442 2164 olim
469 2122 568 2160 inter
595 2121 747 2160 Graecos
770 2134 835 2176 qut
860 2121 1067 2161 Thraciam
1090 2120 1262 2164 colebant
1275 2146 1289 2167 ,
1316 2127 1447 2172 corpus
1465 2116 1591 2158 veluti
1611 2114 1798 2172 quoddam
1818 2112 1866 2158 ὠ·
1884 2111 2113 2168 Respublica
2133 2110 2359 2155 communis?
2384 2165 2388 2172 Ι
2430 2115 2432 2120 ’

224 2179 465 2224 Coloniarum
484 2176 532 2216 ab
550 2175 845 2228 Athenienstbus
864 2173 912 2219 &⁶
929 2175 1231 2225 Chalcidenfibus
1251 2174 1291 2213 eo
1310 2173 1566 2213 deduc‘larum.
1611 2172 1660 2211 In
1686 2170 1870 2223 superiori
1893 2181 2057 2210 nummo
2076 2167 2226 2224 Cybele
2244 2179 2342 2209 cum

223 2236 424 2276 Leonibus
440 2231 726 2285 repraesentatur
735 2258 748 2278 ,
765 2232 855 2272 ideo
869 2230 953 2271 Leo
969 2229 1092 2270 Matri
1104 2229 1263 2284 Magnae
1279 2227 1379 2268 sacer
1396 2226 1534 2268 dicitur
1544 2247 1558 2275 ;
1587 2240 1636 2266 an
1652 2226 1692 2266 in
1708 2225 1786 2266 hoc
1801 2237 1898 2279 typo
1912 2239 1985 2280 pro
2002 2224 2117 2286 hujus
2128 2225 2225 2266 Deae
2239 2223 2339 2278 sym·-

226 2291 340 2336 bolo,
360 2304 408 2330 an
424 2289 517 2328 vero
533 2300 605 2340 pro
618 2286 797 2327 Coloniae
815 2285 953 2340 insigni
967 2284 1078 2325 cusus
1094 2283 1164 2332 fit,
1185 2282 1400 2337 dijudicent
1416 2282 1647 2337 Antiquarii.
1674 2281 1858 2322 Leonum
1874 2279 2147 2324 abundantiam
2161 2279 2339 2331 inThra3
2362 2313 2367 2318 .
2422 2284 2432 2294 ⁶

227 2348 283 2387 cia
302 2345 411 2386 fuisse
428 2356 545 2384 nemo
561 2341 689 2383 nescit.

280 2425 365 2467 Hic
382 2421 595 2465 nummulus
610 2423 712 2463 inter
724 2421 885 2461 rariores
899 2415 1160 2460 numerandus.

971 2519 1596 2572 HELIOPOLIS.

238 3176 350 3205 ῙΜΡ.
383 3174 406 3201 c
420 3173 483 3200 ΑΕ
498 3170 532 3198 s.
561 3169 611 3196 M.
647 3169 662 3195 1
676 3167 751 3195 vn.
781 3163 1090 3194 PHILIPva.
1122 3163 1148 3190 A
1163 3160 1242 3190 vo.
1278 3146 1412 3201 Caput
1425 3143 1594 3200 Philippi
1607 3140 1833 3184 laureatum
1850 3195 1857 3202 .
2441 3170 2447 3176 .

293 3234 355 3263 co
369 3233 407 3259 L.
439 3229 556 3264 HEL-
587 3211 742 3257 Colonia
761 3208 969 3264 Heliopolis
992 3207 1053 3248 vel
1069 3203 1362 3260 Heliopolitana.
1402 3201 1536 3258 Caput
1558 3198 1743 3262 muliebre
1768 3205 1944 3239 turritum
1968 3197 2008 3236 &
2030 3193 2223 3240 velatum,
2248 3196 2343 3236 anti
2395 3250 2397 3256 A
2428 3231 2437 3242 ι,

262 3272 269 3278 ”
351 3272 469 3329 quod,
479 3271 628 3328 signum
648 3268 828 3315 militare,
856 3265 919 3306 cui
933 3263 1111 3319 impolita
1129 3260 1256 3317 aquila
1273 3272 1361 3300 cum
1377 3258 1502 3313 capite
1521 3269 1700 3313 gemino,
1729 3254 1835 3309 pone
1851 3262 1980 3293 autem
1995 3263 2132 3292 ramus.
2393 3259 2396 3268 ’

272 3375 274 3378 ·
297 3358 518 3414 Heliopolis
543 3358 636 3397 urbs
656 3353 873 3409 Coelesyriae
890 3379 903 3399 ‚
931 3351 1100 3392 Colonia
1121 3347 1262 3404 &Julio
1277 3345 1427 3386 Caesare
1449 3344 1678 3389 constituta,
1705 3339 1985 3393 Veteranisque
2005 3338 2052 3378 ab
2072 3336 2250 3393 Augusto
2266 3334 2341 3377 fre·¹

243 3427 426 3469 quentata
435 3443 447 3462 ,
477 3425 520 3455 ut
537 3414 576 3453 in
594 3411 847 3464 Hadrianop.
865 3421 880 3448 1
893 3410 954 3458 58.
973 3406 1138 3447 diximus
1148 3431 1161 3452 ,
1184 3416 1364 3443 nummos
1381 3401 1562 3455 Philippo
1577 3397 1770 3439 dedicavit
1784 3396 1836 3436 ob
1854 3395 1994 3456 bellum
2009 3391 2197 3433 Perficum
2211 3391 2260 3432 ab
2274 3404 2340 3439 eo,

244 3482 343 3524 pace
361 3471 450 3510 inita
462 3496 473 3516 ‚
501 3469 667 3522 sopitum
684 3494 696 3514 ,
723 3466 835 3518 cujus
850 3464 905 3504 rei
922 3462 1034 3503 testes
1055 3462 1140 3502 sunt
1156 3459 1302 3500 nummi
1322 3456 1391 3512 ipfi
1409 3458 1430 3497 ἒι
1445 3457 1587 3497 Senatu
1603 3451 1764 3509 percussi
1779 3465 1866 3492 cum
1887 3448 2098 3505 epigraphe
2123 3461 2146 3488 ι’
2157 3461 2185 3487 A
2197 3461 2224 3487 x
2256 3460 2284 3486 A
2297 3461 2343 3487 E-

246 3539 310 3566 TE
325 3538 355 3564 R
369 3537 399 3563 N
415 3537 440 3562 A
457 3538 468 3570 5
498 3529 535 3564 &
552 3523 716 3578 insignes
733 3521 783 3561 illi
799 3518 988 3575 argentei,
1004 3532 1093 3559 cum
1111 3515 1373 3568 inscriptione,
1403 3526 1425 3552 P
1440 3525 1467 3551 A
1481 3526 1506 3551 x
1537 3525 1561 3551 F
1575 3523 1642 3551 vN
1654 3524 1679 3549 D
1691 3523 1720 3549 A
1736 3522 1760 3547 T
1774 3522 1801 3547 A
1833 3522 1856 3547 c
1868 3520 1895 3546 v
1907 3519 1944 3546 M
1975 3518 2030 3545 PE
2042 3517 2071 3545 R
2083 3515 2174 3543 s1s.
2205 3502 2340 3564 Caput

245 3580 432 3621 muliebre
456 3581 628 3619 turritum
646 3606 656 3624 ‚
688 3576 839 3617 Genius
863 3574 918 3614 est
937 3573 1047 3614 urbis.
1083 3573 1241 3628 Signum
1263 3570 1421 3610 militare
1438 3594 1451 3614 ,
1477 3565 1527 3607 ad
1543 3564 1722 3606 Coloniae
1743 3562 2050 3620 supplementum
2073 3571 2120 3598 ex
2138 3556 2342 3599 Veteranis

246 3636 413 3688 spe&at;
442 3632 507 3672 sed
528 3633 634 3686 signo
650 3631 798 3672 militari
818 3629 996 3683 imposita
1015 3629 1069 3669 est
1086 3626 1211 3682 aquila
1229 3639 1316 3666 cum
1331 3623 1489 3680 gemino
1502 3621 1627 3676 capite
1638 3647 1651 3667 ‚
1678 3618 1728 3660 ad
1747 3616 2012 3679 denotandum
2028 3613 2113 3654 1llos
2127 3626 2174 3653 ex
2190 3612 2341 3674 duabus

247 3689 485 3744 Legionibus
504 3688 542 3726 in
559 3701 641 3728 eam
662 3687 770 3727 fuiffe
789 3684 1018 3726 transmiss‘os
1031 3710 1042 3729 ‚
1069 3683 1120 3723 de
1135 3682 1276 3737 quibus
1296 3680 1404 3720 infra.
1446 3677 1554 3718 Pone
1577 3686 1693 3730 caput
1716 3673 1882 3714 mulieris
1905 3682 2032 3732 ramus
2047 3668 2124 3715 est;
2151 3667 2215 3729 sed
2232 3679 2344 3728 cujus

248 3738 413 3789 arboris,
441 3741 544 3782 haud
559 3742 743 3781 affirmare
762 3740 949 3781 audemus
967 3754 976 3778 :
1004 3738 1031 3777 sl
1050 3750 1178 3778 tamen
1195 3736 1424 3788 conjesturae
1438 3734 1544 3774 locus
1558 3759 1572 3778 ‚
1600 3728 1794 3787 cupressus
1811 3728 1865 3769 est
1881 3747 1893 3774 ς
1919 3725 1987 3787 3¹¹².
2003 3738 2043 3764 ιη
2057 3723 2190 3765 medio
2208 3721 2342 3777 templi
2378 3748 2383 3752 -

247 3799 450 3838 exhibetur
477 3798 516 3836 in
542 3809 701 3835 nummo
727 3796 843 3847 hujus
869 3793 1044 3836 Coloniae
1070 3792 1169 3832 infr&
1194 3788 1444 3833 describendo
1462 3808 1474 3835 5
1501 3786 1602 3828 adde
1625 3784 1736 3839 qued
1752 3783 1834 3824 haec
1849 3781 1930 3824 Soll
1948 3779 2074 3822 dlcata
2092 3779 2138 3821 fit
2152 3805 2166 3827 2
2193 3781 2234 3820 &
2251 3777 2342 3819 urbs

248 3852 490 3906 Heliopolis,
516 3850 557 3890 id
575 3851 628 3890 est
640 3876 652 3896 ‚
681 3850 776 3889 Solis
793 3850 941 3890 Civitas
958 3848 1180 3903 appelletur.

299 3929 384 3973 Hic
402 3941 575 3970 nummus
586 3928 720 3982 primae
739 3926 1014 3981 magnitudinis
1031 3927 1074 3967 in
1091 3928 1274 3967 rariorum
1289 3934 1437 3966 numero
1455 3916 1708 3970 recenfindus.
