2574 4214
298 219 394 262 186
862 205 1839 261 MAURELIUS.

297 278 556 376 νέῗῇείκηῐ.
583 276 721 320 Strabo
738 275 824 319 illos
839 277 879 318 in
896 275 1086 319 Graeciam
1095 305 1109 327 ,
1125 279 1191 319 ubi
1206 279 1370 334 plurima
1386 293 1523 321 eorum
1539 295 1659 337 opera
1679 281 1807 329 fuere,
1826 281 1849 322 ὲ
1865 277 1983 335 Lycia
2000 277 2309 334 Bellerophontis
2325 294 2410 325 aevo

298 351 322 380 a
366 348 464 377 eltos
479 347 615 376 narrat.

353 414 439 456 Hic
452 427 625 457 nummus
644 411 983 469 mediocrtsformae
997 413 1100 454 inter
1114 413 1278 453 rariores
1290 413 1546 465 recmlbndtts.

350 945 388 986 c.
419 957 458 985 r„
488 957 530 1006 ι..
546 955 659 1004 coit:
690 940 850 983 Colonia
870 940 983 982 Laus
1000 939 1120 993 Julia
1139 940 1357 983 Corinthus.
1396 940 1536 985 Venus
1551 940 1749 984 seminuda
1764 943 1866 985 stans
1880 944 1921 985 in
1938 945 2084 1000 templo
2105 943 2182 987 bafi
2196 947 2410 1004 praegrandi

405 999 704 1056 superimpolito
719 1023 733 1045 ,
769 997 954 1039 ambabus
973 998 1154 1053 clypeum
1179 1008 1296 1038 tenet.

348 1077 547 1122 Venerem
565 1078 586 1118 a
600 1077 689 1120 Sole
706 1075 982 1119 Acrocorinthi
1001 1076 1159 1118 tutelam
1175 1076 1362 1133 accepisse
1379 1076 1566 1124 diximus,
1593 1077 1634 1118 in
1653 1078 1765 1133 cujus
1779 1078 1884 1121 aditu
1901 1078 1983 1134 ejus
2001 1080 2188 1136 templum
2205 1078 2411 1124 locatPau·

294 1133 416 1178 sanias
439 1135 500 1177 lib.
529 1149 563 1175 2.
593 1148 632 1188 p.
659 1148 686 1185 9
721 1166 729 1174 .
785 1133 862 1176 Sed
887 1134 977 1174 cum
1005 1132 1090 1187 ejus
1107 1131 1226 1189 figura
1243 1132 1306 1174 sex
1321 1131 1510 1174 columnis
1528 1146 1662 1176 ornata
1679 1133 1861 1190 frequens
1878 1137 1916 1176 in
1938 1138 2102 1177 nummis
2120 1137 2303 1185 occurrit,
2332 1137 2410 1179 hoc

294 1191 484 1246 templum
507 1190 658 1232 duabus
696 1189 804 1232 olum
832 1188 981 1247 infigne
1006 1189 1076 1244 ipfi
1101 1188 1217 1245 igitur
1244 1190 1456 1231 convenire
1474 1191 1612 1244 nequit
1633 1206 1642 1231 τ
1667 1191 1738 1232 alia
1757 1195 1849 1233 vero
1870 1190 2009 1232 suntin
2027 1193 2120 1233 urbe
2142 1191 2304 1234 Veneris
2319 1193 2410 1234 fana

292 1246 400 1302 apud
416 1247 587 1287 eundem
605 1245 846 1287 Historicum
859 1273 872 1292 ‚
900 1245 1060 1287 alterum
1079 1246 1118 1285 in
1134 1246 1249 1293 urbe,
1277 1246 1439 1288 alterum
1454 1245 1493 1286 in
1511 1245 1712 1295 suburbio,
1741 1248 1818 1289 hoc
1839 1247 2078 1289 Melanitidis
2099 1247 2285 1295 Veneris,
2314 1245 2410 1290 illud

292 1303 331 1348 in
349 1301 574 1344 Cenchreis.
607 1313 639 1340 Εν
655 1308 688 1342 δὲ
705 1306 871 1359 Κεξξςείοας
890 1306 1051 1355 Αφςοᾶπκ
1067 1307 1098 1343 π’
1112 1311 1151 1344 ὲςτ
1167 1307 1251 1346 ναὸς,
1278 1310 1303 1358 '53
1320 1305 1452 1352 ἄραλμα
1465 1309 1552 1342 mus.
1584 1305 1633 1344 In
1650 1303 1734 1358 ith's
1749 1303 1950 1344 Cenchreis
1964 1303 2181 1356 estVeneris
2194 1303 2410 1352 delubrum,

293 1357 343 1403 ό
369 1373 616 1400 marmoreum
627 1361 788 1416 fignum.
846 1361 984 1403 Venus
1008 1361 1182 1416 plurimis
1204 1361 1502 1417 cognominibus
1521 1359 1627 1416 apud
1644 1361 1819 1400 auctores
1834 1359 2065 1415 appellatur,
2096 1362 2158 1400 82.
2178 1359 2322 1416 colligit
2339 1357 2408 1401 Lil.

293 1414 498 1462 Gimldus,
525 1415 625 1457 inter
644 1431 762 1470 quas,
791 1417 949 1458 Vift‘rix
965 1417 1088 1464 dista,
1116 1416 1270 1458 videtur
1285 1417 1361 1458 esse
1377 1416 1524 1463 nostra,
1553 1417 1662 1470 cujus
1678 1416 1800 1456 aedem
1818 1415 2060 1470 Porphyrion
2077 1414 2185 1455 fuisse
2200 1416 2252 1456 ait
2271 1417 2410 1456 Romae

286 1471 332 1517 jn
350 1471 503 1512 theatro
519 1471 707 1527 Pompeii.
736 1474 798 1514 Sic
813 1486 945 1514 autem
966 1473 1026 1513 illa
1043 1472 1242 1514 seminuda
1262 1472 1484 1527 depingitur
1503 1473 1540 1512 in
1561 1472 1728 1512 nummis
1751 1486 1783 1512 s.
1818 1485 1853 1511 c.
1872 1470 1969 1511 cusis
1985 1483 2075 1511 cum
2091 1468 2301 1526 epigraphe
2323 1485 2350 1511 v
2363 1485 2410 1511 ε-

294 1540 325 1568 N
339 1541 362 1566 r:
375 1540 406 1567 R
419 1541 433 1566 1
465 1541 492 1567 v
506 1542 520 1567 1
533 1542 555 1568 c
569 1542 593 1568 τ
607 1543 637 1569 R
653 1543 665 1568 1
680 1544 702 1569 c
717 1544 753 1576 1,
784 1530 823 1569 in
853 1529 994 1583 quibus
1021 1529 1078 1569 M.
1105 1528 1305 1569 Aurelium
1327 1528 1395 1568 sub
1422 1529 1561 1569 Martis
1588 1528 1714 1582 specie
1731 1526 1781 1567 ad
1800 1527 1942 1568 bellum
1960 1539 2230 1581 properantem
2247 1527 2412 1568 retinere

291 1583 458 1624 videtur.
489 1584 687 1625 Corinthii
706 1585 979 1626 Romanorum
995 1584 1181 1639 exemplo
1198 1584 1426 1638 Imperatori
1443 1598 1647 1624 nummum
1663 1598 1753 1624 cum
1772 1583 1935 1624 Veneris
1954 1582 2129 1623 Vistricis
2144 1581 2272 1638 effigie
2291 1581 2411 1638 figna-

292 1650 404 1684 runt,
431 1637 502 1693 ipfi
522 1654 591 1694 per
607 1654 768 1681 uxorem
786 1641 1007 1681 Faustinam
1025 1653 1209 1694 tanquam
1227 1639 1383 1680 alteram
1402 1639 1598 1680 Venerem
1615 1639 1856 1694 gratulantes.
1913 1638 2049 1678 Venus
2064 1638 2211 1678 scutum
2231 1638 2328 1692 gerit
2345 1638 2410 1678 seu

291 1707 336 1792 {t
365 1694 515 1790 ᾫίὶτίκ
532 1723 544 1743 ,
580 1695 645 1737 seu
673 1708 861 1752 tanquam
888 1709 1024 1736 eorum
1052 1695 1246 1736 inventrix
1263 1721 1278 1744 ‚
1314 1694 1411 1737 teste
1439 1694 1622 1737 Colutho
1657 1695 1707 1736 de
1742 1706 1855 1750 raptu
1884 1693 2056 1734 Helenae.
2115 1693 2218 1734 Vide
2242 1692 2341 1733 infra
2368 1695 2408 1733 in

328 1765 389 1791 uci
415 1765 449 1791 a.

346 1819 431 1861 Hic
447 1820 661 1860 nummulus
677 1821 779 1860 inter
793 1820 958 1861 rariores
972 1817 1223 1860 collocandus.

347 2426 387 2466 e.
418 2420 459 2464 L}
488 2433 520 2461 1.
551 2434 612 2463 co
623 2421 670 2462 R}
698 2418 856 2461 Colonia
875 2415 986 2458 Laus
1005 2416 1127 2471 Julia
1139 2415 1360 2461 Corinthus.
1390 2415 1534 2474 Figura
1549 2415 1747 2458 muliebris
1762 2415 1894 2458 turrita
1910 2417 1950 2456 &
1977 2414 2109 2457 stolata
2125 2414 2246 2463 stans,
2276 2413 2411 2459 dextra

403 2478 561 2519 extensa
575 2490 769 2532 pateram,
797 2474 942 2517 sinistra
961 2476 1222 2531 cornucopiae.

349 2556 496 2597 Mulier
512 2556 646 2596 turrita
665 2556 799 2596 urbem
817 2553 936 2611 ipsam
955 2553 1194 2596 Corinthum
1215 2552 1279 2593 seu
1301 2551 1476 2593 Genium
1493 2549 1596 2592 urbis
1613 2549 1691 2591 defi
1722 2560 1817 2597 nat·;
1845 2561 1989 2591 corona
2008 2563 2055 2590 ex
2072 2549 2237 2591 turribus
2249 2559 2415 2606 compo:

292 2612 360 2655 fita
389 2612 492 2652 urbis
519 2610 735 2666 symbolum
763 2610 817 2651 est
845 2630 858 2657 ·,
885 2621 1017 2663 patera
1044 2614 1084 2651 ὃ(
1101 2608 1370 2663 cornucopiae‚
1397 2607 1495 2648 illius
1514 2606 1631 2647 Genii
1647 2565 1807 2661 insignia
1823 2605 1908 2646 sunt
1925 2621 1932 2645 :
1966 2603 2085 2660 figura
2105 2604 2234 2646 stolata
2252 2605 2308 2646 est
2326 2606 2411 2647 Ro-

291 2683 411 2710 mano
426 2681 556 2713 more,
585 2667 666 2721 ipsa
682 2667 786 2707 enim
805 2666 1022 2708 Corinthus
1040 2666 1209 2707 Colonia
1226 2665 1498 2705 Romanorum
1515 2662 1721 2703 constituta
1740 2661 1815 2708 est,
1843 2661 2041 2715 annosque
2059 2672 2150 2711 217.
2171 2661 2220 2701 ab
2238 2660 2322 2714 ejus
2338 2660 2409 2703 de-

291 2724 479 2765 ductione
497 2723 718 2764 dinumerat
734 2720 937 2763 Pausanias
954 2723 1045 2762 cum
1061 2721 1211 2762 AEliaca
1229 2719 1414 2760 scriberet.
1433 2733 1471 2774 p.
1493 2721 1584 2771 287.
1613 2721 1773 2764 Kowei‘aev
1794 2719 1848 2766 μὲιὶ
1870 2722 1902 2766 72
1924 2727 1949 2756 οἱ
1972 2725 2026 2756 νωῖ
2040 2720 2169 2756 vedum
2183 2720 2409 2761 nemmmm‘m

290 2785 363 2821 εἷα-ι’,
391 2792 414 2832 ’S
429 2788 528 2822 σφίσιν
544 2785 601 2825 αἶψ’
619 2781 636 2817 ἒ
654 2781 709 2818 ‘rim‘
725 2783 793 2829 ylo&
810 2781 889 2827 eff&
904 2783 1074 2824 βασιλέως,
1098 2781 1200 2827 ’ἔχεων
1215 2779 1304 2818 ἐτ’κῃσι
1319 2779 1367 2816 ’ἐπι
1385 2782 1408 2829 ιζ,
1427 2778 1581 2826 :okardo-too
1596 2781 1677 2818 τξίων
1692 2781 1793 2814 δέοντα
1810 2777 1853 2812 lu?
1865 2783 1891 2813 ἐς
1907 2780 1966 2822 ἐμὲ,
1989 2773 2181 2828 Siquidem
2194 2773 2410 2829 hzfjusaeta·

291 2840 347 2878 tis
365 2836 558 2878 Cormthii
572 2837 737 2875 omnium
751 2835 917 2875 maximo
934 2836 1026 2874 novi
1045 2836 1087 2875 in
1109 2831 1368 2887 Peloponneso
1371 2835 1478 2883 sunt.
1534 2831 1695 2871 Abhinc
1710 2833 1809 2870 enim
1824 2828 2075 2883 annosfermb
2093 2829 2271 2869 ducentos
2286 2830 2409 2870 decem

294 2890 343 2936 ἄν
363 2893 525 2946 septem,
554 2890 710 2930 Colonia
724 2890 806 2930 haec
821 2889 872 2930 ab
895 2889 1126 2944 Imperatore
1150 2889 1323 2929 Romano
1340 2886 1503 2925 deduci‘a
1522 2886 1582 2937 cst.
1621 2886 1820 2926 Pausanias
1837 2896 1965 2924 autem
1985 2883 2053 2922 [ub
2076 2883 2136 2922 M.
2160 2884 2321 2924 Aurelio
2337 2883 2411 2926 flo-

293 2950 413 2990 rebat.
448 2946 601 2986 Additis
628 2946 742 3000 igitur
769 2945 840 2985 illis
860 2959 875 2984 1
889 2958 948 2995 17.
967 2944 1075 2984 annis
1100 2943 1151 2983 ad
1167 2955 1312 2983 annum
1329 2941 1384 2981 U.
1405 2941 1454 2980 C.
1475 2955 1564 2990 710v
1584 2954 1666 2994 quo
1683 2940 1898 2980 Corinthus
1915 2938 2084 2979 Colonia
2101 2939 2122 2977 a
2135 2938 2242 2992 Julio
2259 2938 2410 2981 Caesare

297 3004 455 3045 condita
470 3003 547 3047 est,
575 3015 719 3041 annum
740 3000 792 3040 U.
811 3000 861 3040 C.
882 3013 970 3049 227.
991 3000 1048 3039 M.
1079 2998 1223 3037 Aurelii
1239 2995 1498 3036 Tribunitiam
1520 2996 1749 3049 potestatem
1767 3009 1904 3035 xxvn.
1923 3007 2147 3046 annumque
2164 2994 2262 3033 illius
2279 2995 2409 3049 Impe-

298 3060 342 3101 rii
365 3074 388 3099 x
404 3073 419 3098 1
440 3072 470 3098 1.
504 3057 759 3103 constituent,
789 3069 880 3095 nam
904 3054 966 3095 ille
982 3067 1030 3094 ex
1046 3052 1189 3094 eodem
1205 3050 1388 3091 Pausania
1405 3050 1567 3105 Olymp.
1587 3064 1607 3090 2
1615 3064 1636 3104 3
1649 3064 1681 3102 5.
1698 3064 1856 3104 regnare
1873 3050 2012 3104 coepit,
2040 3048 2149 3103 quod
2167 3049 2352 3091 husebius
2366 3050 2407 3092 in

297 3115 500 3156 Chronico
515 3112 731 3154 confirmat.

354 3192 440 3234 Hic
458 3205 631 3234 nummus
636 3188 800 3244 secundi
815 3187 976 3235 moduli,
1002 3186 1027 3227 ὰ
1043 3186 1194 3227 Patina
1207 3195 1296 3240 pag.
1322 3188 1411 3238 236.
1429 3183 1635 3239 vulgatus,
1662 3196 1773 3223 rarus
1788 3182 1837 3236 est
1857 3181 1905 3226 ὠ
1928 3181 2085 3237 elegans.

361 3768 400 3797 c.
430 3766 468 3800 ι.
498 3764 528 3791 1.
559 3762 582 3790 c
594 3761 620 3788 0
633 3762 676 3788 a.
707 3747 864 3788 Calanta
883 3747 995 3787 Laus
1010 3746 1128 3799 Julia
1147 3745 1365 3786 Corinthus.
1393 3744 1533 3785 Homo
1547 3739 1675 3782 nudus
1693 3738 1812 3784 stans,
1841 3737 1977 3778 dextr-5
1995 3736 2232 3779 Vi&0riolam
2248 3750 2291 3781 ut
2304 3734 2410 3778 vide-

419 3821 500 3854 tur,
529 3804 622 3846 laeva
639 3801 827 3858 palmam,
856 3815 961 3857 pone
981 3815 1070 3842 eum
1087 3802 1200 3841 arbor
1217 3805 1256 3841 &
1276 3801 1478 3842 Melicerta
1495 3796 1681 3851 delphino
1697 3794 1912 3834 substratus.

361 3885 562 3927 Nummus
592 3882 656 3923 hic
680 3881 729 3922 ad
756 3879 936 3921 ludorum
953 3879 1223 3920 Isthmicorum
1238 3880 1278 3918 in
1296 3879 1506 3919 Melicertae
1525 3874 1783 3915 institutorum
1803 3872 2014 3927 originem,
2041 3883 2085 3912 ut
2101 3885 2306 3926 putamus,
2328 3872 2409 3928 spe-

309 3941 395 3983 &at
427 3941 498 3981 Vir
514 3939 664 3983 nudus,
691 3935 850 3978 Athleta
865 3936 918 3975 est
936 3935 1184 3975 Isthmionica
1194 3960 1207 3980 ‚
1224 3934 1334 3986 cujus
1348 3933 1536 3978 vicioriae,
1551 3930 1665 3982 ipsius
1685 3928 1921 3968 firnulacrum
1939 3932 1978 3968 δε
1995 3927 2119 3982 palma
2137 3928 2407 3982 lymbolasunt.

305 3999 456 4044 Arbor,
483 3996 597 4050 pinus
622 3993 705 4040 illa,
733 3992 802 4033 sub
821 4005 900 4046 qua
915 3991 1120 4033 inventum
1137 3988 1351 4031 Melicerta:
1365 4001 1529 4041 corpus,
1557 3988 1596 4024 &
1613 3997 1661 4024 ex
1681 3997 1759 4038 qua
1774 3984 2055 4025 coronabantur
2071 3983 2211 4024 horum
2227 3982 2409 4077 lufgprum

2233 4051 2271 4077 vi
2311 4052 2406 4079 ores.
