2574 4214
865 218 912 264 L.
1029 222 1073 267 V
1145 221 1177 266 E
1252 225 1293 270 R
1363 223 1517 280 U*S.
2142 251 2228 291 205

197 285 261 325 De
284 284 411 325 Diana
435 280 601 337 Laphria
627 283 732 338 apud
758 283 954 325 Patrenses
976 285 1076 326 culta
1101 286 1233 341 passim
1260 289 1423 331 diximus
1452 311 1462 334 ·‚
1489 289 1554 331 sed
1578 301 1621 332 ut
1644 291 1778 332 Dianae
1793 294 1976 349 imagines
1992 296 2097 337 vario
2117 300 2238 339 modo

141 336 439 395 effingebantur,
455 338 538 377 haec
553 339 752 379 venatricis
768 339 901 380 habitu
916 339 1069 395 depitta
1086 354 1186 389 erat,
1209 343 1261 383 ob
1275 346 1487 386 venationis
1504 346 1669 386 studium
1680 373 1691 393 ,
1706 362 1791 401 quae
1808 351 1898 389 curn
1916 350 2017 390 Delo
2033 352 2069 390 in
2090 359 2233 407 Agram

141 408 249 438 terrae
267 395 405 435 Atticae
419 394 679 448 regiunculam
695 408 819 449 prope
830 395 994 436 Nessum
1009 411 1162 438 amnem
1178 399 1354 447 venisset,
1382 401 1434 440 ibi
1451 402 1612 454 primam
1636 403 1877 444 venationem
1903 407 2090 451 exercuit,
2119 409 2165 446 ab
2184 424 2232 449 eo

141 451 229 492 loco
244 450 342 491 dista
359 450 413 490 est
433 453 582 498 Amavi&
598 453 744 499 ιε’ρτεμις,
772 450 883 504 quod
901 452 954 490 ibi
970 453 1157 507 templum
1177 454 1246 506 ipss
1263 456 1492 497 exstruetum
1518 456 1589 496 fuit
1604 468 1692 496 cum
1712 457 1794 508 ejus
1816 459 1935 502 statua
1952 472 2080 502 arcum
2101 472 2232 502 tenen-

140 517 187 547 te.
218 506 293 546 Alii
319 504 517 559 Agrestem
542 506 860 559 interpretantur,
889 520 977 560 quae
1000 508 1105 562 apud
1134 509 1330 550 Pollucem
1356 511 1540 551 Venatrix
1566 511 1692 551 Diam
1717 511 1852 553 dicitur
1876 533 1888 560 ς
1918 516 2018 555 unde
2034 514 2085 555 illi
2101 530 2232 558 comes

137 561 261 607 canis,
290 561 398 613 quOd
418 574 529 600 canes
549 561 684 600 Dianae
702 560 794 600 sacri
810 560 902 608 fint,
932 575 975 603 ut
997 564 1112 604 tradit
1126 564 1347 606 Phornutus
1365 565 1414 605 de
1431 566 1525 607 Nat.
1543 567 1663 606 Deor.
1694 566 1815 622 Qud
1832 572 2026 610 commenti
2030 569 2113 621 fint
2125 571 2232 610 illam

135 630 227 656 arcu
257 614 428 670 irfignem
445 614 591 667 Ji’mper
613 617 759 655 venari.
797 617 872 655 Cui
895 620 1062 658 concinit
1088 618 1136 662 ἐφ’
1159 620 1273 666 illud,
1301 620 1404 674 quod
1419 622 1508 661 huic
1529 635 1639 661 canes
1643 621 1776 672 sacros
1792 625 1860 676 eff?
1868 627 2069 676 putarint,
2097 628 2163 678 qui
2178 623 2234 665 ad

135 679 317 711 venatum
333 671 603 709 accommodati
609 670 730 721 simt,
759 684 805 709 ac
824 672 881 710 ad
892 672 1094 724 custodiam
1114 671 1162 716 ὠ
1176 675 1231 714 ad
1241 674 1428 715 latratum
1444 679 1540 717 nati.
1570 676 1709 717 Facem
1723 678 1841 732 gerit,
1868 680 1977 733 quod
1994 681 2053 720 illa
2070 680 2171 722 dieta
2180 680 2226 723 fit

134 726 268 772 Luna,
298 730 406 778 cujus
421 726 521 765 orbis
541 725 688 766 lucidus
704 726 824 766 nostu
847 727 1114 768 circumfusum
1131 731 1258 771 aerem
1275 730 1472 773 illuminat.

117 851 124 858 t
187 817 270 859 Hic
284 824 456 859 nummus
474 818 780 873 minimaeformae
792 830 862 873 pro
882 833 966 860 raro
981 821 1179 861 notandus.

185 1468 298 1497 con.
337 1468 378 1494 A.
418 1466 457 1492 A.
492 1466 555 1492 PA
572 1466 650 1492 Ta.
687 1451 842 1493 Colonia
870 1450 1044 1506 Augusta
1069 1451 1173 1492 Arae
1201 1452 1410 1505 Patrerqfis.
1449 1464 1589 1508 rigura
1612 1469 1724 1495 virius
1751 1466 1855 1496 nuda
1884 1459 2090 1498 laetificans
2113 1459 2226 1511 super

235 1524 361 1556 aram,
391 1508 523 1549 dextra
546 1520 740 1563 pateram,
768 1507 951 1548 finistram
977 1508 1184 1563 imponens
1207 1509 1323 1562 capiti
1344 1509 1542 1562 cujusdam
1558 1509 1742 1551 fimulacri
1757 1512 1797 1550 in
1815 1512 2039 1565 quadratam
2059 1512 2222 1556 formam

235 1563 452 1606 defluentis.

175 1643 376 1684 Tristanus
393 1641 553 1696 figuram
571 1640 719 1682 virilem
728 1641 834 1691 ¹illam
852 1640 997 1691 nudam
1016 1642 1064 1682 ad
1088 1641 1284 1682 Athletam
1301 1642 1500 1683 Mercurio
1515 1640 1769 1684 Palaestrarum
1784 1644 1935 1684 Praefidi
1954 1645 2220 1688 sacrificantem

124 1710 218 1741 tom.
242 1713 272 1739 1.
293 1713 379 1754 pag.
400 1701 491 1749 687.
512 1709 678 1737 revocat.
709 1698 816 1738 Cum
833 1709 962 1738 autem
979 1698 1108 1738 Graeci
1123 1699 1299 1752 antiquas
1317 1698 1470 1738 urbium
1487 1698 1637 1739 suarum
1659 1699 1831 1740 historias
1852 1714 2033 1741 renovare
2052 1704 2090 1741 in
2110 1716 2220 1742 num-

121 1756 194 1796 mis
214 1754 500 1798 consueverint,
529 1753 580 1793 de
595 1752 782 1807 Euripylo
798 1766 1002 1793 nummum
1015 1754 1255 1807 interpretari
1273 1754 1384 1794 nobis
1400 1753 1520 1794 liceat.
1559 1755 1664 1809 Lege
1681 1756 1868 1809 integram
1885 1757 2028 1796 Herois
2044 1757 2158 1809 hujus
2177 1758 2217 1798 in

120 1810 314 1852 Pausaniae
332 1809 509 1849 Achaicis
526 1808 704 1848 fabulam.
734 1808 940 1862 Euripylus
959 1810 1000 1848 in
1016 1809 1148 1861 Trojae
1168 1809 1370 1849 excidione
1390 1811 1478 1849 cum
1493 1824 1618 1850 arcam
1638 1810 1857 1856 inveniflet,
1887 1812 1931 1850 ea
1948 1813 2078 1864 aperta
2095 1812 2218 1855 statim

121 1878 166 1907 ut
189 1865 428 1906 simulacrum
447 1863 667 1917 conspexit,
696 1865 834 1904 mentis
849 1865 978 1919 impos
997 1863 1141 1912 faetus,
1169 1864 1348 1918 Delphos
1365 1865 1552 1918 perrexit,
1581 1868 1618 1904 ἃ
1637 1865 1685 1904 ab
1703 1866 1858 1905 oraculo
1877 1866 2096 1919 responsum
2112 1881 2219 1908 acce..

120 1921 198 1976 pit,
225 1919 350 1974 ipsum
365 1933 446 1972 quo
463 1920 503 1958 in
516 1919 605 1958 loco
622 1918 800 1958 homines
816 1919 1036 1960 offendisset
1053 1920 1255 1974 peregrino
1270 1921 1348 1969 *ritu
1367 1920 1510 1960 sacrum
1537 1919 1718 1960 facientes
1731 1947 1742 1967 ,
1771 1919 1908 1960 furoris
1928 1921 2066 1961 morbo
2085 1922 2217 1964 libera.

119 1987 205 2017 turn
231 1975 296 2021 iri,
324 1974 350 2014 fi
376 1975 428 2014 ibi
454 1988 579 2014 arcam
607 1973 818 2027 expositam
843 1974 1060 2021 dedicaret,
1089 1979 1129 2015 ὃς
1152 1974 1233 2029 ipse
1260 1974 1388 2016 sedem
1405 1975 1510 2016 suam
1530 1976 1717 2016 statueret.
1746 1974 1885 2016 Ventis
1901 1976 2030 2016 Patras
2046 1976 2214 2025 delatus,

121 2029 258 2072 incidit
273 2031 312 2069 in
335 2041 488 2083 tempus
505 2043 587 2083 quo
607 2041 704 2082 puer
723 2033 760 2068 δε
776 2030 885 2084 virgo
903 2030 952 2071 ad
969 2030 1184 2071 Triaclariae
1201 2030 1337 2071 Dianae
1355 2045 1460 2071 aram
1475 2032 1736 2072 maitarentur.
1775 2030 1972 2071 Fortuitus
1987 2032 2040 2071 rei
2055 2045 2216 2074 eventus

118 2085 348 2139 Euripylum
366 2089 405 2125 ὃς
422 2084 513 2124 sacri
528 2084 683 2124 infamia
700 2084 919 2137 oppidanos
936 2085 1120 2128 liberavit.
1148 2085 1345 2137 Patrenses
1363 2086 1469 2128 illum
1492 2099 1539 2125 ex
1558 2086 1686 2138 patriis
1712 2085 1948 2139 antiquitatis
1967 2087 2213 2129 monimentis

117 2152 280 2186 norunt,
298 2139 368 2194 ipsi
385 2139 591 2193 parentalia
607 2138 797 2180 faciebant
811 2140 1060 2191 anniversaria
1104 2139 1162 2180 ost
1179 2139 1307 2180 Liberi
1321 2140 1442 2181 Patris
1458 2139 1614 2180 sacrum.
1643 2139 1734 2179 Deo
1749 2151 1877 2180 autem
1894 2142 1963 2194 qui
1979 2141 2018 2180 in
2035 2156 2119 2182 area
2131 2142 2212 2183 fue-

116 2207 176 2237 rat
193 2195 364 2243 abditus,
393 2208 612 2250 cognomen
635 2205 715 2235 erat
730 2193 999 2249 AEsymnetes.¹
1017 2153 1249 2236 Nifmirflm
1269 2195 1296 2235 fi
1313 2194 1510 2235 Patrenses
1528 2205 1569 2235 ut
1594 2194 1790 2235 Corinthii
1817 2196 1885 2249 qui
1907 2196 2215 2250 Bellerophontis

118 2251 344 2292 memoriam
364 2251 404 2291 in
433 2250 602 2305 plurimis
622 2251 796 2300 nummis
814 2262 1077 2297 renovarunt,
1106 2249 1279 2305 Euripyli
1303 2250 1442 2305 pariter
1465 2249 1661 2292 historiam
1686 2251 1727 2291 in
1750 2250 1823 2291 suis
1847 2250 2124 2308 consignarint,
2150 2253 2212 2295 ille

115 2306 203 2402 ld3iciis
221 2307 356 2362 gratias
371 2320 488 2403 agegis
503 2306 555 2347 ob
572 2302 681 2346 usum
699 2305 838 2348 mentis
855 2309 1123 2362 recuperatum
1137 2334 1151 2354 ,
1181 2306 1380 2348 simulacro
1395 2307 1523 2348 Liberi
1538 2306 1773 2362 AEsymnetis
1797 2308 1859 2349 cui
1873 2322 2030 2352 manum
2043 2309 2211 2365 imponit

145 2376 166 2402 e
196 2363 296 2403 icato
305 2391 317 2410 ‚
344 2362 432 2402 sacri
462 2373 534 2403 cat.

169 2439 252 2481 Hic
269 2440 482 2482 nummulus
496 2439 520 2480 ὰ
538 2438 708 2493 Tristano
727 2450 816 2482 tom.
842 2454 875 2480 1.
891 2450 979 2496 pag.
998 2443 1049 2482 68
1054 2453 1092 2494 7.
1107 2439 1293 2496 vagatus
1299 2466 1312 2487 ‚
1333 2450 1402 2496 pro
1416 2441 1594 2493 rariffimo
1608 2441 1866 2484 numerandus,

169 3093 280 3123 coi„
312 3091 352 3117 A.
383 3089 426 3115 Α.
456 3087 612 3115 PATR.
640 3071 797 3114 Colonia
823 3073 995 3129 Augusta
1016 3075 1121 3115 Aroe
1148 3074 1356 3125 Patrenffs.
1396 3074 1526 3116 Roma
1550 3076 1695 3132 galeata
1715 3075 1878 3117 insidens
1896 3076 2043 3130 spoliis,
2071 3078 2204 3126 dextri.

222 3133 437 3177 vistoriam,
465 3130 559 3170 laeva
573 3129 739 3178 hastam,
768 3143 976 3170 coronatur
992 3131 1039 3170 ab
1058 3130 1295 3185 Imperatore
1314 3130 1499 3186 paludato
1517 3131 1649 3172 stante.

164 3226 350 3271 Patrensis
377 3224 545 3266 Colonia
567 3223 610 3263 L.
635 3223 786 3264 Verum
808 3224 949 3264 Romae
972 3235 1016 3264 ut
1034 3223 1127 3264 Deae
1142 3238 1328 3264 coronam
1343 3224 1609 3278 imponentem
1629 3224 1681 3264 ob
1698 3225 1838 3264 bellum
1854 3223 2071 3267 Parthicum
2090 3229 2200 3271 exhi.'

111 3288 196 3332 bet,
224 3295 408 3336 tanquam
424 3279 539 3335 ipsius
554 3292 631 3332 ope
650 3279 849 3319 vi&oriam
865 3277 915 3318 de
931 3277 1103 3319 hostibus
1117 3279 1298 3319 retulisset
1316 3294 1323 3318 ε
1354 3280 1486 3319 Roma
1503 3281 1605 3320 enim
1630 3279 1861 3332 jamdudum
1884 3279 2018 3319 divino
2042 3288 2201 3328 nominc

110 3347 149 3383 &
172 3340 275 3382 cultu
297 3338 418 3378 fuerat
434 3336 624 3375 decorata.
653 3334 790 3374 Testes
806 3333 892 3373 sunt
909 3333 1036 3373 Graeci
1053 3346 1200 3374 veteres
1226 3334 1394 3379 nummi,
1423 3335 1463 3374 in
1480 3335 1619 3388 quibus
1647 3345 1734 3372 oEA
1760 3345 1907 3376 ΡοΜΗ,
1938 3334 2034 3374 Dea
2045 3338 2200 3390 ⁴Roma,

110 3396 336 3440 inscribitur,
366 3395 404 3431 ὅ(
430 3389 594 3444 Augusti
621 3389 775 3444 vulgare
802 3387 988 3428 numisma
1015 3402 1104 3428 cum
1128 3389 1261 3442 templi
1289 3388 1416 3443 effigie
1443 3392 1482 3427 δε
1509 3389 1778 3441 inscriptione,
1816 3401 1946 3428 ROM.
1979 3404 2041 3430 ET
2073 3407 2098 3433 Α
2115 3409 2195 3437 vG,

110 3454 240 3495 Romae
261 3446 308 3492 ὠ·
327 3446 514 3500 Augusto,
541 3445 610 3498 qui
629 3445 755 3485 honor
771 3443 861 3483 huic
880 3444 974 3482 Deae
989 3444 1162 3498 gentium
1179 3443 1332 3484 habitus
1352 3444 1503 3483 videtur
1520 3445 1568 3482 ab
1588 3443 1789 3482 Antonino
1805 3441 1895 3488 Pio,
1924 3444 2035 3494 cujus
2050 3453 2198 3492 nummi

110 3521 182 3548 nos
203 3505 346 3545 docent
367 3502 471 3542 illum
497 3499 796 3554 superbissimum
824 3512 891 3539 Ro
902 3512 938 3537 M
953 3512 978 3537 A
993 3513 1017 3537 E
1051 3512 1076 3536 A
1092 3512 1115 3537 E
1128 3512 1152 3537 τ
1165 3513 1188 3537 E
1201 3512 1231 3538 R
1244 3512 1272 3537 N
1288 3513 1315 3537 A
1329 3513 1351 3537 E
1370 3498 1557 3552 templum
1571 3497 1725 3537 erexisse
1737 3524 1748 3542 ,
1777 3499 1854 3550 qua
1873 3497 1924 3537 de
1943 3513 1983 3539 re
2001 3500 2197 3547 Patrenscs

108 3563 148 3604 in
170 3560 283 3615 patris
302 3558 524 3598 memoriam
545 3555 602 3595 M.
624 3555 781 3595 Aurelio
802 3558 840 3593 &
857 3553 899 3592 L.
921 3552 1031 3593 Vero
1045 3552 1297 3607 gratulantes,
1323 3553 1407 3592 illos
1423 3554 1462 3592 in
1481 3553 1646 3592 nummis
1665 3551 1737 3590 suis
1755 3552 1923 3592 Romam
1939 3554 2191 3601 immortalem

109 3627 335 3658 coronantes
353 3612 627 3656 exhibuerunt,
655 3623 772 3664 quam
796 3620 839 3649 ut
860 3608 985 3647 Deam
1002 3607 1042 3646 in
1063 3607 1161 3646 bello
1174 3607 1455 3647 invocaverant.
1487 3606 1590 3647 Vide
1605 3608 1644 3647 in
1662 3605 1810 3647 erudita
1823 3607 1953 3650 Illustr.
1972 3610 2191 3664 Spanhemii

111 3669 364 3713 dissertatione
389 3681 421 3719 5.
440 3665 537 3722 quid
549 3665 611 3705 ille
629 3665 678 3706 de
698 3665 801 3704 sacro
818 3664 958 3704 Senatu
976 3665 1014 3703 &
1030 3661 1080 3702 de
1101 3662 1187 3702 Dea
1204 3663 1335 3702 Roma
1352 3661 1562 3714 protulerit.

163 3755 245 3796 Hic
260 3752 612 3806 nummusficundae
629 3749 903 3808 magnitudinis
918 3761 1026 3790 rarus
1042 3746 1090 3801 (³st
1115 3746 1163 3791 ὁ
1182 3745 1411 3801 conspicuus.
