2574 4214
261 148 390 217 '5⁵78
844 155 932 207 'M
1035 153 1845 217 ‘AURELIUSq

967 277 1004 318 C
1028 272 1122 325 QAE
1144 276 1179 319 S
1204 276 1251 319 A
1275 275 1317 320 R
1343 275 1385 319 E
1413 277 1462 320 A
1511 272 1739 330 Palaestinae.

311 859 378 890 AV
390 859 495 887 κει,
509 859 523 886 1
535 859 562 886 v
576 859 594 886 s
627 860 650 886 c
664 859 689 885 A
704 859 729 885 r,
743 857 762 885 s
779 859 805 885 A
820 858 864 885 R.
904 843 1040 898 Caput
1059 844 1115 885 M.
1137 843 1284 885 Aurelii
1303 844 1465 885 nudum.

364 917 387 944 c
400 917 426 943 o
441 917 479 944 L.
511 917 546 942 Ρ.
578 916 613 942 r.
645 915 671 940 A
686 914 714 941 v
726 915 766 942 G.
797 915 820 941 c
834 914 860 940 A
875 914 898 939 E
910 913 929 939 s
944 914 971 940 A
984 914 1027 942 R.
1058 899 1213 942 Colonia
1223 898 1363 940 Prima
1377 898 1520 939 Flavia
1533 899 1708 961 Augusta
1719 895 1899 953 Caesarea.
1925 898 2061 960 ¹Variae
2077 899 2163 941 sunt
2178 901 2407 960 epigraphae.

420 958 566 1013 Apollo
587 957 686 997 stans
703 955 790 997 dex.
810 969 977 1003 ramum,
1003 956 1050 996 al.
1070 957 1305 1010 serpentem,
1338 955 1437 996 laevo
1453 955 1586 996 cublto
1603 955 1746 1009 tripodi
1764 955 1960 996 incumbit.

364 1035 598 1078 Caesarenses
614 1034 817 1075 Palaestinae
837 1048 1017 1075 nummos
1036 1034 1094 1075 M.
1110 1033 1269 1074 Aurelio
1281 1034 1420 1075 Caesari
1432 1061 1444 1081 ‚
1474 1046 1518 1075 ut
1533 1034 1698 1088 Principi
1715 1035 1763 1075 ad
1776 1034 1985 1090 Imperium
2004 1033 2202 1089 defignato
2218 1061 2231 1082 ‚
2260 1031 2410 1090 pei-cufi·

310 1092 438 1134 serunt
456 1120 468 1139 ,
496 1092 643 1146 quippe
660 1118 672 1138 ,
702 1091 796 1131 teste
814 1090 1041 1145 Capitolino
1058 1098 1077 1137 ,'
1086 1088 1318 1142 formandus·
1341 1089 1396 1129 ad
1411 1089 1766 1144 regendumstatum
1784 1091 1891 1144 Reip.
1903 1091 2030 1143 patris
2048 1090 2198 1129 actibus
2213 1093 2410 1132 intererat.

312 1148 460 1189 Eadem
477 1148 514 1186 in
533 1147 593 1186 M.
610 1146 770 1187 Aurelio
787 1161 874 1201 quae
896 1146 934 1187 in
952 1146 1156 1187 Antonino
1176 1145 1247 1186 Pio
1264 1158 1373 1200 patre
1392 1145 1583 1200 Apollinis
1600 1146 1729 1200 imago
1742 1173 1754 1192 ‚
1782 1157 1848 1186 aut
1866 1157 2024 1200 propter
2041 1145 2186 1185 cultum
2206 1145 2321 1199 hujus
2341 1159 2413 1187 nu*-

310 1207 424 1244 miuis
443 1217 490 1243 ex
512 1202 626 1256 Syriae
644 1202 820 1257 Regibus
838 1202 1050 1244 derivatum
1067 1229 1079 1249 ,
1109 1213 1176 1242 aut
1199 1213 1360 1256 propter
1375 1200 1594 1256 Augustum
1616 1201 1787 1255 ejusdem
1808 1201 1995 1255 Apollinis
2015 1199 2344 1250 studiofiffimum,
2370 1203 2412 1244 in

311 1261 422 1312 cujus
439 1259 629 1299 honorem
648 1260 736 1298 urbs
752 1257 952 1312 quondam
973 1258 1166 1298 Stratonis
1183 1257 1316 1297 Turris
1335 1284 1347 1305 ,
1376 1266 1526 1297 mutato
1542 1258 1700 1297 nomine
1716 1258 1887 1310 Caesarea
1909 1267 2045 1297 vocata
2063 1255 2127 1296 est.
2167 1256 2312 1312 Apollo
2331 1259 2415 1298 An-

313 1314 466 1355 tiochiae
483 1313 607 1354 cultus
620 1339 632 1358 ,
661 1313 906 1367 Daphnaeus,
933 1313 975 1353 id
992 1314 1047 1353 est
1063 1313 1232 1353 Laureus
1249 1311 1311 1352 vel
1329 1311 1521 1360 Laurifer,
1548 1312 1768 1360 dicebatur,
1796 1312 1860 1353 cui
1875 1310 2174 1366 superbissimum
2195 1312 2415 1353 Antiochus

299 1370 424 1417 ‚Deus
442 1369 663 1422 Epiphanes
680 1370 868 1423 templum
888 1369 1070 1410 exstruxit
1085 1396 1098 1415 ,
1127 1382 1174 1409 ex
1188 1370 1320 1409 Amin.
1336 1368 1568 1409 Marcelli-no
1587 1368 1650 1408 lib.
1672 1383 1735 1410 η,
1755 1368 1944 1424 idemque
1959 1367 2150 1423 Apollinis
2167 1379 2288 1424 typus
2301 1394 2317 1416 ‚
2345 1367 2415 1423 qui

314 1426 354 1465 in
368 1425 562 1465 Romanis
577 1424 902 1478 Imperatoribus‚
925 1425 970 1464 in
985 1424 1101 1479 Syriae
1116 1424 1274 1480 Regum
1290 1424 1459 1466 numm-is
1470 1423 1689 1466 exhibetur.
2111 1452 2114 1455 ι
2372 1441 2374 1443 ’

370 1501 453 1543 Hic
468 1513 639 1544 nummus
656 1504 804 1544 minimi
819 1502 961 1544 moduli
968 1513 1040 1558 pro
1054 1512 1140 1543 raro
1158 1502 1374 1556 cenfindun

322 2049 340 2079 1
350 2050 389 2078 M
399 2049 432 2076 P.
463 2048 513 2076 M.
544 2047 572 2074 A
586 2048 612 2075 v
627 2046 668 2073 R.
702 2047 729 2073 A
744 2046 773 2073 N
789 2046 812 2072 τ
825 2046 852 2072 o
864 2045 895 2072 N
908 2045 923 2072 1
936 2045 981 2072 N.
1013 2045 1042 2072 A
1055 2045 1082 2073 v
1095 2045 1134 2073 G.
1174 2031 1309 2087 Caput
1320 2028 1383 2073 M.
1398 2027 1546 2073 Aurelii
1556 2023 1782 2071 laureatum.
2334 2078 2337 2081 ι

377 2107 402 2133 c
414 2105 440 2131 o
455 2106 490 2132 L.
522 2103 543 2129 P
555 2104 586 2130 R
598 2104 613 2129 1
624 2102 661 2128 M
674 2102 714 2127 A.
745 2102 769 2128 F
783 2102 823 2128 L.
853 2101 881 2127 A
893 2101 921 2128 v
933 2101 972 2128 G.
1005 2101 1029 2128 c
1042 2101 1070 2127 A
1083 2102 1107 2127 E
1121 2101 1140 2128 s
1155 2101 1182 2128 A
1194 2101 1236 2128 a.
1273 2087 1429 2128 Colonia
1450 2088 1591 2128 ‘Prima
1604 2085 1748 2126 Flavia
1761 2083 1935 2140 Augusta
1949 2083 2132 2137 Caesarea.
2171 2081 2305 2139 Caput
2317 2083 2422 2127 Serai

433 2145 533 2201 pidis
550 2144 702 2186 calatho
720 2143 877 2199 insigne.

376 2227 424 2267 In
444 2224 629 2280 superiori
645 2236 806 2263 nummo
823 2220 881 2261 M.
905 2219 1083 2261 Aurelius
1098 2219 1223 2261 dietus
1238 2219 1294 2260 est
1309 2217 1437 2273 Caesar
1452 2245 1465 2267 ‚
1492 2219 1531 2261 in
1546 2218 1625 2260 hoc
1645 2219 1740 2260 vero
1757 2219 1999 2274 Imperatoris
2017 2231 2161 2260 nomen
2176 2218 2295 2274 gerit,
2322 2219 2385 2262 ille
2400 2219 2425 2263 ὲ

324 2279 603 2323 Caesarenfibus
627 2279 676 2318 ad
700 2277 909 2333 Imperium
933 2276 1133 2332 defignato
1150 2304 1162 2324 ,
1190 2275 1253 2316 hic
1279 2275 1328 2315 ad
1346 2275 1440 2316 illud
1458 2275 1595 2316 eveffito
1610 2302 1622 2322 ‚
1651 2276 1691 2316 in
1715 2274 1888 2329 obsequii
1914 2287 2208 2316 monumentum
2227 2275 2424 2329 percussus

322 2338 401 2379 est:
429 2336 578 2390 Serapis
595 2334 687 2375 ideo
706 2334 746 2374 in
766 2347 816 2374 eo
832 2332 984 2373 caelatus
1002 2359 1015 2379 ‚
1041 2332 1151 2386 quod
1176 2332 1253 2371 hoc
1274 2345 1418 2371 numen
1440 2330 1619 2371 Caesareae
1635 2330 1869 2384 potiffimum
1888 2331 2075 2371 coleretur
2092 2351 2104 2378 3
2134 2343 2214 2370 non
2228 2332 2321 2372 vero
2337 2358 2350 2379 ‚
2378 2341 2425 2372 ut

324 2405 436 2448 putat
449 2392 647 2432 Tristanus
664 2402 758 2430 tom.
775 2403 807 2429 1.
824 2402 910 2443 pag.
932 2393 1023 2441 631.
1041 2387 1152 2441 quod
1170 2388 1326 2427 Marcus
1341 2386 1584 2439 summopere
1600 2386 1821 2440 Serapidem
1838 2398 2102 2433 veneraretur,
2127 2385 2236 2439 juxta
2253 2398 2424 2428 mentem

323 2448 559 2503 Capitolini,
592 2447 661 2500 qui
680 2457 806 2486 narrat
827 2447 1100 2499 imperatorem
1112 2443 1310 2498 juvenum
1333 2441 1512 2481 nobilium
1523 2441 1642 2493 sacra
1663 2441 1856 2496 Serapidis
1876 2442 1900 2481 a
1913 2442 2149 2497 vulgaritate
2165 2441 2424 2494 Pelufiaefitb·

324 2503 488 2556 movffl.
524 2501 672 2556 Serapis
688 2502 791 2542 enim
804 2499 999 2555 AEgyptiis
1019 2499 1206 2538 maximus
1223 2508 1303 2538 erat
1319 2498 1428 2537 Deus
1439 2523 1451 2543 ,
1479 2508 1523 2537 ut
1540 2497 1665 2550 inquit
1681 2497 1906 2537 Macrobius
1923 2496 2105 2537 Saturnal.
2127 2510 2157 2536 1.
2186 2495 2297 2537 Nam
2313 2497 2423 2537 Sera-

317 2563 383 2615 pis
399 2587 411 2606 ‚
439 2573 547 2614 quem
566 2557 775 2611 QAEgyptii
794 2556 929 2596 ‘Deum
948 2556 1155 2595 maximum
1167 2552 1418 2609 prodiderunt.
1456 2551 1536 2591 Hic
1558 2552 1579 2590 a
1604 2552 1705 2605 Syris
1727 2553 1780 2592 ob
1805 2552 1981 2592 viciniam
2003 2562 2178 2606 receptus
2194 2551 2260 2592 est.
2296 2551 2423 2593 Variae

322 2616 408 2656 sunt
437 2614 487 2654 de
511 2613 587 2654 hoc
610 2614 700 2654 Deo
724 2612 958 2667 opiniones;
992 2610 1052 2650 alii
1070 2609 1214 2664 Jovem
1230 2634 1242 2654 ‚
1271 2607 1476 2648 Plutonem
1494 2635 1507 2653 ‚
1534 2606 1679 2647 Osirim
1706 2606 2004 2660 antiquiffimum
2030 2607 2226 2662 AEgyptiis
2254 2620 2419 2654 numen,

324 2670 609 2723 AEsculapium‚
630 2672 668 2707 &
685 2668 726 2708 N
732 2668 845 2714 ilum3
872 2667 933 2707 alii
948 2679 1037 2705 cum
1058 2663 1188 2718 Apide
1205 2663 1462 2704 confundunt.
1499 2662 1613 2702 Libet
1627 2662 1693 2702 hic
1712 2662 1861 2703 Ruffini
1876 2663 1992 2703 verba
2007 2661 2228 2709 subtexere,
2257 2676 2343 2716 quae
2360 2677 2420 2704 ca-

324 2727 472 2767 lathum
496 2723 684 2778 Serapidis
709 2723 824 2776 capiti
847 2720 1069 2775 impositum
1096 2718 1294 2760 clarissime
1317 2719 1517 2771 explicant.
1555 2718 1644 2758 Alii
1660 2717 1805 2770 Jovem
1817 2726 1986 2772 putant,
2015 2718 2124 2773 cujus
2142 2719 2262 2771 capiti
2277 2717 2422 2758 modius

312 2780 579 2835 pstqoerpofitnh
608 2779 675 2818 vel
687 2780 776 2833 quia
790 2792 874 2818 cum
889 2777 1060 2826 mensura
1076 2771 1252 2830 modoque
1266 2774 1404 2814 cuncta
1422 2772 1565 2813 indicet
1582 2774 1785 2821 moderari,
1813 2774 1881 2814 vel
1892 2775 2019 2814 vitam
2036 2773 2256 2814 mortalibus
2259 2771 2422 2829 frugum

325 2836 554 2876 liberalitate
562 2834 735 2888 praeberi.

378 2913 462 2955 Hic
479 2926 650 2953 nummus
657 2911 836 2965 fheundae
851 2909 1124 2964 magnitudinis
1143 2921 1209 2948 nec
1224 2919 1332 2947 rarus
1350 2919 1416 2946 nec
1433 2905 1570 2946 obvius
1578 2905 1646 2958 ιβ

341 3479 369 3508 A
382 3480 407 3505 v
423 3477 488 3504 RE
501 3479 524 3504 ι.
538 3478 597 3504 10.
628 3480 650 3504 c
666 3478 689 3503 A
705 3478 728 3504 1:
741 3477 774 3503 s.
807 3476 834 3502 A
848 3475 877 3502 N
891 3472 1066 3501 TONIN
1079 3473 1120 3499 o.
1147 3472 1185 3498 1⁹.
1210 3467 1242 3498 Ρ.
1278 3456 1417 3513 Caput
1430 3456 1491 3498 M.
1508 3454 1886 3498 Aurelii'laureatum.

392 3536 416 3561 c
426 3535 451 3559 o
466 3535 504 3559 L.
535 3534 556 3558 Ρ
568 3532 598 3559 R
611 3534 623 3558 1
637 3534 669 3558 M
688 3535 722 3559 A.
756 3533 778 3559 F
793 3533 831 3558 L.
865 3532 891 3557 A
908 3532 930 3556 v
945 3532 984 3557 o.
1015 3531 1037 3556 c
1051 3529 1077 3555 A
1093 3529 1114 3554 i:
1128 3528 1145 3554 s
1162 3529 1189 3554 A
1203 3528 1246 3554 R.
1274 3515 1429 3555 Colonia
1443 3514 1584 3554 Prima
1598 3512 1740 3553 Flavia
1752 3510 1921 3565 Augusta
1940 3509 2117 3563 Caesarea.
2146 3506 2334 3555 Hercules
2345 3513 2417 3555 cla-

361 3583 363 3586 ‘
447 3587 504 3614 vae
521 3575 668 3614 innixus
683 3574 848 3627 quiescit.

391 3655 625 3706 Opportuna
648 3651 921 3691 Caesarensibus
945 3662 1191 3689 nummorum
1211 3647 1270 3688 M.
1290 3647 1450 3687 Aurelio
1466 3645 1690 3700 Imperatori
1709 3643 1975 3685 cudendorum
1995 3642 2144 3684 occafio
2163 3642 2238 3684 sese
2255 3646 2414 3694 obtulit,

337 3711 399 3751 vel
418 3710 513 3749 dum
531 3708 573 3745 L.
589 3706 711 3745 Verus
730 3706 811 3752 eius
830 3705 974 3756 collega
993 3704 1032 3743 in
1048 3705 1152 3758 Syria
1170 3717 1241 3757 pro
1259 3702 1356 3742 bello
1375 3702 1552 3742 Parthico
1568 3701 1784 3740 morabatur
1802 3726 1813 3745 ,
1841 3699 1901 3738 vel
1919 3699 2007 3737 cum
2029 3699 2182 3738 Marcus
2199 3700 2277 3754 ipse
2292 3702 2330 3741 in
2348 3702 2415 3756 Sy-

337 3767 430 3807 riam
455 3764 506 3802 ob
535 3760 662 3800 Avidii
686 3759 798 3799 Cassii
824 3760 1069 3799 rebellionem
1095 3758 1287 3810 profectus
1312 3756 1413 3798 estet.
1456 3755 1643 3797 Hercules
1668 3755 1708 3794 in
1733 3767 1893 3793 nummo
1918 3752 2083 3808 signatus
2100 3781 2111 3799 ,
2139 3753 2193 3793 sui
2213 3756 2354 3796 cultum
2374 3759 2414 3797 in

337 3821 431 3861 urbe
449 3815 650 3858 Caesarenfi
671 3815 827 3854 denotat
843 3841 853 3859 ‚
883 3812 1005 3853 forsan
1027 3826 1073 3851 ex
1096 3813 1189 3852 urbe
1205 3812 1316 3865 Tyro
1335 3811 1508 3865 proxima
1524 3810 1674 3850 accitus.
1711 3809 1778 3848 Ille
1803 3807 1969 3848 creditus
1993 3807 2047 3847 est
2062 3808 2173 3862 jovis
2197 3813 2235 3849 δε
2260 3811 2414 3851 Asteriae

337 3876 496 3914 Latonxt
513 3871 645 3911 sororis
665 3869 779 3914 filius,
807 3881 921 3921 quem
941 3866 1050 3919 Tyrii
1068 3867 1232 3905 maxime
1252 3867 1552 3906 venerabantur:
1580 3863 1738 3917 quidam
1763 3863 1904 3903 multos
1929 3862 2116 3902 Hercules
2146 3863 2253 3904 fuisse
2269 3866 2413 3906 volunt.

334 3930 460 3971 Varro
477 3938 641 3981 quatuor
657 3927 694 3964 ὃ(
711 3922 959 3978 quadraginta
973 3921 1125 3975 collegit
1140 3941 1153 3968 ς
1181 3921 1322 3960 Cicero
1338 3922 1486 3961 tantum
1503 3919 1564 3960 sex
1581 3930 1788 3959 enumerat.
1843 3917 2141 3973 Theologorum
2158 3931 2287 3960 autem
2302 3932 2414 3960 vetus

2339 3974 2413 4016 fuit
