2491 4219
250 181 313 222 44
838 164 1890 214 CAR'AC2ALL'A.·'
2439 202 2445 207 ,,

249 233 319 286 qui
337 231 548 286 aTrojanis
565 232 743 274 Sminthii
759 234 1017 289 appellantur,
1047 245 1090 273 ut
1106 232 1220 274 tradit
1237 231 1373 273 Strabo
1388 233 1451 275 lib.
1467 247 1525 287 13.
1539 248 1626 289 pag.
1639 239 1728 286 613.
1758 236 1804 271 τοὶ
1819 232 1853 270 ἔν
1865 235 1931 272 aa&
1944 236 1996 272 τὲς
2009 234 2136 284 τῶκςκς
2150 238 2174 287 2¹3
2190 236 2243 274 τές
2255 237 2348 284 μύας,
2407 265 2415 270 ,
2473 239 2481 246 ”

250 295 315 337 αἰψ’
331 291 367 326 ὧν
382 294 397 326 0‘
413 293 551 338 Eucvflzu‘r
563 319 572 331 ‚
597 292 691 327 ἐπειδὲ
707 296 833 337 mirsion
848 300 872 327 οῖ
887 291 960 338 μύες
974 294 1054 336 δεῦρο
1070 294 1261 337 fumeum.
1301 287 1511 329 Enimvero
1530 302 1613 344 quae
1631 288 1677 328 de
1696 290 1851 330 Teucris
1870 286 1919 333 όν
1935 290 2102 330 muribus
2120 291 2347 341 traduntur,
2432 314 2447 330 ι.

249 344 348 383 unde
376 343 569 384 Sminthea
596 357 727 384 nomen
738 343 794 394 fit
813 359 825 383 :
853 342 1001 400 quando
1029 341 1214 382 Sminthii
1226 342 1326 395 sunt
1351 356 1494 390 mures,
1523 347 1598 384 huc
1610 344 1711 396 sunt
1736 343 2008 397 transferenda.
2043 344 2113 386 Ille
2138 346 2193 386 est
2216 346 2327 388 Deus
2334 375 2376 397 ‚2-
2420 367 2426 386 :-

249 413 369 452 quem
389 400 556 455 Chryses
574 399 690 454 iplius
703 399 890 441 Sacerdos
907 398 1031 440 oravit
1045 398 1150 454 apud
1169 398 1390 439 Homerum
1405 399 1466 440 lib.
1492 412 1526 438 1.
1547 398 1654 440 Iliad.
1674 411 1718 441 ut
1731 401 1873 456 sagittis
1889 400 2046 442 Danaos
2066 400 2228 456 Trojam
2250 401 2350 447 obsi·
2414 416 2433 425 ·

247 455 385 497 dentes
402 456 592 512 perderet.
796 502 798 505 .
859 506 861 509 Ι
1253 493 1257 496 .
1385 454 1388 456 ’

743 514 858 546 Τίσειοον
876 514 987 545 Δαναοὶ
1003 510 1064 557 ἐμοί
1078 510 1196 558 &cineum
1211 516 1278 543 0an
1293 510 1442 551 βέλεω-ιν.

744 559 930 600 <pendant
937 569 1074 612 poenns
1089 559 1233 599 Danai
1248 557 1292 598 ob
1309 571 1412 597 meas
1431 557 1616 610 lacrymas
1632 559 1711 599 tuis
1715 560 1890 614 fizgittis.

247 615 393 670 Apollo
410 615 626 657 Sacerdotis
644 614 698 656 sui
716 615 892 670 precibus
908 628 1103 662 annuens,
1122 615 1162 655 in
1175 614 1402 654 Graecorum
1415 613 1622 654 exercitum
1633 614 1779 668 pestem
1790 613 1962 662 immifit,
1981 614 2088 657 Iliad.
2104 628 2135 656 ι.
2146 615 2238 657 vers.
2247 631 2312 667 90.

738 669 834 718 Αὐ-τυές
850 670 938 705 ’ἔπειτ’
952 672 1060 705 αὐτοῖσι
1075 673 1166 714 βέλος
1182 669 1235 715 ’έχε
1251 668 1350 705 muzus
1364 667 1464 711 depcrit
2010 696 2012 698 .

742 722 836 753 Bomx'.

739 757 818 808 Se'd
827 765 951 822 pesteci
963 769 1006 808 in
1021 768 1118 822 ipsos
1122 766 1318 822 sagittam
1337 765 1573 821 mortiferam
1593 767 1802 808 immittens

340 857 343 860 .
779 832 863 864 ecit.

240 877 385 933 Figura
402 879 582 933 paludara
598 823 829 924 sacrificiis,
857 891 937 917 non
951 877 1145 918 Caracalla
1161 878 1238 924 est,
1266 878 1354 917 cum
1367 877 1447 930 jam
1467 874 1594 917 fimilis
1608 888 1724 931 typus
1740 877 1779 917 in
1795 876 1981 932 Crispinae
1995 877 2161 918 nummis
2171 876 2348 933 vulgatus

243 932 310 980 fit,
339 934 402 975 sed
420 934 639 974 Alexander
651 934 713 974 vel
731 933 979 988 Lysimachus
990 961 1002 981 ‚
1033 933 1096 974 seu
1112 933 1208 973 alius
1230 933 1298 986 qui
1313 931 1514 972 Troadem
1529 946 1671 973 novam
1687 933 1883 979 condidit,
1911 943 2026 987 capto
2043 946 2112 987 per
2127 932 2350 985 sacrificium

241 990 424 1045 augurio,
454 989 564 1043 cujus
581 1002 730 1044 partem
748 989 874 1044 aquila
888 989 937 1028 ab
953 1002 1002 1029 eo
1019 989 1207 1043 inlocum
1223 988 1290 1029 ubi
1305 1002 1409 1028 nunc
1424 987 1499 1036 est,
1529 988 1698 1036 abstulit,
1728 1000 1771 1030 ut
1789 989 1878 1030 alibi
1895 988 2074 1030 diximus.

297 1067 382 1110 Hic
396 1082 569 1110 nummus
585 1068 779 1109 mediocris
793 1067 956 1114 moduli,
975 1078 1047 1123 pro
1063 1081 1149 1108 raro
1166 1066 1214 1112 ό
1228 1067 1421 1123 conspicuo
1437 1065 1643 1108 habendus.

238 1636 288 1664 Μ.
302 1629 306 1634 ’
321 1636 348 1662 A
363 1637 390 1663 v
403 1637 446 1664 R.
477 1637 504 1663 A
521 1637 550 1663 N
566 1636 589 1662 r
601 1637 627 1663 o
641 1636 672 1662 N
687 1636 700 1662 1
714 1635 744 1661 N
758 1635 783 1662 v
798 1635 816 1661 s
850 1635 870 1661 P
885 1635 900 1661 1
913 1636 939 1661 v
952 1635 971 1661 s
1009 1635 1035 1661 A
1049 1635 1075 1662 v
1087 1635 1129 1662 G.
1158 1620 1293 1675 Caput
1311 1619 1518 1663 Caracallae
1540 1619 1762 1662 laureatum.

294 1693 355 1718 co
370 1694 408 1718 L.
442 1692 468 1718 A
484 1693 509 1718 v
521 1693 561 1718 G.
594 1692 618 1716 T
631 1692 656 1718 a
670 1693 695 1717 o
710 1691 732 1717 A
749 1692 787 1717 D.
817 1676 972 1717 Colonia
989 1676 1162 1730 Augusta
1178 1675 1404 1726 Troadenffs.
1444 1676 1490 1715 In
1510 1676 1591 1716 aliis
1603 1704 1615 1723 ,
1647 1692 1670 1717 c
1683 1691 1708 1716 o
1722 1691 1758 1716 L.
1788 1690 1814 1715 A
1829 1691 1854 1716 L
1866 1689 1890 1715 Ε
1908 1690 1933 1716 Χ
1945 1690 1971 1716 Α
1985 1689 2016 1716 N
2028 1690 2066 1716 ι).
2095 1691 2121 1717 A
2137 1691 2163 1717 v
2176 1690 2215 1718 G.
2246 1678 2352 1720 Colo-

347 1737 415 1774 nia
433 1734 679 1773 Alexandria
698 1759 710 1779 ,
738 1732 798 1772 vel
816 1731 1089 1772 Alexandrina
1107 1731 1294 1787 Augusta.
1339 1731 1508 1772 Diversae
1534 1731 1621 1773 sunt
1644 1731 1876 1787 epigraphae.
1915 1731 2055 1786 Figura
2071 1733 2176 1773 nuda
2191 1761 2204 1780 ,
2234 1734 2351 1789 cippo

348 1790 449 1844 pede
468 1789 671 1844 impolito,
699 1789 833 1830 dextra
844 1788 938 1828 lauri
957 1801 1106 1829 ramum
1120 1815 1131 1834 ,
1161 1787 1254 1828 laevzl
1268 1798 1372 1829 retro
1387 1786 1560 1833 demissa.

290 1869 358 1909 Ille
376 1868 480 1909 idern
501 1868 556 1908 est
574 1867 718 1922 Apollo
734 1867 862 1907 nudus
881 1866 1023 1908 eodem
1047 1866 1171 1907 modo
1194 1880 1276 1921 quo
1302 1880 1350 1907 ex
1370 1866 1483 1912 hiatu
1507 1878 1614 1906 terrae
1638 1865 1813 1919 repando
1831 1878 1994 1919 corpore
2011 1864 2182 1918 spiritum
2197 1865 2351 1914 haurit,

235 1936 281 1966 ut
302 1924 471 1976 Oracula
494 1924 633 1964 reddat
654 1950 666 1970 ,
703 1923 883 1963 instinctu
909 1922 1044 1963 divino
1070 1933 1201 1963 motus
1219 1949 1233 1969 ,
1271 1921 1322 1962 de
1345 1935 1428 1976 quo
1451 1920 1677 1962 Plutarchus
1701 1920 1752 1961 de
1776 1920 1933 1962 Oracul.
1963 1920 2119 1961 defectu
2142 1935 2228 1978 pag.
2256 1925 2350 1976 338.

236 1993 273 2021 Ἐν
285 1994 338 2022 πῖς
353 1984 584 2029 πωφητόἷίεσιν
597 1983 716 2029 ἀνάγκη
732 1987 853 2029 γίνεοὲ-ιη
870 1984 890 2016 ’ἳ-
907 1984 1118 2030 ἔψθεσιοισμὲν·
1137 1983 1202 2018 ὅταν
1215 1983 1258 2030 μὴ
1274 1983 1349 2020 §war
1365 1979 1419 2028 [⁴2⁴¹
1435 1985 1558 2029 γίνεοθτυι
1574 1982 1588 2021 ἦ
1602 1985 1724 2028 γίνεοθπᾼ
1741 1979 1913 2027 Ἆζρίφορον,
1930 1981 2002 2018 &C.
2033 1976 2190 2029 Necejffe
2207 1977 2257 2028 ss
2273 1978 2351 2018 Va-

235 2049 294 2081 tes
310 2038 489 2090 instinft‘u
506 2037 640 2077 divino
656 2039 771 2084 cieri,
785 2036 849 2088 fin
867 2035 957 2076 verb
967 2063 979 2082 ,
1006 2045 1077 2076 aut
1095 2036 1236 2077 nulllus
1251 2038 1327 2077 erit
1344 2034 1614 2087 enthusz'asmus
1624 2062 1636 2081 ,
1656 2042 1727 2074 aut
1741 2031 2004 2088 incompofitus.
2042 2032 2187 2087 Apollo
2203 2032 2350 2085 laurum

237 2107 425 2148 tanquam
445 2092 662 2148 symbolum
679 2093 799 2147 gerit,
827 2091 930 2131 illam
952 2090 1044 2132 huic
1060 2092 1152 2132 Deo
1171 2093 1333 2135 amica'm
1357 2089 1432 2131 effe
1453 2089 1567 2132 tradit
1586 2090 1768 2146 Hyginus
1791 2089 1844 2129 ob
1864 2088 2099 2129 somniorum
2122 2088 2350 2143 interpreta-

235 2151 408 2196 tionem,
437 2150 501 2189 cui
516 2149 663 2189 laurum
679 2148 847 2187 maxime
866 2147 1074 2187 convenire
1091 2146 1230 2188 ferunt.
1261 2145 1462 2187 Tristanus
1484 2157 1576 2186 tom.
1601 2159 1631 2185 1.
1658 2159 1743 2200 pag.
1767 2157 1860 2197 751.
1885 2143 2046 2199 figuram
2072 2143 2173 2184 hanc
2197 2144 2350 2198 Apolli-

235 2207 297 2248 nis
315 2205 460 2246 nudam
475 2204 678 2260 ingeniose
696 2204 746 2243 ad
765 2201 1010 2256 Herophilen
1027 2201 1111 2255 ejus
1129 2201 1307 2242 aedituam
1325 2201 1365 2241 in
1375 2200 1534 2241 Troade
1549 2199 1783 2241 clariffimam
1799 2210 1978 2245 revocat;
2007 2198 2071 2239 sed
2088 2211 2214 2253 partes
2232 2200 2351 2244 habet

234 2261 362 2304 viriles
378 2288 390 2308 ,
405 2261 514 2312 'teste
535 2259 651 2300 etiam
673 2259 880 2301 Holstenio
896 2257 997 2298 Not.
1023 2257 1063 2297 in
1081 2257 1261 2311 Stephan.
1280 2272 1365 2312 pag.
1383 2269 1475 2310 331.
1505 2254 1628 2310 Apud
1643 2254 1709 2295 Ill.
1726 2256 1761 2295 C
1759 2253 1936 2306 affianum
1950 2254 2122 2294 Puteum
2143 2254 2229 2295 vidi
2244 2270 2352 2296 num-

232 2319 340 2358 mum
349 2315 540 2357 Commodi
549 2342 561 2361 ,
591 2315 763 2363 cAEneae
777 2315 864 2354 vidi
880 2326 994 2353 manu
1011 2312 1219 2365 depictum,
1248 2314 1289 2352 in
1310 2312 1422 2367 ciq‘us
1438 2311 1579 2351 aversaA
1588 2319 1702 2365 parte
1716 2311 1818 2350 circa
1835 2312 1962 2350 virum
1978 2309 2120 2350 nudum
2134 2310 2271 2359 dextro
2285 2303 2362 2365 pess'
2382 2317 2385 2319 ’

236 2373 283 2414 de
301 2372 382 2425 bafi
389 2371 587 2427 quadratae
606 2372 785 2411 innixum
801 2396 813 2416 ,
842 2365 891 2412 ὅγ’
907 2380 1022 2408 manu
1037 2367 1177 2408 dextrd
1198 2381 1342 2408 ramum
1356 2368 1608 2420 porrigentem
1626 2365 1765 2421 legitur
1795 2380 1819 2406 c
1829 2379 1855 2404 o
1868 2380 1904 2406 1..
1936 2378 1965 2404 A
1981 2379 2006 2406 v
2017 2378 2059 2405 G.
2091 2379 2116 2405 Τ
2127 2379 2158 2406 R
2170 2379 2197 2405 o
2210 2379 2236 2405 A
2250 2380 2291 2406 D.

291 2450 375 2490 Hic
390 2463 562 2490 nummus
574 2447 747 2499 secundae
765 2445 814 2492 όν
829 2445 1156 2499 minimaeformae‚
1185 2459 1269 2486 cum
1285 2443 1483 2500 epigraphe
1513 2459 1536 2484 c
1548 2457 1574 2484 o
1587 2459 1625 2484 L.
1657 2457 1685 2483 A
1700 2457 1728 2484 v
1740 2456 1780 2484 G.
1814 2457 1838 2483 T
1853 2457 1883 2484 R
1895 2457 1922 2483 o
1935 2458 1962 2483 A
1972 2458 2012 2483 D.
2041 2442 2234 2499 vulgaris,
2262 2457 2348 2485 cum

235 2507 476 2562 inscriptione
493 2504 582 2546 verb
615 2520 638 2545 c
652 2519 677 2544 o
693 2520 729 2545 r..
764 2518 790 2543 A
804 2519 829 2544 L
841 2517 864 2543 E
878 2517 903 2542 x
919 2516 945 2541 A
957 2515 987 2541 N
1000 2516 1035 2542 D.
1065 2501 1088 2541 ci
1106 2503 1255 2544 ‘Paetino
1264 2511 1355 2557 pag.
1376 2514 1395 2540 2
1401 2502 1468 2551 98.
1486 2499 1670 2554 vulgatus
1684 2501 1786 2540 inter
1801 2513 1906 2540 raros
1920 2498 2121 2540 habendus.

292 3084 315 3110 c
327 3083 351 3107 o
366 3082 401 3108 L.
434 3081 459 3106 A
477 3079 501 3104 v
515 3078 552 3104 G.
585 3077 608 3103 T
625 3077 654 3103 n
668 3077 694 3103 o
711 3077 751 3103 A.
783 3061 938 3103 Colonia
958 3059 1129 3116 Augusta
1149 3057 1379 3107 Troadensts.
1419 3058 1560 3114 Figura
1579 3058 1702 3100 senilis
1722 3059 1876 3101 barbata
1901 3061 2001 3102 stans
2016 3088 2028 3108 ‚
2056 3060 2154 3103 laevo
2177 3062 2343 3106 humero

277 3124 280 3127 ’
347 3135 472 3163 utrem
491 3120 680 3161 hircinum
700 3118 821 3174 gerit,
849 3116 1024 3157 dextram
1042 3115 1189 3157 extollit
1203 3113 1425 3154 indicando.
1915 3133 1917 3135 ·

289 3205 428 3243 Senem
454 3200 559 3240 illum
589 3197 788 3239 barbatum
817 3209 935 3250 quem
959 3195 1136 3250 Satyrum
1159 3193 1347 3234 existimat
1369 3192 1594 3234 Holstenius
1617 3208 1704 3249 pag.
1729 3207 1819 3246 331.
1849 3194 2028 3235 rusticum
2055 3196 2150 3237 vero
2174 3197 2341 3251 appellat

236 3260 279 3299 P.
300 3258 524 3298 Harduinus
544 3269 632 3311 pag.
656 3255 746 3303 508.
784 3252 954 3292 Silenum
979 3251 1018 3290 in
1043 3250 1103 3290 M.
1123 3249 1281 3290 Aurelio
1302 3252 1341 3289 &
1359 3248 1588 3290 Commodo
1612 3250 1688 3290 effe
1714 3249 1904 3296 diximus,
1928 3250 2038 3302 cujus
2065 3251 2209 3292 cultum
2234 3253 2340 3307 apud

238 3312 480 3355 Troadenscs
497 3311 564 3351 soli
580 3309 730 3350 nummi
746 3322 818 3348 nos
837 3306 1012 3347 edocent.
1050 3305 1165 3346 Sileni
1182 3318 1328 3344 nomen
1345 3304 1519 3346 derivant
1536 3305 1557 3344 a
1577 3310 1689 3348 Σίηως,
1716 3305 1826 3359 quod
1841 3305 1946 3359 apud
1962 3305 2199 3360 Hesychium
2215 3313 2342 3353 οἱνοιφοέ.

238 3385 361 3411 Aowroc,
389 3369 536 3408 calvum
551 3365 715 3420 explicat
732 3363 788 3403 Ill.
810 3362 1065 3417 Spanhemius
1084 3360 1274 3415 inJulian.
1297 3359 1410 3400 Caess.
1426 3359 1627 3401 Observat.
1652 3373 1735 3414 pag.
1756 3373 1847 3413 341.
1877 3360 2046 3401 Silenum
2063 3362 2204 3402 Bacchi
2221 3365 2340 3404 nutri-

240 3428 344 3469 cium
363 3423 468 3462 fuiss‘e
486 3422 612 3462 ferunt
624 3449 635 3467 ‚
666 3433 784 3474 quem
802 3419 898 3459 vites
914 3417 1039 3457 colere
1052 3443 1063 3464 ,
1093 3420 1133 3456 &
1150 3429 1196 3456 ex
1214 3429 1345 3456 earum
1364 3416 1523 3455 racemis
1540 3415 1578 3455 in
1597 3416 1773 3456 torculari
1792 3416 1925 3456 vinum
1943 3417 2153 3471 exprimere
2167 3417 2340 3459 docuisse

241 3491 387 3525 narrat3
415 3478 556 3516 idcirco
572 3477 719 3517 Silenus
738 3486 862 3515 utrem
879 3473 1089 3518 hircinum,
1117 3472 1157 3511 in
1175 3485 1256 3525 quo
1272 3472 1405 3512 vinum
1424 3470 1693 3516 asservabatur,
1714 3471 1832 3526 gerit:
1864 3471 2057 3512 Bacchum
2071 3485 2163 3512 vero
2173 3472 2339 3514 Hesiodi

242 3542 426 3590 interpres
440 3533 581 3572 dietum
596 3533 646 3572 ait
659 3534 797 3577 Διὲνυπν,
815 3528 922 3583 quasi
944 3533 1109 3575 Momm,
1127 3527 1148 3566 a
1166 3530 1270 3577 lilim
1285 3527 1465 3568 videlicet
1480 3532 1500 3563 >l
1517 3529 1582 3564 οῖνον
1594 3550 1605 3566 ,
1632 3526 1722 3579 quia
1736 3525 1781 3566 sit
1796 3526 1908 3566 dator
1927 3527 2013 3566 vini.
2044 3527 2217 3567 Bacchus
2233 3529 2340 3583 apud

242 3593 474 3634 Athenaeum
494 3587 556 3625 lib.
582 3600 595 3625 1
610 3600 642 3634 ς.
658 3601 744 3642 pag.
764 3591 813 3638 67
825 3599 855 3635 5.
873 3583 1012 3624 dicitur
1026 3583 1145 3623 vitem
1162 3583 1183 3622 ὲ
1203 3582 1343 3623 Rubro
1363 3582 1459 3622 mari
1473 3582 1514 3622 in
1528 3583 1718 3621 Graeciam
1734 3580 1972 3627 transtulisse,
2002 3581 2068 3621 ubi
2081 3581 2185 3622 idem
2202 3585 2336 3625 auctor

240 3648 322 3689 vini
338 3645 438 3698 aqu-31
455 3643 689 3694 temperandi
703 3642 868 3693 primum
887 3639 994 3678 usum
1013 3637 1062 3678 fic
1078 3637 1191 3678 tradit
1202 3638 1410 3685 inventum.
1441 3636 1683 3690 Qibusdam
1700 3635 1749 3676 ad
1765 3636 1870 3676 littus
1886 3636 1997 3675 maris
2011 3639 2336 3691 compotantibus,

242 3706 444 3758 ingruente
460 3697 608 3751 pluvia,
637 3696 854 3736 dissblutum
870 3694 942 3734 fuit
957 3693 1200 3739 convivium,
1220 3708 1264 3733 ac
1280 3693 1486 3747 poculum,
1513 3693 1552 3731 iti
1565 3699 1647 3744 quo'
1659 3704 1794 3745 parum
1805 3691 1882 3732 vini
1893 3691 2065 3731 relietum
2079 3691 2222 3740 fuerat,
2237 3696 2337 3749 aqua

243 3757 431 3811 repletum
451 3752 506 3792 est
525 3769 532 3792 z
559 3750 700 3790 deinde
723 3752 810 3789 curn
837 3749 980 3789 factum
1003 3750 1130 3789 rursus
1151 3748 1243 3789 esset
1258 3748 1396 3788 sudum
1412 3762 1456 3788 ac
1473 3747 1644 3788 serenum
1664 3746 1798 3787 caelum
1815 3774 1828 3793 ,
1855 3746 2026 3786 convivat
2041 3748 2079 3786 in
2096 3748 2262 3789 eundem
2280 3750 2335 3791 lo-

242 3826 332 3854 cum
349 3807 505 3853 reversi,
534 3807 666 3845 vinum
682 3805 844 3844 dilutum
862 3804 1054 3858 gustantes
1066 3831 1077 3850 ,
1108 3804 1241 3843 mitem
1261 3818 1304 3843 ac
1322 3803 1480 3843 minime
1492 3801 1688 3841 molestam
1700 3801 1937 3856 voluptatem
1953 3801 2155 3844 senserunt.
2185 3805 2334 3846 Silenus

243 3870 416 3909 dextram
434 3862 569 3904 attollit
583 3860 774 3905 indicans,
802 3859 899 3899 inter
915 3858 1009 3898 astra
1025 3858 1061 3898 se
1078 3858 1153 3898 effe
1172 3858 1352 3904 relatum,
1381 3869 1425 3898 ut
1441 3856 1554 3898 tradit
1569 3859 1721 3897 Aratus.

293 3943 378 3986 Hic
396 3953 567 3984 nummus
584 3936 720 3992 infimae
736 3936 1009 3990 magnitudinis
1019 3962 1030 3981 ‚
1057 3948 1124 3975 nee
1140 3948 1248 3975 rarus
1264 3949 1331 3976 nec
1345 3934 1482 3976 obvius
1496 3933 1556 3986 cst.
