2574 4214
172 254 175 257 '
229 245 293 284 Ad
314 244 513 284 Tiberium
540 242 702 297 pertinet
724 256 906 283 nummus
924 271 934 288 ‚
962 244 1001 282 in
1023 244 1131 295 cujus
1156 243 1282 282 aversa
1306 253 1414 296 parte
1439 241 1642 282 Dertofimi
1662 241 1855 295 Hispaniae
1871 241 2165 283 Tarraconensis
2187 200 2266 285 Aus-

171 301 270 354 'gusti
287 299 506 339 inter'Deos
520 299 625 338 relati
645 298 787 338 radiat-:1
803 299 946 338 coron-fi
965 297 1118 352 insignis
1137 297 1303 351 effigiem
1320 298 1372 336 ob
1389 309 1544 349 accepta
1561 298 1608 336 ab
1625 310 1673 336 eo
1691 296 1874 336 beneficia
1893 298 2165 338 exhibuerunt:
2195 314 2263 339 no-

172 366 261 394 men
281 355 382 393 enim
400 353 578 407 Augusta?
595 380 606 398 ,
635 353 743 406 quod
762 352 954 405 ass‘umpfit
973 352 1135 395 Dertosa
1153 379 1164 398 ,
1192 353 1293 391 illam
1313 351 1361 390 ab
1382 365 1430 391 eo
1450 352 1560 391 novis
1580 351 1728 391 colonis
1749 351 2026 404 frequentatam
2046 353 2150 392 fuisse
2166 355 2263 393 indi-

172 421 240 449 cat.
272 409 491 448 Nummum
509 408 557 446 ad
577 409 787 448 Dertonam
804 408 966 461 Liguriae
984 418 1137 446 revocat
1156 406 1196 446 P.
1211 406 1435 446 Harduinus
1455 420 1540 459 pag.
1567 411 1653 458 136.
1682 405 1746 445 sed
1763 407 1910 446 nummi
1927 407 2203 459 Imperatorum
2220 409 2260 447 in

170 464 287 504 Italiae
304 464 479 503 Coloniis
500 462 628 517 lignati
645 464 708 501 vix
724 477 767 502 ac
782 476 830 501 ne
847 464 909 512 ¹vix
927 462 1085 516 quidem
1102 462 1342 515 reperiuntur
1354 487 1365 506 ‚
1389 462 1505 513 quod
1524 461 1578 500 eis
1595 472 1761 500 monetae
1778 461 1962 501 cudendae
1979 461 2135 500 facultas
2154 462 2257 512 haud

170 518 341 558 coneessa
364 518 536 557 videatur
557 545 568 563 ‚
605 518 692 557 cun]
720 516 936 570 frequentes
958 517 1150 570 Hispaniae
1172 516 1425 556 Coloniarum
1452 516 1597 555 nummi
1618 529 1705 555 cum
1732 515 1887 569 Augusti
1909 519 1946 554 δε
1966 516 2113 555 Tiberii
2133 515 2258 570 effigie

170 585 389 613 occurrant:
419 572 527 625 quod
548 572 747 612 confirmat
763 572 801 611 in
821 573 892 613 isto
913 572 1015 612 rudis
1034 572 1131 612 illius
1147 571 1351 624 provinciae
1367 584 1610 610 nummorum
1628 570 1761 609 forma.
1795 571 1992 610 Dertosani
2004 571 2165 610 Tiberio
2178 586 2259 624 gra·

170 628 332 668 tulantes
345 655 355 673 ,
385 627 493 680 quod
512 627 704 681 Augustus
720 627 757 665 in
777 628 948 667 Deorum
968 640 1169 666 numerum
1186 627 1207 665 a
1227 627 1365 666 Senatu
1383 626 1522 665 relatus
1540 625 1652 671 esset,
1670 636 1875 678 utrumque
1894 627 1930 664 in
1950 640 2130 670 nummo,
2151 627 2256 666 illurn

167 683 291 723 laurea
318 694 359 721 ut
386 683 658 734 imperatorem
679 709 689 727 ‚
718 681 822 720 hunc
849 682 961 720 radiis
986 691 1164 720 ornatum
1189 692 1232 720 ut
1255 681 1385 720 Deum
1408 680 1671 721 exhibuerunt.
1718 679 1887 719 Dionem
1909 680 1958 720 de
1982 681 2142 736 Augusti
2161 693 2255 733 apo-

167 737 287 778 theosi
308 737 530 789 loquentem
549 737 679 776 audias
697 736 759 775 lib.
779 741 839 787 56.
857 750 940 790 pag.
956 742 1048 775 600.
1077 736 1147 772 τότε
1164 738 1182 784 ξς
1197 741 1427 780 ciffum-(amm
1441 740 1535 773 αὐτόν.
1567 736 1663 775 Tum
1678 734 1768 774 verb
1785 737 1884 775 inter
1903 736 2129 775 inmortales
2142 736 2254 776 ‘Deos

167 806 248 831 eum
265 791 527 845 indignarum.
1334 843 1337 847 Ι

220 869 302 910 Hic
319 884 487 910 nummus
502 869 615 910 medii·
623 868 708 923 feri’
721 868 858 910 moduli
872 871 973 909 inter
991 869 1151 909 rariores
1169 865 1217 912 (ἐν
1233 867 1422 924 elegantes
1437 867 1712 921 adscribendus.

899 972 1512 1028 EMERJIA.

156 1602 363 1631 1ΜΡ.ΤΙ.
395 1601 627 1629 CAESAR.
664 1601 948 1628 AVGVSTVS
977 1601 1089 1629 PoN.
1120 1596 1250 1628 MAx.
1287 1579 1586 1642 CaputTiberii
1605 1587 1828 1627 laureatum.

208 1658 456 1685 AVGVSTA
490 1657 704 1683 EMERIT
723 1659 759 1682 A.
789 1645 827 1683 in
847 1643 891 1682 al.
923 1659 1034 1684 COL.
1066 1657 1329 1684 AVGvsrA
1361 1656 1636 1683 EMERITA.
1664 1641 2245 1684 Portaurbiscumduobusfor⁴⁵

261 1700 408 1740 nicibus
426 1699 514 1738 hinc
532 1702 570 1737 &
588 1698 677 1738 inde
695 1700 787 1739 turri
805 1711 950 1739 ornata.

204 1777 379 1817 Emerita
392 1805 403 1822 ,
431 1777 519 1816 urbs
535 1777 589 1816 est
606 1776 807 1818 Lufitaniae
823 1778 873 1818 ad
890 1779 1018 1817 Anam
1035 1776 1129 1819 fluv.
1147 1777 1310 1817 Deciani
1326 1777 1512 1818 Martialis
1528 1777 1658 1818 Poetae
1676 1776 1787 1817 amici
1803 1777 1943 1830 patria,
1964 1787 2009 1817 ut
2023 1776 2102 1832 ipse
2120 1776 2245 1818 innuit

151 1832 210 1873 lib.
233 1847 261 1873 1.
283 1833 387 1886 epist.
408 1838 471 1872 62.

723 1887 902 1928 Gaudent
914 1887 1046 1940 jocosae
1064 1888 1184 1927 Canio
1188 1887 1263 1939 suo
1282 1888 1432 1935 Gades,

720 1942 895 1981 Emerita
913 1943 1092 1981 ‘Deciano
1106 1956 1195 1981 meo.

148 1995 445 2038 Emeritensibus
472 1995 693 2035 familiarum
721 1997 955 2049 adjeftiones
984 1996 1165 2037 concessit
1187 1996 1401 2051 Imperator
1419 1996 1557 2042 Otho,
1592 2006 1637 2036 ut
1659 2005 1783 2036 narrat
1807 1994 1968 2036 Tacitus
1991 1994 2090 2036 Hist.
2117 1996 2180 2037 lib.
2203 2010 2238 2040 1.

146 2053 295 2098 Eadem
315 2051 514 2104 largitione
528 2053 734 2101 civitatum
748 2064 889 2105 quoque
906 2065 951 2089 ac
964 2053 1250 2102 provinctarum
1265 2055 1410 2091 animos
1427 2050 1635 2104 aggreffus,
1665 2050 1946 2101 Hispalenfibus
1962 2049 2010 2094 &¹
2025 2052 2241 2092 Emcriten-

128 2107 240 2156 Jibus
252 2105 493 2158 familiarum
516 2104 752 2156 adjeriiones.
772 2136 778 2142 .
798 2135 830 2142 ..
861 2102 975 2143 dedit.
1017 2104 1270 2144 Emeritense's
1298 2104 1514 2145 fundatoris
1546 2105 1708 2160 Augusti
1733 2105 2009 2152 studiofiffimi,
2039 2118 2081 2146 ut
2106 2108 2239 2149 urbem

143 2161 247 2202 suam
271 2173 352 2213 eJus
378 2158 592 2200 succefforis
612 2159 757 2199 Tiberii
781 2159 962 2199 clientelae
980 2158 1207 2199 commisisse
1230 2158 1486 2207 denotarent,
1513 2159 1630 2214 ipfius
1647 2160 1891 2215 prospectum
1912 2161 1953 2200 in
1976 2160 2059 2214 ejus
2074 2164 2242 2203 nummis

143 2216 350 2270 fignarunt'.
680 2220 683 2223 '
973 2226 976 2228 ’
1027 2224 1030 2228 ’
1334 2228 1337 2230 ·

196 2294 279 2334 Hic
296 2281 467 2401 nunhmui
489 2294 644 2351 majoris
657 2294 807 2350 quidem
828 2293 969 2335 moduli
975 2293 1299 2349 praestantiffi'mus
1310 2313 1325 2341 ³
1354 2293 1452 2336 alter
1467 2294 1557 2336 verb
1573 2296 1728 2349 minoris
1744 2294 1768 2336 ιὶ
1785 2296 1936 2338 Patino
1953 2296 2135 2352 vaggatus
2145 2302 2235 2354 pag,

143 2359 208 2404 71.
229 2362 336 2389 rarus
351 2362 370 2387 e
402 2379 408 2388 .
907 2377 911 2382 .
1112 2366 1114 2369 -

138 2905 174 2936 c.
200 2905 242 2933 A.
267 2907 304 2932 E.
338 2905 365 2931 A
380 2906 402 2931 E
416 2904 440 2931 T
453 2906 475 2931 E
487 2905 517 2933 R
530 2905 559 2931 N
573 2905 588 2932 1
601 2905 624 2932 τ
637 2905 663 2932 A
679 2904 703 2932 τ
716 2906 744 2932 1.
777 2906 805 2933 A
819 2906 845 2932 v
859 2906 885 2933 G
897 2907 924 2932 v
936 2906 955 2932 s
971 2906 995 2933 τ
1010 2905 1037 2933 A
1050 2906 1088 2932 E.
1136 2885 1292 2933 Colonia
1316 2893 1490 2950 Augusta
1512 2893 1698 2936 Emerita.
1735 2896 2009 2944 QAEternitati
2031 2898 2148 2954 Augu
2179 2911 2223 2941 ae.

243 2947 453 3002 Templum
470 2960 637 3002 quatuor
653 2948 841 2989 columnis
856 2949 1063 2989 suffultum.

186 3026 307 3067 Nulla
324 3038 426 3067 extat
439 3028 478 3066 in
496 3026 572 3066 hoc
588 3041 706 3080 opere
718 3027 884 3067 Colonia
897 3055 909 3074 ‚
936 3041 1023 3082 quae
1041 3038 1119 3068 tam
1135 3028 1256 3068 varias
1271 3041 1344 3082 pro
1360 3042 1436 3068 una
1454 3028 1576 3070 littera
1594 3029 1742 3071 diverso
1762 3031 1883 3072 modo
1899 3032 1937 3072 in
1955 3034 2121 3074 nummis
2137 3035 2222 3076 stri<

163 3094 199 3122 ta
219 3083 547 3134 interpretationes
566 3082 750 3136 receperit
768 3102 780 3128 ;
806 3095 983 3123 erroneas
1002 3083 1161 3137 quidem
1185 3096 1274 3124 ante
1293 3085 1497 3138 genuinam
1515 3099 1708 3139 exponere
1724 3087 1875 3140 placuit.
1913 3088 2042 3141 Eques
2061 3088 2219 3132 Patinus

132 3097 194 3177 lib.
211 3137 332 3176 Num.
351 3137 474 3191 Impp.
496 3151 582 3192 pag.
597 3150 657 3189 74.
678 3138 824 3191 primus
844 3152 1045 3178 nummum
1061 3152 1151 3179 curn
1167 3139 1376 3194 epigraphe
1405 3154 1437 3179 c.
1462 3155 1504 3179 A.
1529 3154 1555 3179 1.
1586 3140 1846 3181 substituendo
1875 3155 1891 3180 1
1913 3157 1984 3195 pro
2004 3157 2049 3189 E,
2082 3146 2215 3201 vulga-

131 3193 208 3238 vit,
236 3192 344 3244 eujus
363 3192 712 3245 interpretationem
727 3207 807 3232 non
828 3192 913 3234 satis
931 3193 1141 3240 assecutus,
1172 3198 1315 3235 mutata
1331 3196 1467 3236 iterum
1488 3195 1607 3235 littera
1633 3211 1655 3235 F,
1676 3197 1716 3235 in
1740 3211 1763 3235 T
1781 3223 1793 3242 ‚
1821 3196 1887 3236 sub
1904 3197 2065 3238 Coloniae·
2080 3202 2216 3255 Augu-

117 3247 194 3300 stae
213 3247 352 3286 Tiberii
376 3248 531 3287 nomine
554 3247 602 3287 ad
621 3248 874 3288 Ratisbonam
900 3249 1037 3290 referre
1057 3262 1216 3291 conatus
1234 3251 1295 3290 est.
1334 3252 1480 3291 Comes
1498 3251 1774 3291 Mediobarbus
1790 3265 1826 3304 p.
1843 3265 1906 3303 70.
1928 3253 2085 3295 alterum
2105 3270 2151 3296 ex
2168 3257 2213 3298 P.

131 3303 311 3343 Cattanei
331 3305 460 3342 museo
481 3316 569 3342 cum
585 3300 714 3343 litteris
744 3318 776 3344 c.
800 3317 841 3343 A.
866 3317 907 3344 R.
938 3304 1130 3359 suppofita
1147 3306 1259 3346 etiam
1280 3313 1311 3347 R
1333 3321 1404 3360 pro
1426 3321 1448 3345 E
1471 3306 1628 3360 protulit
1641 3333 1652 3351 ‚
1683 3310 1721 3345 δε
1740 3306 1893 3346 Colonia
1911 3310 2080 3364 Augusta
2100 3312 2212 3352 Rau-

130 3372 296 3399 racorum
313 3358 487 3398 reddidit.
517 3357 557 3396 Ρ.
580 3358 804 3398 Harduinus
827 3358 864 3398 in
883 3358 942 3399 his
959 3359 1106 3401 Tiberii
1126 3362 1292 3402 nummis
1304 3389 1315 3408 ,
1344 3362 1464 3402 Patini
1484 3375 1555 3401 nec
1573 3360 1816 3401 Mediobarbi
1831 3361 2052 3405 sententiam
2071 3366 2210 3421 sequu-

128 3425 191 3453 tus
207 3441 218 3459 ‚
248 3415 368 3453 nova's
389 3413 548 3453 tentavit
567 3414 836 3467 explicationes
851 3434 862 3460 3
890 3416 1056 3468 priorem
1073 3416 1232 3469 quidem
1250 3417 1374 3458 Patini
1390 3429 1590 3456 nummum
1609 3430 1697 3456 cum
1716 3416 1775 3456 his
1793 3418 1951 3460 vocibus
1977 3435 2011 3461 c.
2037 3435 2078 3461 A.
2104 3436 2129 3461 1.
2155 3423 2206 3462 ad

129 3467 362 3508 Gaditanam
381 3469 587 3508 Coloniam
610 3468 677 3508 sub
695 3469 857 3510 Colonia
871 3470 1050 3524 Augustae
1064 3470 1187 3521 Juliae
1210 3467 1463 3525 appellatione
1480 3485 1564 3524 pag.
1589 3476 1674 3522 176.
1695 3473 1910 3520 revocavit·,
1936 3476 2095 3516 alterum
2111 3478 2205 3517 vero

130 3522 152 3561 a
171 3523 425 3563 Mediobarbo
444 3523 598 3562 allatum
626 3539 661 3564 c.
686 3538 728 3564 A.
751 3537 793 3564 R.
814 3523 1007 3564 Coloniam
1020 3524 1153 3576 Astam
1174 3525 1332 3581 Regiam
1351 3541 1433 3580 pag.
1452 3528 1513 3564 80.
1534 3525 1728 3580 exposuit,
1746 3526 1810 3566 sed
1824 3527 1963 3570 frustra.
1997 3531 2108 3572 Varia
2120 3532 2202 3571 haec

129 3591 372 3617 nummorum
392 3579 653 3630 interpretatio
672 3579 724 3618 ob
743 3578 825 3618 illos
839 3579 886 3618 ab
901 3579 946 3619 iis
964 3593 1042 3619 non
1059 3579 1250 3633 inspectos
1266 3609 1278 3628 ,
1307 3581 1370 3620 sed
1387 3582 1425 3618 in
1442 3580 1592 3620 alterius
1609 3579 1723 3620 fidem
1743 3581 1950 3637 descriptos
1965 3598 2046 3626 orta
2064 3613 2076 3632 ‚
2105 3586 2204 3626 indi-

128 3644 188 3670 cat
206 3633 321 3683 quam
338 3635 449 3673 caute
467 3647 600 3673 eorum
614 3634 717 3679 libri,
738 3634 807 3687 qui
823 3647 894 3673 nec
905 3634 1123 3688 Principum
1142 3649 1213 3674 nec
1230 3635 1445 3687 antiquariae
1462 3635 1515 3674 rei
1530 3635 1782 3677 studiosorum
1798 3638 1943 3680 cimelia
1959 3640 2055 3693 saepe
2069 3641 2204 3695 saepius

127 3686 416 3741 perlustratum,
445 3688 596 3743 legendi
616 3688 697 3729 sint.
734 3688 809 3729 Sed
825 3688 874 3728 ad
894 3702 1021 3729 veram
1038 3690 1184 3729 nummi
1198 3690 1400 3729 leffionem
1417 3702 1655 3731 revertamur.

181 3741 278 3780 Non
300 3756 417 3783 unum
434 3744 581 3783 Tiberii
597 3757 796 3783 nummum
811 3744 1094 3798 integerrimum
1115 3757 1202 3783 cum
1217 3743 1289 3784 hac
1304 3745 1418 3799 epigr.
1451 3759 1477 3784 A
1492 3758 1515 3784 Ε
1527 3759 1550 3784 τ
1565 3760 1586 3785 e
1598 3760 1628 3786 R
1641 3760 1671 3785 N
1687 3761 1702 3786 1
1719 3762 1742 3787 Τ
1756 3762 1781 3788 A
1797 3763 1821 3788 τ
1838 3763 1853 3789 1
1889 3764 1914 3789 A
1929 3764 1954 3789 v
1967 3763 1991 3789 G
2006 3762 2032 3789 ν
2043 3764 2061 3790 s
2078 3764 2101 3790 τ
2116 3765 2141 3790 A
2156 3765 2195 3798 E,

127 3796 312 3836 &litteris
336 3798 403 3837 sub
429 3799 574 3852 templo
600 3799 793 3853 tetrastylo
821 3814 856 3839 c.
878 3813 917 3838 A.
940 3813 975 3838 E.
1008 3799 1323 3840 contrectavimus
1341 3820 1352 3845 ;
1382 3799 1444 3840 sed
1464 3799 1621 3841 alterum
1642 3801 1811 3855 ejusdem
1831 3804 2000 3850 Tiberii,
2028 3806 2066 3845 in
2087 3806 2197 3858 cujus

125 3850 249 3890 aversa
273 3865 378 3904 parte
399 3853 505 3893 Livia
526 3858 564 3892 δε
581 3853 725 3893 eaedem
742 3867 856 3894 voces
869 3880 881 3900 ,
907 3853 1143 3908 vulgavimus
1168 3869 1205 3908 p.
1230 3868 1289 3903 51.
1311 3869 1406 3908 quas
1423 3855 1614 3895 Coloniam
1631 3858 1837 3912 Augustam
1852 3859 2063 3899 Emeritam
2080 3861 2195 3900 inter-

125 3906 263 3960 pretati
281 3907 405 3949 sumus
418 3936 430 3956 ,
458 3907 660 3962 praesertim
678 3909 765 3950 cum
783 3918 963 3950 nummos
979 3910 1061 3963 ejus
1085 3909 1186 3950 urbis
1194 3908 1306 3962 Juliae
1322 3913 1360 3950 ὃς
1376 3910 1535 3950 Tiberio
1560 3911 1711 3952 seorsim
1734 3913 1925 3967 perculsos
1943 3914 2195 3955 observaven'„

182 3961 284 4002 Yam.
312 3962 347 4002 I.
1507 3964 1547 4004 K
1578 3979 1597 4005 2
2100 3981 2196 4009 mus.
