2491 4219
222 197 313 238 118
834 196 1691 248 ALEX.SEVERUS.

219 270 237 297 1
248 271 286 298 M
298 272 331 298 Ρ.
365 272 401 300 c.
433 274 481 301 M.
513 274 540 300 A
553 274 581 301 v
593 259 637 301 κζ
666 271 686 300 s
699 275 722 300 E
736 274 775 301 v.
805 275 834 300 A
848 277 874 302 L·
885 276 908 301 E
919 276 943 301 x
957 277 981 301 A
996 276 1027 302 N
1039 277 1066 302 D
1077 277 1100 302 E
1114 276 1159 302 R.
1192 276 1218 301 A
1233 276 1260 302 v
1273 276 1313 302 G.
1349 264 1483 318 Caput
1502 266 1613 306 Alex.
1631 266 1761 308 Severi
1774 265 1999 308 laureatum·

274 328 299 354 c
309 329 335 355 o
345 329 385 355 L.
418 330 441 356 F
454 331 494 357 L.
526 330 548 355 P
563 330 588 355 A
603 331 637 356 c.
668 330 694 355 D
706 331 729 356 Ε
742 331 767 356 v
780 331 805 356 L
818 330 857 356 T.
887 317 1040 358 Colonia
1057 317 1200 358 Flavia
1216 318 1395 367 ‘Pacenszs
1412 321 1610 368 ‘Deultom
1637 323 1697 362 vel
1716 321 1934 362 Deultana.
1964 322 2116 364 Genius
2131 337 2218 365 cum
2236 337 2317 367 mo-

331 370 399 411 dio
413 372 452 411 in
475 371 599 424 capite
620 371 718 412 stans
730 399 742 419 ‚
772 371 905 412 dextra
921 384 1092 426 pateram
1111 373 1221 427 super
1236 387 1361 420 aram,
1390 372 1483 413 laeva
1502 378 1753 432 cornucopiae.

274 448 425 490 Genius
450 451 471 490 a
498 450 699 490 Deultanis
724 450 761 490 in
793 450 899 490 Alex.
928 450 1056 490 Severi
1088 463 1250 490 nummo
1275 449 1441 506 lignatus
1465 451 1544 498 est,
1571 453 1797 507 Imperatori
1820 455 2097 503 alludentibus,
2125 457 2235 511 quod
2255 458 2319 500 ille

216 512 412 566 tanquam·
424 505 591 546 tutelaris
611 506 704 546 effer
720 505 1040 566 Coloniae'Deus.
1070 506 1219 546 Genius
1236 507 1338 545 enim
1355 506 1540 561 cujusque
1556 507 1631 548 loci
1652 502 1760 550 Deus
1774 512 1995 564 putabatur,
2026 515 2064 551 &
2081 512 2120 552 in
2136 513 2245 566 cujus
2259 526 2320 554 tu-

216 559 291 619 tela
308 574 438 621 omnia
455 560 601 601 effent:
630 561 709 601 fere
734 561 881 621 semper
902 561 964 600 1lle
988 575 1076 602 cum
1103 566 1299 614 pateram
1321 575 1468 602 morem
1498 563 1735 605 sacrificantis
1761 566 2005 622 depingitur:
2034 582 2081 606 an
2099 568 2318 611 sacrificium

213 614 564 710 {plis-continuum,
594 616 654 656 vel
679 618 809 670 ponus
837 617 1064 671 Imperatori
1093 615 1312 657 faciendum
1338 617 1520 665 denotet,
1553 619 1605 659 illi
1634 620 1793 674 quidem
1823 635 1930 662 mero
1957 621 2070 663 fiebat
2085 649 2098 669 ,
2136 636 2178 665 ut
2205 625 2319 667 tradit

247 684 372 710 erius.

528 726 660 767 Funde
675 741 814 767 merum
832 727 963 767 Genio.
1045 727 1098 768 Et
1116 727 1303 770 Horatius
1323 743 1331 770 ε
1360 731 1454 770 Cras
1473 730 1634 770 Genium
1650 744 1748 771 mero
1765 731 1925 772 curabis.

214 780 481 841 Cornucopiae
506 782 599 823 laeva
625 782 674 822 ad
696 781 849 838 frugum
872 783 1046 823 omnium
1066 784 1278 825 ubertatem
1297 785 1543 826 indicandam
1560 786 1685 842 gerit;
1713 787 1864 828 Genius
1884 788 1987 829 enim
2004 800 2129 831 rerum
2144 790 2319 832 omnium

211 837 493 891 gignendarum
512 839 590 879 vim
605 838 748 879 habere
763 838 1057 879 existimabatur.

266 913 353 957 Hic
365 928 541 957 nummus
557 918 720 958 minima
725 917 866 972 formae
882 918 983 957 inter
1002 930 1105 957 raros
1124 916 1376 970 ascribendus.

193 1568 229 1596 .1
241 1568 277 1595 M
291 1569 326 1595 P.
362 1568 395 1594 c.
426 1568 478 1594 M.
509 1570 536 1595 A
550 1569 576 1594 v
590 1567 633 1595 R.
665 1569 685 1595 s
700 1570 736 1594 E.
778 1569 805 1595 A
817 1570 842 1596 L
854 1568 912 1596 Ex
926 1569 949 1596 A
966 1569 995 1596 N
1009 1570 1048 1596 D.
1081 1569 1108 1594 A
1123 1568 1151 1594 v
1163 1568 1203 1595 G.
1242 1554 1376 1608 Caput
1396 1553 1501 1594 Alex.
1520 1553 1651 1594 Severi
1667 1553 1891 1594 laureatumf
2047 1596 2050 1600 Δ
2347 1601 2354 1605 .
2390 1579 2391 1582 =

267 1625 373 1652 cor„
406 1624 430 1650 Ρ
444 1626 483 1651 L.
516 1624 538 1650 1>
555 1625 580 1650 A
597 1625 632 1650 c.
665 1625 724 1650 DE
737 1625 800 1651 vr,
813 1625 850 1650 T.
891 1611 1045 1651 Colonia
1067 1609 1212 1650 Flavia
1233 1609 1414 1661 ‘Pacensts
1438 1609 1617 1651 ‘Deulton
1629 1636 1642 1656 ,
1671 1609 1731 1650 vel
1748 1609 1965 1649 Deultana.
2010 1606 2182 1650 Fortuna
2206 1605 2325 1657 stans,
2412 1604 2414 1608 ’

322 1665 458 1707 dextra
479 1678 677 1707 temonem
693 1692 706 1712 ‚
735 1666 830 1706 laeva
846 1667 1103 1720 cornucopiae.
2309 1663 2312 1667 ⁴
2400 1667 2405 1675 ¹

264 1744 328 1784 Ut
342 1744 494 1785 Genius
511 1744 550 1783 in
570 1744 854 1784 Deultanorum
872 1745 1040 1785 nummis
1061 1744 1173 1784 Alex.
1190 1744 1332 1785 Severo
1349 1743 1504 1789 dicatis,
1533 1754 1716 1798 tanquam
1735 1743 1814 1797 ipse
1828 1744 1932 1783 urbis
1948 1743 2021 1782 suae
2036 1741 2201 1784 tutelaris
2217 1741 2329 1783 Deus

209 1799 380 1855 signatus
398 1801 454 1840 est
471 1827 483 1846 ‚
511 1799 619 1839 fimili
637 1800 759 1840 modo
777 1800 948 1841 Fortuna
966 1800 1032 1840 sub
1050 1801 1179 1840 matris
1199 1801 1283 1853 ejus
1299 1799 1477 1839 Mamaeae
1493 1799 1622 1854 effigie
1641 1799 1679 1838 in
1697 1799 1785 1853 ipsis
1803 1797 2088 1853 repraesentatur
2103 1824 2115 1844 ‚
2143 1809 2328 1851 tanquam

209 1855 290 1908 ipsa
307 1881 318 1900 ‚
347 1855 463 1895 altera
480 1855 661 1895 Coloniae
679 1855 848 1896 tutelaris
868 1857 955 1897 Dea
972 1883 984 1903 ,
1014 1856 1165 1896 Genius
1183 1855 1464 1911 gignendarum
1480 1869 1606 1895 rerum
1622 1855 1702 1894 vim
1720 1854 1838 1894 habet
1854 1881 1866 1900 ‚
1895 1853 2067 1894 Fortuna
2084 1867 2212 1894 earum
2232 1853 2330 1907 regi-

209 1923 302 1950 men
319 1935 331 1956 ,
359 1910 452 1951 ideo
473 1912 629 1966 utrique
648 1912 893 1966 cornucopiae
915 1927 988 1966 pro
1013 1911 1188 1965 symbolo
1210 1912 1387 1952 tribuitur
1404 1926 1412 1950 :
1446 1910 1508 1950 ille
1528 1924 1601 1963 pro
1621 1910 1918 1963 imperatoribus
1931 1937 1942 1956 ,
1971 1908 2053 1949 haec
2072 1922 2143 1962 pro
2161 1906 2332 1949 foeminis

209 1966 452 2019 Principibus
476 1968 788 2021 repraesentatur:
815 1979 855 2008 at
875 1968 1048 2008 Fortuna
1066 1968 1106 2007 in
1129 1966 1234 2007 Alex.
1253 1967 1381 2007 Severi
1405 1967 1578 2006 ‘nummis
1599 1965 1652 2006 ob
1672 1966 1857 2006 summam
1876 1965 2003 2006 matris
2019 1965 2058 2004 in
2076 1964 2245 2018 Imperio
2265 1977 2332 2004 au-

211 2021 431 2061 &oritatem
445 2049 457 2068 ,
486 2037 565 2076 qua
588 2022 640 2062 de
665 2036 705 2062 re
726 2022 977 2063 Herodianus
1003 2023 1041 2062 in
1063 2021 1271 2063 Alexandri
1288 2024 1366 2063 vita
1386 2021 1451 2062 fol.
1475 2035 1564 2074 575.
1596 2034 1679 2073 Ηςχε
1697 2026 1729 2070 23
1747 2027 1822 2061 aista]
1840 2025 1888 2070 ’tvi
1906 2023 2160 2073 ύσεςεοιηκόντως
2179 2025 2196 2063 »1⁸
2216 2022 2332 2071 μήτηρ.

213 2075 262 2119 ’uti
286 2080 343 2110 πᾶν
366 2076 400 2110 τδ
421 2076 610 2123 κελώόμᾶζυον
632 2079 758 2118 mxv&
775 2081 856 2118 {nvid-
890 2082 958 2112 τέπ
981 2078 1019 2119 ‘st'
1042 2076 1077 2112 ἄν
1101 2093 1141 2113 ἠς
1163 2077 1246 2123 μόνον
1263 2077 1341 2127 ’ἔχεν
1364 2078 1519 2123 ἐγκαλέσῃ
1545 2079 1618 2124 οωπρ
1635 2079 1676 2113 ὅτι
1694 2077 1730 2117 clvi
1746 2078 1816 2115 &⁶273
1834 2077 1960 2115 ωὲιῆἧς
1977 2075 2162 2118 oreada-ur&
2176 2074 2224 2121 ‘ly-l
2239 2077 2332 2112 amic

213 2129 364 2172 meleu&
379 2129 395 2167 ἦ
409 2131 521 2181 {glaz
546 2134 585 2177 τῇ
599 2130 697 2175 mre)
716 2133 746 2164 ἐν
763 2133 800 2166 οῖς
816 2133 991 2176 ampelo-new
1010 2154 1021 2169 ,
1045 2130 1123 2176 ἕμως
1141 2133 1273 2173 ἐπείθετο.
1303 2128 1456 2180 Quippe
1471 2126 1531 2166 illi
1549 2135 1670 2166 mater
1679 2126 1801 2179 fitpra
1823 2127 1971 2167 modum
1987 2123 2232 2179 imperitabat
2246 2149 2258 2169 ‚
2285 2137 2334 2165 ac

211 2182 315 2223 die'z’o
331 2183 546 2224 audientem
550 2183 699 2237 semper
714 2182 881 2222 habebat
899 2197 910 2220 :
938 2191 983 2222 ut
1000 2181 1070 2220 hoc
1088 2191 1241 2221 tantum
1257 2180 1475 2234 reprehendi
1488 2183 1530 2219 in
1543 2181 1769 2220 Alexandro
1781 2182 1889 2234 pqffit
1898 2209 1910 2229 ‚
1937 2180 2039 2236 qubd
2051 2179 2335 2228 mansitetudine

211 2240 334 2279 nimia
349 2265 362 2286 ,
390 2236 439 2283 ἐφ’
453 2241 671 2279 reverentia
685 2238 826 2294 majore
841 2236 955 2292 quam
974 2238 1140 2289 oportuit
1152 2263 1164 2282 ‚
1192 2238 1308 2276 etiam
1323 2244 1457 2275 contra
1473 2236 1593 2275 animi
1609 2235 1669 2283 sia·
1684 2235 1785 2286 sent.
1795 2238 1917 2277 ntiam
1933 2238 2050 2277 matri
2065 2235 2334 2290 obfiqueretur.

212 2293 445 2335 Romani&
463 2294 591 2335 Graeci
609 2292 875 2334 Alexandrum
897 2297 935 2332 &
955 2292 1160 2332 Mamaeam
1179 2291 1288 2330 simul
1307 2290 1347 2329 in
1365 2291 1532 2330 nummis
1546 2290 1815 2333 exhibuerunt.

268 2371 355 2415 Hic
370 2387 543 2416 nummus
548 2372 730 2427 ficundae
745 2371 1023 2429 magnitudinis
1042 2384 1110 2411 nec
1129 2383 1237 2411 rarus
1250 2397 1262 2417 ,
1291 2383 1358 2410 nec
1375 2367 1510 2409 obvius
1529 2367 1586 2421 cst.

207 3013 235 3040 ⁴1
249 3012 284 3039 M
297 3010 332 3037 P.
363 3008 386 3035 c
400 3008 426 3034 A
439 3007 463 3033 E
475 3005 509 3032 3.
542 3003 561 3031 s
575 3004 598 3031 E
612 3004 652 3030 v.
685 3003 712 3028 A
726 3001 751 3029 ι,
762 3002 821 3029 Ex
834 3003 861 3029 A
873 3001 904 3028 N
916 3002 943 3028 ι)
954 3001 978 3026 E
993 3000 1036 3026 R.
1067 2999 1094 3025 A
1110 3000 1135 3025 v
1149 2998 1190 3024 G.
1236 2985 1369 3038 Caput
1390 2983 1496 3023 Alex.
1514 2983 1644 3025 Severi
1663 2983 1886 3023 laureatum.

210 3091 213 3096 ,
276 3069 301 3095 c
311 3066 337 3092 o
350 3066 388 3092 L.
421 3064 444 3089 ιτ
458 3063 496 3089 L.
527 3061 549 3086 1>
562 3061 589 3087 A
604 3061 638 3087 c.
670 3060 695 3085 n
711 3060 731 3085 E
743 3059 770 3086 v
782 3060 808 3086 L
821 3059 856 3084 T.
887 3044 1044 3084 Colonia
1059 3040 1201 3081 Flavia
1223 3038 1405 3090 Pacensts
1421 3038 1600 3078 Deulcon
1609 3065 1622 3085 ‚
1650 3039 1717 3095 seul
1731 3036 1949 3077 Deultana.
1977 3034 2077 3077 Tres
2098 3034 2330 3107 figurae.m115'

333 3106 468 3147 liebres
485 3103 600 3144 nudae
616 3101 692 3142 sese
706 3101 989 3155 amplecCtentes.

275 3187 376 3226 Tres
401 3185 460 3224 hae
484 3182 660 3223 mulieres
684 3181 817 3226 nudae,
843 3178 1024 3219 Charites
1042 3174 1180 3216 suntin
1199 3173 1394 3223 Deultana
1411 3172 1581 3214 Colonia
1606 3170 1737 3217 cultae,
1767 3180 1812 3210 ut
1828 3169 1921 3209 &in
1940 3168 2019 3210 aliis
2032 3169 2208 3214 Thraciae
2227 3172 2327 3215 urbi-

224 3246 296 3285 bus
321 3241 566 3282 observantur
586 3265 597 3284 ‚
626 3237 720 3279 teste
739 3235 930 3275 Valeriani
951 3245 1112 3273 nummo
1131 3231 1307 3286 Byzantii
1327 3228 1419 3270 cuso
1435 3257 1448 3276 ‚
1475 3228 1513 3268 in
1532 3241 1614 3282 quo
1633 3227 1703 3267 illae
1722 3225 1887 3267 {imiliter
1902 3224 2140 3268 exhibentur.
2182 3228 2326 3270 Gratiae

215 3300 330 3355 'Jovis
353 3297 434 3336 filice
459 3295 648 3349 aliquibus
672 3306 718 3333 ex
745 3291 966 3345 Eurynome
983 3288 1133 3329 Oceani
1160 3286 1234 3327 filia
1253 3285 1368 3326 dietae
1387 3284 1494 3331 sunt,
1522 3285 1688 3338 primum
1707 3282 1766 3324 his
1786 3281 1973 3335 templum
1990 3282 2188 3322 extruxisse
2207 3283 2323 3324 Eteo-

228 3355 325 3394 clen]
343 3352 696 3391 Orchomeniorum
719 3348 870 3403 Regem
889 3345 1002 3387 tradit
1022 3344 1156 3385 Strabo
1172 3343 1232 3382 lib.
1250 3355 1287 3392 9.
1308 3355 1393 3395 pag.
1413 3354 1504 3392 414.
1535 3345 1672 3380 Ἐτεοκλῆς
1693 3341 1726 3375 δὲ
1741 3345 1767 3377 ἵ·
1787 3341 2029 3383 fixam-eninm
2051 3347 2084 3378 όν
2103 3338 2263 3390 οςχομὶῑύῳ
2279 3357 2323 3380 ηις

232 3412 372 3460 χοιράων
387 3412 451 3455 ἱερὸν
469 3408 664 3455 tumuit&-
682 3411 809 3449 wear&
827 3408 899 3443 &e.
928 3399 1101 3442 Eteocles
1118 3400 1256 3444 etiam,
1283 3410 1380 3436 unus
1397 3396 1442 3436 de
1458 3398 1509 3436 iis
1526 3397 1591 3451 qui
1611 3394 1837 3435 Orchomem'
1857 3395 2134 3451 regnaverunt,
2163 3395 2326 3434 Gratia-

232 3477 315 3505 rum
338 3456 469 3513 templo
488 3460 659 3500 dedicato
676 3461 819 3512 primns
839 3457 920 3501 &a
960 3456 1179 3497 Gratiarum
1204 3453 1361 3492 nomina
1382 3451 1466 3492 sunt
1483 3478 1494 3498 ,
1522 3449 1654 3507 vAglaea
1675 3464 1762 3504 quae
1781 3451 1962 3500 Venult‘as
1983 3451 2057 3491 dici
2075 3449 2220 3504 potest3
2248 3451 2328 3491 Eu-

233 3516 427 3575 phrosyne
443 3516 554 3555 altera
572 3542 583 3561 ,
612 3515 651 3554 id
671 3515 725 3554 est
748 3513 972 3558 Hilarztas·,
1008 3512 1116 3551 tertia
1131 3508 1269 3549 Thalia
1284 3535 1296 3554 ‚
1327 3507 1534 3560 Festivitas
1548 3521 1559 3544 .·
1591 3505 1841 3559 Euphrolyne
1865 3509 1904 3545 &
1932 3506 2060 3561 Aglaea
2083 3505 2261 3546 dicuntur
2286 3505 2324 3547 se

235 3586 374 3615 mutuo
393 3569 554 3622 aspicere
570 3596 581 3615 ‚
608 3583 649 3610 ut
670 3583 756 3622 quae
773 3568 838 3608 dat
857 3595 868 3614 ,
897 3568 975 3608 cito
993 3577 1276 3610 remuneretur,
1305 3563 1413 3604 sicuti
1428 3562 1672 3616 proverbium
1693 3573 1845 3601 monet:
1871 3563 1971 3610 zaim
1986 3563 2085 3611 χάριν
2101 3564 2189 3603 νήκτή.
2224 3561 2325 3601 Gra-

235 3632 294 3670 tia
305 3634 476 3682 gratzam
489 3626 598 3671 parit.
636 3624 775 3662 Thalia
792 3622 917 3663 aversa
933 3621 1125 3676 effingitur
1142 3619 1188 3660 ad
1202 3618 1520 3674 promerendum,
1549 3631 1599 3657 ne
1611 3616 1787 3658 videlicet
1804 3617 1890 3656 cum
1909 3616 2137 3656 beneficium
2154 3616 2324 3664 exhibet,

236 3679 582 3726 remunerationem
607 3679 796 3731 expcfi‘tet.
843 3677 887 3717 N
890 3677 975 3718 uda:
1001 3677 1086 3717 sunt
1109 3676 1180 3717 illa:
1197 3702 1208 3722 ‚
1237 3689 1282 3716 ea
1301 3673 1478 3716 videlicet
1496 3673 1644 3714 ratione
1659 3698 1673 3720 ,
1701 3671 1811 3726 quod
1826 3671 1937 3712 amici
1955 3672 2099 3714 amicos
2115 3672 2258 3714 solutos
2277 3685 2322 3714 ac

239 3739 366 3783 nudos
382 3737 478 3775 inter
493 3733 529 3774 se
548 3733 686 3772 habere
700 3734 876 3774 debeant.

295 3824 377 3865 Hic
396 3833 566 3863 mammis
580 3817 772 3859 mediocris
779 3818 919 3872 formae
937 3816 1139 3870 rariffimus
1159 3815 1207 3861 όν
1225 3813 1510 3873 elegantffmus
1526 3812 1587 3864 est.
