2491 4219
224 157 321 200 174
766 141 1346 196 PH1L31P1>us
1431 133 1853 194 s‘ENIOR‘:

221 222 337 250 IMP.
369 210 885 250 M.1v1,.'1’H1L1i‘1³vs
917 223 1040 250 1‘1vs
1075 223 1186 251 FEL.
1219 224 1343 251 avo.
1382 210 1939 267 CaputPhilippilaureatumJ

278 278 302 304 c
313 278 340 304 o
353 279 389 304 L.
422 278 448 304 T
463 278 488 304 Y
501 279 532 306 R
543 278 578 304 o.
607 278 644 303 M
656 278 679 302 E
693 278 716 303 T
728 278 769 304 R.
800 265 956 304 Colonia
974 265 1086 317 Tyros
1104 266 1336 320 Metropolu.
1372 266 1514 322 Figura
1534 268 1649 310 virilis
1664 267 1770 308 nuda
1787 267 1898 322 supra
1913 267 2128 318 triremem3
2155 271 2334 315 manibus

334 319 520 366 extensis,
547 319 680 360 dextra
695 318 863 360 indicare
881 320 1032 361 videtur
1047 341 1059 368 3
1088 321 1128 361 in
1144 334 1231 361 area
1250 319 1509 376 conchylium.

278 396 407 451 Tyros
425 397 595 437 Colonia
611 399 650 436 δε
669 397 900 451 Metropolis
916 397 1125 440 Phoeniciae
1141 425 1154 445 ,
1183 399 1356 454 plurimis
1379 398 1430 440 de
1457 399 1577 441 caulis
1603 400 1827 456 frequentes
1844 401 2026 457 Philippo
2044 417 2225 445 nummos
2241 408 2332 459 per-'

223 451 353 499 cussit,
382 452 442 492 vel
458 451 568 504 quod
582 451 710 492 Persas
731 454 752 492 ἐ
768 453 873 508 Syria
889 455 1186 507 propulsaverit,
1214 454 1350 509 pacem
1363 455 1569 508 provinciae
1581 459 1809 505 conciliarit,
1835 458 1895 498 vel
1908 458 2018 512 quOd
2030 459 2066 499 ei
2077 459 2242 500 Priscum
2260 459 2332 501 fra-

224 520 322 549 trem
338 506 557 562 praefecerit.
589 507 782 559 Quaenam
797 521 926 550 autem
948 510 1067 551 fitilla
1083 509 1204 565 figura
1218 510 1335 550 virilis
1348 509 1454 550 nuda
1471 509 1581 564 supra
1594 513 1787 554 triremem
1803 513 1926 567 poslta
1937 540 1949 560 ,
1970 514 2179 557 Herculem
2198 516 2330 556 Astro-

221 563 420 604 chitonem
437 563 612 617 augurari
626 564 761 610 liceat,
788 564 838 605 de
855 578 939 618 quo
956 566 997 606 in
1014 566 1221 607 Gordiano
1237 566 1386 621 egimus
1405 579 1493 620 pag.
1515 580 1530 606 1
1543 579 1602 617 50.
1638 568 1706 608 Ille
1721 569 1831 622 supra
1848 569 2039 611 triremem
2055 570 2203 624 politus
2218 571 2273 613 est
2288 581 2332 612 ut

222 620 378 661 navium
398 618 598 666 inventor,
627 623 666 660 &
682 633 780 674 quas
796 620 992 662 struendas
1003 621 1146 676 Tyrios
1163 620 1341 668 edocuit,
1372 619 1398 661 fi
1415 621 1457 661 N
1463 635 1570 663 onno
1586 621 1682 675 fides
1697 623 1857 679 Dionys.
1873 637 1940 677 40.

719 674 852 717 T6U33‘x‘n'
865 691 915 722 μοι
930 677 1003 719 ξένον
1020 677 1109 725 ἅρμα
1121 678 1221 719 βαιτῆς
1235 677 1320 713 oiade-
1346 677 1483 719 ὅξυπῖνοις
1500 677 1521 724 ὅ·

715 722 840 764 Κίῷκτὲ
854 739 905 769 μοι
920 729 1071 761 πελέκεωτ
1087 725 1177 772 ρὀίχιν
1193 725 1374 767 πιτυώὸεΘῡ
1389 724 1477 766 ὅλης,

720 771 856 813 wilgar}
870 787 921 818 μοι
937 775 1024 815 πφόν
1040 775 1133 821 ἔργον,
1158 777 1221 808 δίς.

715 818 850 861 Facite
868 822 963 862 mihi
982 836 1125 862 novum
1141 836 1292 863 currum
1296 825 1433 880 pervii
1449 824 1568 864 maris
1579 851 1591 872 ‚
1607 824 1787 877 stridulis
1803 826 1892 866 verb

717 876 947 926 Abscindite
965 877 1062 917 mihi
1081 877 1302 932 bzfpennibus
1317 878 1485 931 deorfitm
1493 879 1810 935 piniferaefilvae,

717 930 850 972 Facite
870 932 965 972 mihi
978 932 1157 973 divinum
1171 944 1261 987 opus
1272 961 1285 981 ,
1313 938 1384 975 &c.

220 985 411 1029 Hercules
432 986 565 1028 dextra
578 986 744 1034 indicat,
774 986 898 1028 forsan
918 987 1138 1030 Ambrofias
1154 999 1281 1044 petras
1290 1016 1303 1036 ,
1321 991 1433 1046 supra
1448 1004 1546 1045 quas
1561 991 1651 1033 urbs
1667 1003 1747 1034 erat
1762 992 1988 1041 condenda,
2006 996 2046 1035 δε
2057 991 2106 1034 ad
2117 1006 2215 1049 quas
2226 1005 2331 1050 quae·¹

220 1043 360 1085 tendas
379 1056 516 1085 navem
530 1043 635 1098 ipsos
652 1042 836 1084 fabricare
849 1042 963 1098 jussit.
1234 1064 1240 1066 -

562 1106 565 1109 '
717 1100 865 1145 Δκῦετὲῳ
880 1102 990 1133 κενεῶνα
1002 1098 1173 1146 χοιξρέξῶπ
1187 1104 1263 1135 vam
1278 1099 1449 1143 Βαλοίωᾛς,

719 1150 815 1182 Εἰσέκε
829 1152 922 1194 χῶρον
937 1148 1042 1185 ῗκςιιθε
1057 1146 1256 1197 μεμοςμῼύσν,
1281 1149 1394 1185 ἕποθτ
1413 1148 1507 1188 diaron*

718 1196 838 1238 Αςοιῧέες
853 1196 984 1233 πλάκα-ιν
999 1198 1146 1243 ἀλήμονες
1159 1200 1197 1231 εἶν
1213 1200 1268 1233 οἱλὶ
1284 1200 1385 1237 πὲτξοα
1396 1223 1406 1236 ‚

708 1253 758 1280 ,Ας
775 1244 865 1290 φύσις
879 1243 1054 1292 Apameae-icoc
1069 1246 1255 1292 ἑπεφῆμισεν.

717 1293 865 1346 Ltgneo
881 1303 1016 1333 ventre
1019 1293 1200 1349 frangite
1218 1294 1326 1347 dorsa
1341 1296 1460 1334 maris
1470 1322 1483 1343 ‚

717 1348 858 1389 Donec
877 1350 919 1389 in
937 1349 1058 1389 locum
1072 1351 1246 1390 veniatis
1249 1359 1433 1404 paratum
1445 1377 1458 1397 ,
1486 1350 1552 1391 ubi
1559 1354 1724 1406 geminae

718 1403 918 1450 Instabiles
937 1405 1212 1459 navtgantibus
1227 1408 1323 1461 vagi
1337 1407 1379 1446 in
1395 1408 1492 1446 mari
1496 1415 1620 1461 petrae
1628 1434 1642 1455 ,

715 1458 832 1515 Qas
851 1467 992 1500 natura
1009 1459 1223 1511 Ambroszas
1239 1461 1461 1502 celebravit.

172 1586 189 1602 Δ
214 1575 216 1578 -
273 1545 360 1588 Hic
377 1548 696 1601 nnmmnsprimae
713 1546 989 1603 magnitudinis
1006 1549 1107 1588 inter
1125 1546 1372 1602 elegantiores
1387 1548 1651 1593 numerandus.

275 2197 303 2239 'e
312 2209 338 2238 o
350 2208 390 2237 ι.
423 2206 448 2236 ¹1·
460 2206 487 2236 Y
498 2206 529 2236 R
542 2206 581 2235 0.
611 2206 650 2235 M
659 2206 685 2235 ε
699 2206 724 2236 τ
737 2205 769 2236 R
779 2205 806 2234 o
816 2205 852 2234 Ρ.
891 2192 1044 2236 Astarte
1065 2183 1227 2250 tutulatzjt
1237 2197 1354 2238 vstans
1371 2195 1577 2248 intemplo
1594 2194 1658 2236 sex
1674 2193 1863 2235 columnis
1881 2193 2045 2241 ornato}
2071 2195 2246 2238 dextram
2259 2195 2337 2240 im:

331 2252 443 2307 ponit
462 2250 665 2305 trophaeo,
700 2250 844 2291 finistra
871 2248 1079 2302 scipionem
1105 2252 1321 2308 oblongum
1344 2250 1441 2306 gerit
1457 2271 1470 2297 ;
1499 2250 1674 2292 Vi&oria
1692 2249 1882 2291 columnae
1899 2248 2078 2304 impofita
2095 2252 2133 2292 ei
2149 2265 2338 2301 coronam

332 2307 513 2363 porrigit,
541 2319 614 2360 pro
628 2305 794 2359 pedibus
812 2303 902 2344 hinc
918 2304 1066 2346 Silenus
1076 2333 1090 2353 ,
1116 2300 1210 2346 inde
1225 2304 1486 2360 conchylium.

274 2387 478 2441 Frequens
494 2384 548 2425 est
567 2384 606 2424 in
620 2383 832 2438 Tyriorum
849 2383 1015 2423 nummis
1032 2383 1202 2425 Astartes
1222 2394 1336 2438 typus
1353 2396 1443 2423 cum
1463 2380 1597 2423 iisdem
1617 2382 1798 2436 symbolis
1817 2382 1941 2424 modo
1958 2382 2037 2424 fine
2052 2385 2223 2439 templo,
2250 2388 2338 2428 mo?

219 2444 277 2485 do
293 2457 382 2484 cum
400 2440 571 2495 templo,
598 2440 648 2480 de
664 2439 806 2494 quibus
822 2437 951 2493 paffim
969 2439 1128 2495 egimus.
1165 2440 1309 2480 Cicero
1326 2438 1376 2480 de
1393 2438 1487 2479 Nat.
1507 2438 1625 2483 Deor.
1645 2438 1667 2477 l.
1687 2453 1723 2493 3.
1759 2439 1922 2494 Qcarta
1933 2465 1946 2485 ,
1976 2440 2050 2486 ait,
2079 2441 2207 2481 Venus
2226 2440 2338 2495 Syria

221 2502 390 2553 Tyroque
411 2505 588 2550 concepta
600 2523 612 2543 ,
640 2509 723 2550 quae
742 2495 898 2547 Astarte
914 2503 1086 2535 vocatur.
1128 2495 1280 2536 Astarte
1299 2495 1401 2536 urbis
1417 2494 1505 2535 Dea
1519 2493 1771 2544 tutelarisest.
1813 2495 1998 2536 Hiramus
2015 2494 2226 2550 Tyriorum
2242 2497 2336 2539 Rex

217 2557 258 2599 ei
282 2552 472 2606 templum
498 2552 692 2592 dedicavit
707 2578 719 2598 ‚
749 2551 843 2592 teste
859 2550 1035 2606 Josepho
1058 2562 1192 2595 contra
1218 2551 1365 2604 Apion.
1389 2549 1412 2589 l.
1437 2563 1470 2590 1.
1500 2552 1571 2591 Τὸπ
1587 2556 1745 2598 Ηρρικλὲκς
1760 2552 1853 2600 ιωὴνὲ
1871 2553 2145 2601 Αςυίςτηςτὲμὶῖυςῷ·
2162 2555 2335 2603 alulfi-om.

222 2610 405 2652 Herculis
422 2606 470 2651 &¹
487 2606 772 2658 Astartesfana
787 2605 1031 2658 consecravit.
1069 2606 1139 2647 Illa
1154 2606 1346 2659 sceptrum
1364 2617 1549 2660 tanquam
1565 2606 1712 2663 insigne
1727 2608 1826 2663 gerit
1841 2634 1854 2654 ,
1882 2621 2040 2649 manum
2065 2609 2229 2664 apponit
2248 2616 2338 2661 tro-j

218 2667 339 2723 phaeo
365 2664 418 2704 ob
435 2662 622 2703 Colonias
643 2663 664 2702 a
680 2661 811 2715 Tyriis
828 2661 945 2716 longe
968 2661 1124 2715 lateque
1146 2662 1412 2702 disseminatas.
1454 2661 1628 2703 Vistoria
1650 2677 1736 2704 eam
1755 2663 1808 2703 ob
1824 2663 1974 2704 causam
1991 2663 2042 2704 illi
2056 2671 2244 2708 coronam
2257 2665 2336 2707 im-

219 2733 369 2778 ponere
385 2718 547 2758 videtur.
578 2717 726 2758 Silenus
742 2716 797 2756 sui
819 2717 932 2758 etiam
947 2717 1094 2759 cultum
1111 2716 1208 2771 Tyri
1224 2716 1388 2764 indicat,
1408 2716 1474 2757 sed
1490 2717 1540 2758 ad
1558 2718 1680 2773 pedes
1690 2719 1859 2761 Astartes
1876 2718 2021 2774 politus
2034 2730 2218 2778 tanquam
2233 2733 2338 2766 unus

221 2791 270 2817 cx
290 2775 376 2816 Diis
397 2773 607 2827 minoribus
625 2788 633 2813 :
659 2771 905 2827 conchylium
921 2799 934 2820 ,
961 2783 1195 2827 perpetuum
1211 2773 1266 2813 est
1283 2773 1388 2813 urbis
1404 2771 1644 2826 symbolum,
1669 2773 1722 2819 de
1738 2789 1822 2830 quo
1837 2774 1982 2817 Plinius
1998 2774 2064 2816 lib.
2080 2788 2144 2829 15.
2161 2789 2246 2835 cap.
2267 2781 2331 2819 16.

220 2832 344 2878 ‚Nunc
363 2831 483 2870 omnis
500 2829 581 2884 ejus
603 2827 784 2868 nobilitas
800 2827 987 2884 conchylio
1010 2837 1127 2884 atque
1136 2838 1305 2883 purpura
1327 2827 1478 2878 constat.
2085 2836 2089 2839 '

275 2910 362 2955 Hic
381 2921 554 2951 nummus
573 2908 731 2966 majoris
748 2906 884 2961 moduli
896 2917 968 2963 pro
982 2921 1070 2949 raro
1086 2905 1135 2954 &¹
1146 2894 1316 2961 elegante
1331 2905 1544 2955 habendus.

280 3580 306 3607 c
317 3579 343 3605 0
357 3577 396 3605 ι.
428 3578 453 3604 τ
467 3579 491 3604 γ
509 3580 537 3607 R
550 3582 588 3607 o.
619 3579 656 3607 M
669 3579 691 3606 r:
706 3578 730 3606 T
744 3577 775 3605 R
785 3577 812 3605 o
823 3577 862 3604 P.
897 3563 1055 3604 Colonia
1071 3559 1443 3615 UrorMetropolis.
1480 3558 1622 3614 Figura
1639 3556 1832 3610 muliebris
1846 3556 1948 3597 stans
1962 3581 1976 3602 ‚
2002 3552 2096 3596 laeva
2118 3552 2307 3609 sceptrum
2316 3557 2333 3605 ,'

337 3621 469 3661 dextri
493 3621 658 3662 tabulam
683 3621 722 3662 in
746 3634 822 3676 qua
843 3619 945 3661 urbis
965 3618 1171 3674 descriptio
1189 3616 1243 3657 est
1260 3643 1273 3664 ,
1301 3616 1499 3672 porrigere
1512 3614 1667 3656 videtur
1681 3613 1765 3655 viro
1784 3613 1912 3655 tunica
1931 3622 2091 3657 ornato,
2117 3623 2237 3665 quem
2253 3622 2332 3654 tres

337 3676 400 3717 alii
415 3676 655 3718 comitantur.
1137 3684 1174 3723 ‚²3⁷
1462 3690 1467 3693 ·
1482 3678 1485 3679 ’
1689 3681 1700 3697 ·

280 3755 426 3796 Mulier
445 3754 634 3808 sceptrum
653 3768 788 3807 gerens
798 3780 809 3798 ‚
839 3753 948 3793 Dido
963 3751 1018 3792 est
1030 3750 1151 3807 Tyria
1161 3777 1175 3798 ,
1202 3749 1252 3791 ad
1268 3748 1539 3803 antiquitatem
1554 3746 1659 3790 urbis
1674 3745 1918 3789 indicandam
1935 3745 1957 3786 ἒι
1971 3743 2100 3798 Tyriis
2113 3744 2153 3787 in
2169 3757 2335 3789 nummo

225 3810 378 3859 caelata,
406 3822 449 3852 ut
465 3809 589 3851 innuit
607 3808 713 3862 Virg.
732 3823 765 3848 1.
781 3809 939 3849 AEneid.
1118 3823 1121 3827 ·
1219 3852 1223 3856 ¹

719 3876 811 3916 Belo
831 3885 925 3916 nata
933 3875 1025 3929 fuit
1041 3874 1238 3928 {Uxiorum
1256 3871 1468 3928 Principe,
1495 3869 1612 3912 Dido

1568 3939 1583 3957 ς]

713 3929 853 3972 Sichaei
870 3932 1024 3987 conjux·v
2215 3973 2337 4028 ‘Dido'
