2491 4219
183 84 280 124 224
866 76 1595 128 VOLUSIANUS.

186 147 215 172 A
227 144 251 171 r
264 147 301 173 T.
335 148 375 174 K.
406 147 438 174 r.
469 146 531 174 οΥ
543 151 557 177 1
569 150 605 176 B.
635 150 659 177 T
674 152 695 178 Ρ
708 152 731 178 Ε
744 155 775 180 Β.
805 153 901 181 oro
914 155 941 180 A
953 152 1044 182 ore
1057 156 1072 181 1
1085 156 1112 181 A
1127 156 1169 182 N.
1201 146 1335 200 Caput
1350 147 1553 188 Volufiani
1569 145 1789 189 laureatum.

242 196 265 222 Φ
276 201 314 228 Λ.
347 203 378 228 N
390 203 414 228 E
429 204 455 229 A
469 205 492 230 c
529 205 628 232 noA
642 207 748 235 ime.
780 204 914 238 magram
931 203 1009 238 Νέας
1025 201 1155 238 nemac-
1185 201 1329 253 Aquila
1346 202 1413 242 alis
1433 203 1618 250 extenfis,
1646 204 1685 243 in
1701 204 1843 245 vertice
1858 218 1971 248 mons
1987 221 2076 249 cum
2093 209 2255 265 templo.‘

186 279 202 304 1
215 279 298 305 MP.
330 281 365 306 c.
396 281 461 307 vo
475 283 539 309 Lo
553 282 571 307 s
587 284 605 309 s
620 284 634 309 1
650 286 672 311 A
690 286 717 310 N
734 288 759 312 ν
773 288 807 314 s.
837 289 872 315 Ρ.
903 290 941 316 Ρ.
973 290 999 316 Α
1016 292 1042 316 ν
1056 292 1096 318 G.
1125 279 1259 332 Caput
1276 278 1476 319 Volusiani
1495 281 1715 322 laureatum.

242 335 264 360 c
278 335 302 359 o
318 335 352 361 L.
388 336 415 360 N
429 337 451 361 r,
466 338 492 384 {³
508 339 566 384 no
581 340 604 364 L
620 339 646 365 1.
678 328 833 368 Colonia
851 330 1058 385 Neapolis,
1087 334 1147 374 vel
1166 333 1439 387 Neapolitana.
1470 335 1581 376 Idem
1607 350 1742 392 typus,
1769 338 1810 378 in
1833 352 1916 393 quo
1934 340 2082 382 Silenus
2102 342 2123 383 ὲ
2139 342 2291 387 sinistris

296 389 420 416 utrem
438 379 627 420 hircinum
645 381 807 425 humero
824 386 922 426 latvo
939 401 1087 441 gerens.
1817 419 1819 423 ⁴

217 453 300 522 YHi
326 455 407 516 duo
436 456 636 521 Volusiani
661 463 809 503 nummi
833 463 882 504 ad
905 464 1119 520 Neapolim
1144 468 1321 508 Samaria:
1340 467 1552 522 pertinent,
1580 468 1685 510 idem
1703 470 1784 512 fere
1810 484 1944 527 typus,
1975 477 2014 514 δε
2033 475 2170 516 eadem
2187 477 2292 519 urbis

185 509 376 572 Neapolis
392 513 598 575 appellatio
616 516 657 555 id
677 517 791 578 plane
808 520 1038 563 confirmant
1054 543 1065 569 3
1094 523 1158 564 sed
1176 539 1243 564 cur
1261 538 1360 564 unus
1378 537 1558 563 nummus
1575 524 1733 573 Graece‚
1762 528 1857 569 alter
1875 529 2033 576 Latine,
2061 543 2103 572 ut
2128 532 2168 571 in
2193 532 2291 574 Tre-

185 565 354 606 boniano
374 580 480 620 patre
496 569 654 631 scriptus
673 577 737 618 iit,
767 589 846 635 non
865 577 935 616 alia
953 578 1100 619 ratione
1122 579 1264 620 fanum
1286 580 1359 626 est,
1388 579 1456 619 nifi
1475 579 1701 631 sculptorum
1719 584 1882 630 incuria,
1911 585 1980 638 qui
2008 598 2097 626 ante
2120 588 2214 628 otto
2229 588 2292 630 vel

183 634 328 682 novem
351 636 473 662 annos
491 626 710 689 priusquam
729 629 928 684 Philippus
949 634 1081 674 urbem
1106 635 1316 676 Coloniam
1338 635 1608 684 consummet,
1637 637 1706 678 sub
1738 639 1928 680 Gordiani
1955 640 2124 694 Imperio
2150 643 2291 686 Graece

181 674 342 718 scribere
358 678 541 742 solebant.
570 684 895 745 Aquilalrnperii
913 688 1084 730 Romani
1104 691 1272 745 insigne,
1301 707 1322 732 a
1339 693 1517 733 Coloniis
1545 694 1643 747 saepe
1666 693 1925 747 usurpabatur.
1965 696 2089 737 Mons
2116 698 2291 740 Garizim

183 745 374 793 perpetuo
390 748 429 795 in
441 734 637 796 ’Neapolis
656 740 757 801 urbis
772 745 938 784 nummis
955 746 1178 792 exhibetur,
1207 746 1332 788 forsan
1348 748 1398 787 ad
1415 747 1530 802 ipfius
1548 763 1635 789 cum
1653 750 1825 804 plurimis
1842 750 1921 790 aliis
1937 751 2107 804 ejusdem
2125 755 2292 796 nominis

183 787 340 852 oppidis
363 789 658 852 distinc‘tionem.
695 795 843 837 Silenus
866 799 904 839 in
929 801 1133 853 posteriori
1161 816 1323 842 nummo
1349 803 1405 842 sui
1431 803 1577 844 cultum
1602 804 1775 858 Neapoli
1793 804 1954 852 indicat,
1984 819 2027 847 ut
2050 808 2088 848 in
2108 808 2292 864 Philippo

183 843 339 884 §eruore
357 858 435 897 Jam
458 847 634 888 vidimus.
663 849 786 890 Hunc
803 867 1005 894 nummum
1023 856 1193 912 vulgavit
1213 857 1401 899 Ostavius
1417 859 1550 900 Strada
1568 874 1652 914 pag.
1677 866 1764 901 126.
1783 875 1872 901 cum
1896 860 2142 916 inscriptione
2160 865 2294 907 mutila

185 911 209 936 c
221 911 246 936 o
262 913 298 938 L.
330 913 358 960 N
374 914 396 939 E
410 915 445 961 ivi
457 915 483 940 o
498 916 519 941 r:
540 916 612 964 pro
628 918 658 943 N
670 920 693 944 E
709 920 734 945 A
749 921 769 946 Ρ
781 922 806 947 0
819 923 856 949 L.
877 924 996 963 quem
1014 912 1106 953 ideo
1122 913 1239 953 Corn.
1259 913 1540 955 Mediobarbus
1560 930 1645 970 pag.
1673 922 1760 969 362.
1780 917 1880 957 inter
1905 917 2048 958 incerta
2065 920 2294 963 numismata

184 953 371 1032 relegavit)
386 970 393 994 ε
406 1012 411 1018 ,
424 957 527 1016 idem
544 970 658 1021 etiam
677 962 730 1001 est
751 976 869 1015 quem
887 966 1002 1007 Occo
1023 982 1225 1022 perperam
1243 983 1331 1025 pag.
1347 984 1443 1024 403.
1487 971 1693 1027 Elagabalo
1721 972 1869 1019 tribuit,
1897 973 1986 1012 cum
2005 973 2193 1028 Neapolis
2209 977 2294 1017 Co-

182 1006 287 1049 loma
305 1012 360 1071 a‘l
376 1012 523 1066 lnlippo
543 1015 700 1056 Seniore
716 1018 881 1060 dedu&a
900 1021 963 1068 fit,
995 1036 1037 1064 ut
1053 1024 1230 1064 diximus.
1269 1026 1327 1065 Ex
1354 1026 1520 1067 Occone
1544 1040 1712 1067 errorem
1739 1027 1853 1067 Com.
1884 1028 2164 1072 Mediobarbus
2185 1035 2224 1072 δε
2247 1033 2292 1075 Ρ.

185 1060 412 1107 Hardumus
426 1081 511 1122 pag.
537 1082 625 1123 343.
646 1071 872 1122 hauserunt,
900 1077 965 1117 sed
980 1077 1329 1127 illenummumad
1342 1082 1556 1136 Neapolim
1573 1082 1793 1123 Africanam
1809 1084 2015 1125 revocavit.

241 1140 409 1210 Uterque
424 1151 807 1212 nummus-mediocris
823 1154 963 1195 moduli
972 1167 1044 1210 pro
1059 1172 1144 1197 raro
1162 1158 1370 1200 habendus.
1401 1161 1520 1201 Prior
1536 1160 1560 1200 ιὶ
1583 1162 1730 1202 Patina
1736 1161 1812 1212 sub
1833 1162 2007 1204 Phaneae
2022 1163 2125 1206 urbis
2146 1167 2295 1208 nomine

185 1209 270 1239 cum
284 1201 374 1244 alus
390 1205 639 1260 Antqumrns
651 1206 750 1249 male
768 1209 895 1250 editas
901 1221 993 1265 pag.
1010 1225 1102 1265 400.
1113 1214 1290 1268 posterior
1307 1215 1396 1256 vero
1414 1217 1462 1258 ab
1484 1217 1570 1258 Οἱῗ.
1589 1217 1732 1259 strada
1741 1230 1829 1273 pag.
1854 1232 1868 1259 1
1880 1223 1943 1259 26.

949 1315 1367 1363 TROAS.

184 1907 200 1935 1
213 1908 249 1934 M
261 1908 295 1935 P.
328 1910 363 1936 c.
397 1909 422 1935 ν
436 1909 451 1934 1
464 1909 499 1935 13.
529 1910 555 1935 o
570 1910 595 1935 A
609 1911 634 1937 L
646 1910 684 1937 L.
714 1911 741 1938 ν
752 1910 778 1937 o
790 1909 815 1937 L
829 1910 856 1936 ν
869 1910 888 1937 s
903 1911 918 1937 1
933 1911 958 1937 A
974 1911 1004 1937 N
1017 1911 1044 1937 ν
1057 1911 1090 1937 s.
1126 1898 1261 1952 Caput
1280 1896 1482 1938 Volusiani
1501 1897 1725 1938 laureatum.

240 1966 263 1991 c
273 1965 298 1990 o
313 1966 349 1992 L.
384 1965 411 1991 A
426 1966 450 1992 v
465 1965 504 1992 G.
538 1967 562 1992 T
577 1967 602 1993 R
617 1967 643 1992 o
659 1967 685 1992 A
699 1967 736 1992 D.
768 1952 923 1994 Colonia
938 1952 1112 2008 Augusta
1127 1953 1356 2005 Troadensis.
1394 1953 1507 2008 Lupa
1522 1968 1612 1995 cum
1632 1951 1800 2008 puerulis
1817 1950 1995 1992 Romulo
2011 1952 2050 1991 δε
2069 1950 2214 1993 Remo.

235 2029 364 2071 Troas
382 2031 470 2071 urbs
486 2031 662 2087 Phrygiae
676 2032 859 2079 minoris,
888 2032 1058 2075 Colonia
1075 2033 1124 2073 ab
1144 2033 1323 2088 Augusto
1344 2032 1441 2083 fasta
1457 2033 1512 2074 est
1529 2034 1567 2073 in
1584 2031 1811 2074 memoriam
1830 2030 1916 2084 Iulii
1932 2030 2069 2084 patris,
2097 2030 2165 2084 qui
2180 2029 2301 2070 Ilien:

181 2085 239 2127 ses
259 2086 387 2126 multis
407 2086 601 2127 beneficiis
618 2088 906 2136 cumulaverat,
936 2089 1030 2130 teste
1047 2089 1235 2131 Strabone
1253 2090 1312 2131 lib.
1338 2103 1396 2144 13.
1415 2104 1498 2144 pag.
1522 2103 1612 2142 594.
1642 2094 1723 2128 Καθ’
1747 2093 1827 2137 ἡμεῖς
1849 2087 1904 2136 μῑξό
1924 2106 1963 2125 wi
1985 2089 2097 2138 Katane
2119 2089 2211 2133 6923:
2226 2088 2298 2124 πυλῦ

181 2144 273 2178 πλέον
302 2143 401 2175 οαίτῶν
433 2141 603 2184 ωῡιωᾶηστ
620 2165 629 2181 ,
664 2142 799 2188 ζηλώσας
827 2143 900 2188 οἶμαι
929 2143 978 2187 (ιὰ
1008 2146 1201 2191 Αλέξοωδῷον.
1241 2150 1364 2187 Eub&
1386 2146 1418 2190 fb
1441 2147 1478 2191 >ff
1500 2145 1658 2190 συγΓενεῖως
1681 2148 1834 2180 οἰνανὲωσ-ιν
1851 2167 1861 2182 ,
1892 2143 2006 2192 depono}
2030 2147 2163 2185 ωεςνοὲἶν
2188 2145 2301 2178 duran

182 2190 327 2236 Nostra
344 2198 460 2230 atate
478 2191 541 2230 D.
561 2190 688 2242 Caesar
708 2190 815 2245 longe
835 2191 1012 2242 majorem
1029 2193 1110 2246 ejus
1120 2195 1426 2244 procurationem
1433 2192 1564 2246 gessit,
1577 2192 1696 2241 szmul
1710 2193 1757 2234 ὢ
1775 2191 2045 2231 Alexandrum
2061 2193 2230 2232 imitans.
2257 2190 2305 2232 Is

182 2248 282 2287 enim
298 2243 346 2289 &¹
363 2254 408 2285 ut
428 2247 685 2300 cognationem
704 2254 906 2285 renovaret
910 2245 988 2296 sebi
1004 2258 1089 2285 cum
1107 2245 1301 2295 llienfibus
1323 2247 1617 2285 intercedentem
1641 2249 1807 2286 animum
1830 2246 1884 2286 ad
1909 2260 2032 2286 eorum
2042 2248 2302 2299 patrocinium

181 2302 337 2357 appulit.
366 2300 443 2341 Illis
460 2312 590 2341 autem
610 2314 744 2356 agrum
759 2301 951 2346 attribuit,
980 2305 1019 2340 Sc
1035 2299 1271 2346 libertatem,
1300 2300 1619 2354 publicarumque
1634 2315 1839 2355 operarum
1856 2301 2139 2342 immunitatem
2156 2302 2211 2342 eis
2226 2301 2302 2342 ser-

180 2358 307 2405 vavit,
336 2370 433 2411 quas
450 2357 539 2410 ipsis
557 2356 746 2398 Claudius
761 2355 1004 2397 confirmavit
1021 2375 1034 2402 3
1062 2355 1155 2395 ideo
1171 2369 1354 2395 nummos
1369 2356 1482 2396 novis
1502 2356 1803 2411 Imperatoribus
1819 2356 1997 2404 dedicare
2014 2356 2205 2404 solebant,
2232 2370 2301 2397 eo-

182 2427 267 2454 rum
287 2413 448 2470 gratiam
471 2413 539 2453 fibi
560 2412 760 2454 conciliare
779 2412 857 2453 hoc
877 2410 1053 2465 obsequii
1075 2422 1331 2451 monumento
1358 2411 1566 2452 studentes.
1603 2412 1738 2466 Lupa,
1768 2412 1922 2452 solenne
1952 2412 2007 2453 est
2031 2412 2301 2454 Romanarum

182 2471 440 2512 Coloniarum
459 2469 695 2523 symbolum,
724 2482 812 2522 quae
830 2468 869 2509 se
888 2467 1053 2508 eandem
1070 2481 1189 2522 quam
1205 2467 1338 2508 Roma
1354 2467 1544 2524 originem
1564 2467 1707 2509 habere
1723 2467 1995 2524 gloriabantur.

237 2550 322 2592 Hic
337 2563 510 2591 nummus
527 2547 835 2603 minimaeformqe
846 2558 916 2601 pro
932 2546 1242 2602 rarofignandus.

189 3311 206 3338 1
219 3310 254 3337 M
268 3311 299 3336 P.
330 3310 363 3336 c.
396 3308 430 3334 c.
461 3306 487 3333 v
502 3305 516 3332 ι
529 3306 561 3332 Β.
595 3304 621 3331 ν
635 3304 660 3330 o
673 3305 698 3330 L
712 3304 737 3330 ν
752 3302 770 3329 s
784 3302 799 3328 1
814 3302 840 3328 A
853 3300 883 3327 N
896 3300 923 3327 v
937 3299 967 3327 s.
997 3299 1026 3326 A
1043 3300 1065 3327 v
1079 3299 1118 3326 G.
1156 3284 1290 3338 Caput
1307 3281 1510 3324 Volusiani
1527 3280 1748 3322 laureatum.

245 3367 269 3393 c
279 3366 303 3392 o
314 3367 352 3391 L.
383 3364 408 3390 T
423 3363 448 3389 Y
463 3363 494 3389 R
506 3363 546 3388 o.
578 3360 615 3387 Μ
627 3361 651 3385 E
666 3360 690 3385 T
705 3360 736 3386 n
748 3359 789 3385 o.
821 3342 976 3385 Colonia
993 3342 1108 3394 Tyros
1123 3338 1358 3393 Metropolis.
1388 3338 1540 3378 Astarte
1556 3336 1717 3378 tutulata
1735 3335 1833 3376 stans
1852 3334 2026 3376 dextram
2040 3335 2208 3390 imponit
2223 3338 2300 3378 tro-4

299 3406 437 3460 phaeo,
468 3404 610 3444 sinistra
625 3403 835 3456 scipionem
855 3415 862 3439 :
890 3399 912 3439 a
930 3397 1080 3439 finistris
1096 3395 1269 3439 Vistoria
1285 3393 1474 3436 columnae
1488 3392 1666 3449 imposita
1682 3393 1718 3432 ei
1733 3405 1917 3432 coronam
1933 3392 2113 3447 porrigit,
2140 3405 2214 3445 pro
2227 3404 2297 3445 pe-

299 3462 413 3502 dibus
429 3460 512 3513 ejus
529 3459 620 3500 hinc
638 3459 808 3504 Silenus,
836 3455 929 3496 inde
945 3453 1220 3508 Conchylium.

242 3541 375 3596 Tyrus
391 3537 601 3578 Phoeniciae
616 3537 785 3578 Colonia
806 3540 845 3576 &
861 3533 1116 3587 Metropolis,
1146 3531 1330 3586 plurimos
1345 3528 1507 3585 quidem
1519 3527 1773 3569 Treboniano
1788 3526 1884 3587 patri
1907 3538 2089 3587 nummos
2108 3521 2301 3579 percuffit,

190 3598 243 3639 ita
261 3601 298 3637 ὃς
317 3592 528 3635 Volufiano
549 3593 626 3633 filio
645 3590 821 3638 de'dicat,
848 3591 898 3630 ad
915 3603 1051 3630 eorum
1071 3602 1190 3643 opem
1208 3598 1342 3628 contra
1361 3585 1490 3626 Persas
1506 3584 1724 3637 provincias
1744 3581 1812 3621 sibi
1827 3593 2084 3621 conterminas
2096 3579 2298 3642 'devastan-

191 3667 250 3694 tes
269 3647 548 3706 implorandam
562 3675 573 3694 ‚
603 3649 653 3689 de
674 3649 814 3703 quibus
827 3646 1071 3700 Pomponius
1086 3645 1214 3685 Laetus
1232 3658 1240 3682 z
1271 3641 1367 3695 Jam
1386 3643 1428 3681 in
1443 3640 1592 3692 viscera
1612 3638 1643 3678 S
1640 3640 1728 3685 yriae
1739 3644 1939 3691 penetrant
1952 3634 2101 3675 Partht
2113 3661 2126 3680 ,
2155 3630 2203 3677 ὠ
2220 3636 2300 3674 Ar-

193 3710 339 3748 menim
383 3713 496 3760 legato
516 3704 807 3757 RegeTiridate
831 3710 1015 3756 occupant
1031 3720 1044 3748 ‚¹
1071 3700 1181 3754 cujus
1199 3697 1307 3738 liberi
1322 3696 1484 3747 hostibus
1495 3695 1541 3748 [ὲ
1557 3692 1747 3734 dederunt.
1787 3692 1938 3752 Astarte
1959 3690 2022 3730 seu
2039 3688 2176 3751 Venus
2196 3689 2296 3750 Coe-
2463 3703 2491 3738 ⁵5

194 3764 295 3804 lestis
311 3762 409 3814 Tyri
427 3761 512 3800 Dea
531 3759 695 3800 tutelaris
713 3760 789 3805 est,
815 3758 909 3800 ideo
924 3756 1147 3811 frequentes
1163 3753 1246 3807 ejus
1264 3752 1443 3793 Coloniae
1460 3750 1610 3792 nummi
1631 3748 1878 3810 simulacrum
1889 3745 2007 3800 ipsius
2027 3744 2231 3806 exhibent3
2258 3743 2303 3784 11-

192 3819 228 3858 la
246 3817 423 3871 troph-„to
437 3825 595 3856 manum
608 3814 795 3867 imponit,
825 3828 907 3855 non
918 3813 968 3854 ad
981 3809 1224 3853 indicandam
1232 3808 1472 3850 Treboniani
1486 3807 1730 3860 Imperatoris
1744 3802 1944 3842 weronam
1961 3801 2011 3840 de
2026 3800 2198 3841 Barbaris
2213 3799 2300 3839 Sar-

193 3873 348 3915 matiam
368 3872 594 3926 Europaeam
611 3869 886 3917 incolentibus,
915 3882 1015 3924 quos
1031 3881 1127 3923 pace
1145 3879 1233 3908 cum
1251 3865 1294 3906 iis
1312 3864 1409 3907 inita
1421 3864 1460 3904 in
1477 3862 1653 3916 regiones
1669 3858 1750 3899 suas
1765 3857 1828 3898 ille
1843 3855 2135 3903 amandaverat,
2161 3852 2303 3951 [ἳῇξέ

2455 4134 2491 4219 RQ
2459 4029 2491 4147 '‘ffirm-
2463 4013 2491 4054 {A
2461 3985 2466 3993 ²
