2574 4214
924 165 1521 215 AUGUSTU&
2207 173 2270 219 ‘25'

186 245 620 284 1MP.Av<;vs1·vs
651 239 833 276 prii-niz
863 246 1129 275 PATRIAE.
1172 233 1722 290 CaputAugustilaurea‘tum.
1901 272 1904 273 ⁷
2066 274 2072 278 ,
2241 189 2264 234 5

237 308 321 337 Mv.
351 309 387 335 c.
421 308 454 334 1.
486 307 524 333 L.
555 306 583 331 v
597 305 622 331 A
638 306 663 331 L
675 306 698 331 E
712 304 743 330 N
754 305 780 330 τ
799 304 811 329 i
828 303 859 329 N
872 303 898 329 o
933 305 971 330 L.
1003 303 1034 329 N
1048 304 1074 329 o
1085 303 1144 330 vo
1173 301 1194 335 ,t
1212 303 1244 330 1.
1274 303 1300 331 v
1313 304 1329 330 1
1344 303 1389 330 R.
1415 289 1672 343 Minicifium
1685 287 1885 343 Calaguris
1894 286 2022 339 Julia.
2052 289 2175 330 Lucio
2192 290 2273 332 Va·-

291 350 455 395 lentino,
482 347 604 387 Lucio
619 360 716 386 novo
733 346 986 386 Duumviris.
1015 346 1106 385 Bos.

237 427 466 468 Valentinus
482 429 520 465 δε
535 424 677 465 Novus
696 424 1003 464 Duumvirorum
1023 425 1111 464 cum
1131 422 1204 465 fint
1223 423 1477 479 cognomina,
1506 436 1642 463 eorum
1660 421 1818 464 familias
1840 424 1994 465 noscere
2014 438 2094 464 non
2112 423 2167 464 est
2184 423 2274 465 faci-

183 483 220 525 le
236 511 248 531 ‚
278 483 345 523 nisi
362 482 509 522 nummi
526 480 727 534 ampliores
745 493 808 520 eas
828 479 941 519 nobis
957 479 1214 533 suppeditent.
1252 480 1482 519 Valentinus
1497 506 1510 524 ,
1539 492 1760 534 cognomen
1776 479 1914 520 Tulliae
1930 485 1967 520 &
1989 479 2150 521 Valeriae
2166 480 2273 534 genti

183 539 373 580 familiare.
411 536 526 577 Novi
550 535 730 589 frequens
751 535 790 574 in
816 531 1128 587 Inscriptionibus
1152 535 1310 575 Gruteri
1335 535 1490 575 mentio.
1536 533 1704 573 Nummi
1723 537 2019 589 cognominibus
2041 536 2191 575 tantum
2217 536 2275 574 in-

182 595 310 636 struffl
328 621 341 640 ,
380 592 505 632 minus
534 593 742 645 probantur
769 590 886 644 quam
910 589 971 629 alii
995 591 1066 641 qui'
1089 589 1248 630 familias
1270 590 1498 630 enuntiant:
1535 588 1588 629 illi
1615 591 1718 630 enim
1746 594 1786 629 in
1812 591 2091 644 Imperatorum
2121 590 2214 629 serie
2235 593 2275 630 δε

183 650 333 690 urbium
365 647 539 702 catalogo
572 647 722 687 tantum
753 645 891 699 reponi
926 644 1082 699 possunt
1101 664 1114 691 3
1155 645 1197 685 hi
1220 646 1315 685 vero
1345 648 1383 686 ὅ(
1410 645 1451 684 in
1479 643 1706 686 familiarum
1732 647 1900 687 nummis
1932 659 2115 701 praeterea
2139 644 2272 689 locum

183 705 335 746 habent.

237 781 320 822 Hic
335 795 505 822 nummus
523 780 652 821 mediae
670 777 944 835 magnitudinis
960 776 1098 819 obvius
1115 777 1175 831 est.

182 1349 220 1390 ’Μ
232 1359 272 1386 v.
303 1359 326 1386 c
339 1358 364 1384 A
379 1358 416 1386 L.
450 1358 466 1385 1
481 1358 510 1385 v
521 1344 560 1385 L'.
590 1344 847 1400 Minicipium
863 1344 1066 1399 Calaguris
1082 1342 1212 1396 Julia.
1241 1344 1375 1397 Caput
1388 1340 1551 1397 Augusti
1570 1342 1646 1384 fine
1662 1342 1798 1384 laurea.

234 1410 272 1442 ὀ
305 1414 332 1441 v
345 1416 371 1440 A
386 1416 411 1441 L
423 1414 447 1440 Ε
459 1414 489 1441 R
504 1414 536 1441 1.
569 1416 605 1442 c.
636 1415 660 1442 F
674 1415 697 1440 E
711 1414 741 1440 Ν
758 1415 791 1441 1.
825 1414 840 1440 1
859 1414 892 1440 1.
925 1414 951 1440 v
969 1413 984 1439 1
1002 1413 1046 1440 R.
1075 1401 1168 1439 Caio
1187 1398 1358 1446 Valerio,
1381 1399 1475 1438 Caio
1492 1397 1608 1438 Fenio
1625 1398 1879 1440 Daumvz‘ris'.
1908 1396 1998 1439 Bos.

237 1479 390 1520 Valeria
409 1493 502 1535 gens
523 1481 544 1520 ὲ
564 1479 711 1521 Sabinis
727 1478 913 1524 oriunda,
940 1478 980 1518 in
999 1477 1229 1531 patricias&
1245 1476 1413 1530 plebeias
1430 1475 1548 1516 divisa
1568 1475 1634 1516 est.
1672 1473 1813 1523 Fenia‚
1829 1477 1966 1530 parum
1983 1486 2097 1524 nota;
2125 1460 2273 1531 Penius

180 1534 311 1576 Rufus
329 1535 529 1576 Praeseslms
547 1539 745 1582 Annonae,
773 1532 915 1575 deinde
930 1532 1103 1574 Praetorii
1118 1532 1186 1571 sub
1204 1532 1367 1571 Nerone
1379 1558 1392 1578 ,
1419 1530 1526 1585 apud
1542 1530 1724 1572 Tacitum
1740 1530 1803 1571 lib.
1820 1544 1880 1585 13.
1896 1535 1935 1570 δε
1952 1545 1967 1571 1
1980 1545 2013 1584 5.

236 1613 320 1655 Hic
336 1629 505 1656 nummus
511 1615 688 1668 secundae
694 1614 837 1669 jormae
852 1613 897 1653 ob
916 1626 1047 1654 nomen
1062 1609 1190 1654 Fenjae
1197 1613 1329 1667 gentis
1349 1612 1449 1652 inter
1463 1610 1623 1651 rariores
1637 1609 1919 1666 computandus,

134 2196 138 2200 ⁵
180 2198 216 2247 k
228 2202 253 2244 A
268 2202 288 2243 's
301 2215 320 2244 s
334 2211 350 2243 1
361 2216 384 2244 c
397 2200 441 2243 Αἶ
479 2201 614 2256 Caput
630 2194 796 2256 Augusti
814 2198 893 2242 fine
909 2195 1050 2244 laurea?
1087 2227 1089 2229 v
1214 2254 1216 2256 ,

185 2256 189 2260 ’
235 2271 274 2299 Μ
286 2272 325 2300 v.
358 2267 420 2300 'cA
433 2273 472 2299 L.
506 2271 523 2298 1
538 2271 565 2298 v
578 2272 617 2298 L.
652 2258 909 2312 Municipium
928 2257 1131 2314 Calaguris
1146 2253 1279 2311 Julia.
1315 2255 1410 2298 Bos]

179 2367 183 2373 -
232 2337 345 2378 Fulv.
367 2336 532 2378 Urfinus
549 2338 589 2377 in
604 2335 735 2376 Illustr.
758 2338 877 2392 Imag.
891 2336 1066 2390 Joannes
1088 2336 1214 2378 Faber
1235 2336 1318 2389 ejus
1335 2337 1655 2382 Commentator,
1683 2335 1720 2375 ὃ(
1741 2335 1782 2375 Ρ.
1796 2334 1983 2391 Seguinus
2000 2351 2085 2393 pag.
2100 2350 2165 2389 94.
2178 2336 2274 2380 edit:

182 2406 218 2434 2.
236 2406 316 2434 non
336 2393 498 2449 Augusti
523 2405 640 2447 caput
662 2394 701 2433 in
727 2392 804 2433 hoc
829 2393 1050 2446 Municipio
1072 2394 1221 2447 percuti
1245 2391 1396 2433 solitum
1413 2419 1427 2438 ,
1456 2392 1521 2432 sed
1540 2392 1661 2432 Corn.
1679 2391 1868 2445 Scipionis
1885 2391 2050 2432 Naflicae
2065 2420 2077 2440 ,
2105 2394 2173 2447 qui
2192 2392 2273 2435 tan&

179 2462 298 2502 quam
318 2449 374 2489 vir
391 2448 561 2502 optimus
580 2448 718 2490 Matris
737 2462 884 2505 magnae
909 2447 1069 2503 figuram
1088 2447 1308 2489 Pessinunte
1333 2448 1504 2488 Romam
1533 2461 1634 2487 anno
1661 2447 1714 2486 U.
1734 2448 1782 2487 C.
1808 2460 1895 2498 549·
1922 2447 2149 2501 asportatam
2167 2451 2275 2490 exce-v

178 2505 237 2558 pit
252 2531 264 2550 ‚
291 2503 458 2559 effigiem
473 2503 549 2544 'esse
565 2516 770 2558 putarunt,
801 2518 919 2558 quam
934 2505 974 2543 in
993 2505 1075 2558 ejus
1091 2505 1318 2544 memoriam
1336 2503 1357 2542 a
1374 2503 1547 2557 quodam
1566 2502 1786 2542 Triumviro
1807 2502 1989 2557 signatam
2011 2505 2123 2544 tradit
2139 2505 2275 2546 Faber.

180 2559 384 2611 Verifimile
403 2558 453 2611 est
472 2587 484 2606 ‚
513 2560 640 2613 inquit
658 2587 670 2607 ‚
699 2560 800 2615 quod
819 2561 1003 2615 quispiam
1032 2559 1212 2601 Cornel'iae
1241 2557 1403 2611 familiae
1419 2586 1432 2605 ‚
1460 2559 1571 2614 cujus
1589 2559 1636 2601 &⁹
1654 2557 1810 2608 Naffica
1826 2559 1914 2607 fuit
1930 2585 1943 2605 ,
1970 2558 2061 2600 cum.
2077 2557 2274 2600 monetalis

177 2615 376 2654 Triumvir
399 2614 487 2666 effet
501 2638 514 2655 ,
548 2617 590 2653 in
612 2618 825 2663 memoriam
851 2615 1003 2664 honoris
1015 2614 1184 2668 familiae
1197 2614 1283 2666 suae
1308 2614 1448 2654 tributi
1465 2627 1654 2653 nummum
1673 2613 1774 2653 hunc
1784 2614 2016 2666 percuſjerit.
2054 2615 2144 2655 Vox
2168 2615 2274 2667 Nafi

165 2669 250 2730 fica
261 2671 374 2763 dcirca
401 2679 518 2722 caput
545 2666 710 2723 Augusti
735 2669 941 2723 persuasit:
984 2675 1052 2710 cur
1081 2681 1212 2710 autem
1241 2670 1302 2710 illa
1327 2671 1367 2710 in
1391 2668 1591 2723 Calaguris
1620 2667 1908 2709 numismatibus
1938 2669 2111 2723 apposita
2132 2696 2144 2716 ,
2183 2684 2276 2724 ape-

176 2737 259 2766 rien
291 2737 365 2764 um.

233 2777 390 2829 Naffica
406 2804 418 2825 ‚
446 2788 526 2819 no'n
546 2777 616 2818 viri
633 2792 777 2826 nomen
794 2805 808 2825 ,
835 2778 900 2819 sed
919 2778 1020 2819 urbis
1036 2787 1256 2835 cognomen
1273 2778 1349 2826 est,
1378 2789 1422 2818 ut
1438 2791 1485 2817 ex
1502 2777 1628 2817 Plinio
1646 2776 1709 2816 lib.
1727 2790 1761 2830 3.
1781 2792 1864 2832 cap.
1881 2791 1916 2832 3.
1937 2777 2079 2832 liquet,
2109 2779 2176 2832 qui
2195 2780 2272 2820 Ca-

177 2834 409 2890 laguritanos
425 2833 593 2888 appellat
609 2833 652 2873 N
655 2833 799 2874 afficos.
841 2834 1128 2887 Calaguritani,
1156 2835 1303 2888 inquit,-
1330 2835 1396 2888 qui
1412 2831 1560 2883 Nafficz·
1576 2832 1893 2886 cognominantur.
1931 2834 2057 2888 Qod
2072 2833 2273 2876 confirmat

177 2903 287 2931 vetus
304 2889 500 2943 inscriptio
520 2889 626 2943 apud
649 2888 894 2936 Ambrosium
916 2890 1098 2930 Morales.
1137 2903 1173 2929 M
1186 2904 1212 2928 v
1225 2903 1269 2929 N.
1300 2904 1322 2929 c
1336 2903 1364 2928 A
1378 2903 1403 2928 L
1417 2902 1443 2929 A
1459 2902 1484 2928 G
1498 2902 1524 2928 v
1537 2902 1568 2928 R
1582 2902 1596 2927 1
1612 2902 1630 2927 s
1662 2902 1677 2927 1
1694 2902 1719 2927 v
1733 2903 1757 2928 L
1773 2902 1788 2927 1
1806 2902 1834 2927 A
1867 2902 1897 2928 N
1913 2903 1938 2928 A
1955 2903 1972 2928 s
1987 2902 2006 2927 s
2024 2903 2039 2928 1
2057 2904 2079 2928 c
2093 2903 2133 2928 A.
2173 2890 2272 2931 Haec

175 2943 264 2986 ¹urbs
281 2945 418 2999 pariter
438 2943 640 2998 Calaguris
658 2943 775 2996 Julia
798 2943 956 2995 Naffica
981 2945 1003 2985 ἓι
1024 2945 1139 2999 Joan.
1164 2945 1275 2985 Fran.
1297 2944 1454 2983 Andrea
1473 2942 1535 2983 lib.
1557 2943 1607 2983 de
1628 2943 1750 2984 Patria
1773 2944 1809 2983 S.
1830 2944 2025 2984 Laurentii
2049 2945 2270 2997 appellatur.

108 3033 110 3035 -
173 3000 238 3042 Ut
249 3000 446 3055 Calaguris
464 3000 516 3040 ob
531 2999 697 3053 aliquam
714 3001 994 3041 immunitatem
1012 3000 1151 3055 aJulio
1162 3001 1313 3041 Caesare
1332 3011 1527 3054 acceptam
1542 3025 1553 3044 ‚
1581 2998 1706 3051 Juliae
1723 3013 1867 3039 nomen
1884 3000 2038 3044 habuit,
2067 2999 2117 3039 fic
2138 3000 2189 3040 ob
2207 3001 2271 3042 bess-

174 3055 353 3097 neficium
372 3053 440 3108 ipsi
459 3055 480 3094 a
501 3054 623 3094 Corn·
641 3055 822 3109 Scipione
842 3056 1044 3102 collatum,
1074 3055 1232 3107 Nffca
1251 3055 1299 3095 ab
1315 3055 1397 3108 ejus
1411 3056 1642 3110 cognomine
1657 3054 1807 3095 videtur
1824 3066 2064 3108 nuncupata,
2095 3055 2187 3095 dum
2209 3056 2271 3097 ille

174 3112 317 3153 Praetor
330 3110 554 3164 Hispaniam
572 3107 850 3152 administraret
861 3139 874 3159 ,
901 3123 946 3153 ut
961 3111 1077 3153 refert
1092 3112 1222 3152 Livius
1240 3112 1304 3152 lib.
1320 3124 1342 3163 5
1366 3111 1461 3152 Dec.
1472 3124 1510 3163 4.
1540 3110 1650 3151 Sext.
1669 3111 1853 3164 ‘Digitius
1864 3111 2017 3149 ‘Pr-ator
2027 3112 2067 3148 in
2079 3110 2273 3165 Hispania

175 3168 345 3207 citeriore
361 3165 487 3205 crebra
505 3167 625 3220 magis
641 3165 753 3222 quam
765 3167 881 3222 digna
892 3167 1158 3221 praeliafecit,
1184 3168 1347 3222 adeoque
1355 3166 1538 3222 pleraque
1553 3165 1714 3217 adversa
1725 3194 1736 3212 ‚
1764 3174 1807 3205 ut
1817 3167 1890 3204 vix
1902 3165 2099 3206 dimidium
2107 3167 2272 3207 militum

173 3221 286 3278 quam
303 3221 405 3275 quod
414 3229 607 3275 acceperat
624 3248 637 3268 ,
652 3221 854 3274 fitcceffori
874 3223 1078 3263 tradiderit
1095 3242 1107 3270 3
1136 3237 1204 3263 nec
1219 3223 1373 3263 dubium
1390 3223 1440 3276 est
1455 3226 1548 3278 quin
1565 3225 1683 3262 omnis
1703 3221 1893 3274 Hispania
1900 3220 2106 3272 fiiolatura
2126 3226 2270 3263 animos

161 3278 292 3331 fuerit
304 3304 315 3323 ,
343 3278 385 3316 ni
400 3275 497 3316 alter
516 3276 568 3316 ‘P.
588 3277 785 3317 Cornelius
803 3278 871 3317 Cn.
891 3277 935 3318 F.
954 3279 1077 3333 Scipio
1095 3287 1204 3319 trans
1221 3278 1370 3319 Iberum
1384 3279 1505 3318 multa
1510 3278 1682 3330 secunda
1690 3276 1828 3330 pratia
1842 3275 1988 3328 fec-iffi&
2004 3306 2015 3324 ‚
2043 3293 2114 3334 quo
2131 3287 2269 3332 tempo-

173 3347 213 3373 re
236 3347 308 3372 non
328 3331 453 3371 minas
476 3333 755 3387 quinquaginta
774 3333 907 3388 oppida
930 3334 986 3374 ad
1000 3348 1084 3374 eum
1099 3333 1326 3388 defecerunt.
1368 3334 1462 3374 Hoc
1479 3345 1653 3387 tempore
1674 3331 1931 3385 Municipium
1950 3333 2150 3385 Calaguris
2162 3334 2266 3375 facia

173 3389 249 3434 cst,
279 3386 533 3440 beneficiique
549 3401 696 3428 memor
708 3415 720 3434 ‚
748 3387 913 3440 Nafficae
929 3397 1074 3430 nomen
1092 3389 1306 3444 ass'umpfit,
1335 3393 1374 3429 ὃ(
1392 3389 1504 3430 ludos
1524 3402 1623 3443 quos
1646 3387 1776 3441 Scipio
1792 3388 1889 3428 inter
1903 3387 2019 3442 hujus
2036 3378 2176 3445 pugnae
2194 3390 2266 3431 dis-

171 3444 315 3484 crimen
330 3453 510 3489 voverat,
538 3443 762 3490 'celebravit5
790 3456 834 3485 ut
852 3458 899 3484 ex
916 3444 1056 3486 eodem
1070 3445 1183 3486 Livio
1203 3445 1267 3485 lib.
1283 3458 1346 3500 34.
1363 3445 1494 3499 liquet.

228 3521 311 3561 Hic
325 3535 495 3562 nummus
513 3521 707 3563 mediocris
726 3521 866 3562 moduli
883 3523 970 3563 olim
985 3524 1027 3562 in
1042 3519 1186 3562 cimelio
1201 3523 1290 3563 Em.
1303 3521 1521 3564 Cardinalis
1537 3521 1583 3560 de
1598 3521 1765 3573 Maffimi
1783 3548 1793 3567 ‚
1821 3523 1921 3562 inter
1937 3522 2178 3576 elegantiores
2196 3523 2264 3564 ad-

170 3575 396 3626 scribendus.
425 3577 593 3617 Similem
610 3591 813 3617 nummum
834 3577 950 3618 refert
968 3577 1108 3618 Paulus
1126 3578 1278 3619 Merula
1294 3590 1387 3633 part.
1410 3591 1444 3616 2.
1463 3576 1525 3617 lib.
1544 3590 1578 3616 2.
1597 3591 1680 3630 cap.
1704 3590 1762 3627 14.
1782 3576 2061 3632 Colinograpli.
2100 3579 2150 3617 In
2170 3594 2261 3619 aereo

175 3632 333 3686 quodam
353 3645 499 3672 nummo
519 3631 656 3687 effi'gies
671 3633 721 3686 est
724 3634 893 3687 juvenis
908 3630 1071 3691 Augusti
1090 3635 1174 3673 cum'
1188 3634 1261 3673 hac
1276 3633 1513 3684 insiriptione
1542 3634 1571 3670 N
1586 3647 1610 3671 A
1629 3646 1647 3671 s
1662 3646 1680 3671 s
1696 3646 1710 3671 1
1723 3648 1745 3671 o
1759 3646 1785 3670 A
1806 3659 1818 3678 ,
1846 3636 1886 3672 in
1907 3633 2041 3685 aversa
2050 3632 2158 3686 fizcie
2177 3643 2261 3673 tau-

175 3685 509 3750 rusxestsculptus,
539 3687 675 3744 irffigne
690 3688 988 3743 Municipiorum
997 3716 1010 3735 ,
1038 3702 1121 3729 cum
1136 3688 1443 3741 inscriptionibm
1452 3707 1464 3734 3
1480 3688 1600 3740 supra
1616 3687 1765 3742 quidem
1777 3696 1927 3731 taurum
1944 3702 1966 3728 c
1983 3702 2004 3726 A
2021 3702 2045 3727 1.
2060 3701 2083 3728 A
2100 3701 2136 3727 G.
2155 3689 2260 3742 iufra

175 3753 264 3781 vero
296 3754 312 3781 1
327 3755 354 3783 v
365 3756 391 3782 L
407 3755 423 3782 1
439 3755 480 3783 A.

231 3975 334 4019 Yom.
362 3975 400 4021 I.
1604 3977 1645 4026 D
