2574 4214
864 141 1117 190 IND

170 207 188 241 a
196 204 311 240 Senatu
319 201 403 238 solus
417 201 668 251 Rempublicam
678 201 783 251 gerere
792 205 936 247 coaetus,
1099 223 1141 257 54

167 253 346 302 provincias
360 265 435 286 curn
450 255 519 301 ipio
539 253 670 299 partitus
679 251 742 292 est,
1064 258 1136 294 ibid,

146 326 148 330 ψ
168 302 227 350 ipsi
242 302 397 336 cudenda:
406 312 545 337 monetae
559 302 740 336 facultatem
753 302 904 348 reliquit,
1099 319 1140 354 54

167 350 266 386 Patris
280 349 386 397 patriae
402 362 520 385 nornen
537 351 682 385 universo
696 351 847 386 consensu
859 354 997 400 accepit,
1096 367 1136 401 23

167 398 241 448 post
259 411 310 444 17.
325 409 426 432 annos
443 398 642 434 consulatum
665 412 714 434 iz.
726 400 861 442 recepit,
1096 410 1138 438 16

167 447 296 482 censum
311 446 430 494 aJulio
444 449 567 482 Caesare
581 448 739 482 abolitum
748 446 900 490 restituit,
1092 454 1136 488 23

141 517 143 520 -
166 496 222 530 M.
234 496 409 542 Agrippam
420 494 482 529 fibi·
493 495 647 541 aequavit,
1095 513 1137 544 59

161 545 284 592 Juliam
294 543 390 578 filiam
402 543 456 588 ipsi
471 545 659 584 collocavit,
1063 548 1137 584 ibid.

165 593 235 639 ipso
250 604 383 626 mortun
399 592 482 626 iilam
492 594 625 627 Tiberio
639 592 747 634 dedit,
1090 609 1137 643 47

165 642 283 675 Caium
294 644 324 674 &
334 641 473 674 Lucium
482 640 580 686 ipsius
588 639 669 676 filios
678 642 861 689 adoptavit,
1063 645 1136 680 ι’ίπιί.

163 690 249 724 Caio
263 689 471 723 sacerdotium
486 689 621 729 detulit,
1092 706 1109 727 a
1121 707 1133 728 t

163 738 248 772 Caio
264 739 295 770 &
311 737 415 771 Lucio
431 737 742 771 mortuisTiberium
752 739 932 787 adoptavit,
1088 753 1136 786 47

163 787 322 834 Apollinis
339 784 600 825 studioliffimus,
1070 791 1134 834 178

162 835 304 869 tabulam
314 833 445 869 Veneris
455 846 484 868 in
495 834 619 880 templo
633 833 704 880 [ulii
714 834 808 880 patris
815 834 992 876 dedicavit,
1073 850 1086 872 1
1097 850 1134 883 13

136 911 138 914 ,
162 883 196 918 in
212 882 375 929 quadrigis
389 884 404 916 a
424 881 620 917 Patrenfi'ous
634 883 776 923 caelatus,
1095 899 1134 930 52

163 942 338 967 coronatur
351 933 367 965 a
383 932 491 966 Genio
508 931 538 964 in
549 930 796 977 Philippensium
813 934 970 973 nummis,
1071 946 1135 978 109

163 979 365 1015 Monarchiae
382 981 539 1014 Romanae
560 978 734 1021 fundator,
1117 997 1131 1019 1

163 1029 292 1064 Caelum
307 1039 382 1062 cum
394 1030 472 1076 Jove
488 1039 591 1074 regere
606 1028 728 1069 dfius,
1091 1032 1132 1078 83

116 1077 260 1112 Avidius
274 1074 396 1111 cassius
410 1077 507 1125 Syriae
517 1076 704 1112 Reaorsub
712 1079 765 1115 M.
776 1079 914 1114 Aurelio
923 1101 933 1120 ,
1071 1082 1134 1124 178

161 1127 202 1160 ab
217 1137 258 1159 eo
273 1124 423 1165 descivit,
1065 1130 1133 1164 208

114 1175 235 1210 Avitus
242 1185 425 1220 cognomen
436 1175 625 1212 Romanum
633 1201 644 1216 ‚
1089 1178 1134 1223 78

114 1223 244 1258 Avonia
257 1234 334 1270 gens
346 1248 356 1264 ‚
376 1224 514 1270 plebeia,
1089 1238 1111 1272 7
1119 1237 1134 1270 3

114 1272 245 1306 Aurelia
257 1273 416 1308 Carrhena
431 1274 464 1307 in
480 1273 722 1322 Mesopotamia
735 1273 875 1308 Colonia
888 1273 904 1308 a
921 1274 974 1311 Μ.
997 1275 1132 1309 Aurelio

159 1319 333 1355 constituta
347 1345 358 1360 ,
1070 1335 1082 1356 1
1091 1334 1133 1368 75

129 1398 132 1400 .
157 1369 329 1405 Aureliana
338 1373 457 1407 Laurea
473 1371 575 1406 censis
583 1372 614 1406 in
623 1373 770 1413 Norico,
1060 1370 1135 1404 ibid.

157 1420 289 1453 Aurelia
304 1421 521 1454 Antoniniana
546 1421 646 1454 Ovila
654 1444 665 1460 ,
1058 1418 1134 1453 ibid.

159 1468 287 1502 Aurelia
296 1469 422 1516 Singara
437 1469 466 1502 in
485 1468 580 1502 Meso
586 1470 726 1515 potamia
734 1495 744 1508 ,
1059 1467 1134 1502 ibid.

112 1515 165 1552 M.
179 1517 329 1551 Aurelius
344 1519 451 1552 uxoris
461 1517 620 1552 Antonini
629 1518 675 1552 Pii
690 1516 792 1552 fratris
802 1516 905 1558 filius,
1069 1528 1133 1563 177

158 1565 198 1599 ab
207 1568 285 1601 Ant.
295 1565 354 1600 Pio
365 1566 518 1600 Hadriani
533 1564 615 1604 jussu
625 1566 795 1614 adoptatus
803 1593 812 1605 ,
1068 1577 1129 1612 193

157 1613 289 1648 Caesaris
304 1624 422 1647 nomen
439 1614 516 1647 vivo
525 1614 689 1648 Hadriano
699 1626 764 1647 non
781 1614 873 1654 tulit,
1066 1625 1133 1661 177

157 1661 299 1696 Tribun.
308 1661 495 1707 potestatem
505 1661 575 1709 post
583 1661 735 1697 Faustinae
744 1663 867 1707 nuptias
875 1661 1010 1706 accepit,
1058 1662 1131 1697 ibid.

154 1711 360 1758 Imperatoris
373 1721 491 1745 nomen
507 1710 578 1757 post
588 1709 869 1747 Ant.⁴Piimortem
879 1709 1010 1751 habuit,
1058 1710 1133 1746 ibid.

151 1759 423 1807 regnareincoepit
433 1760 574 1807 Olymp.
586 1772 624 1806 23
636 1771 664 1805 5.
1063 1772 1076 1794 1
1086 1759 1131 1795 86

115 1831 121 1836 -
155 1809 197 1842 L.
208 1809 330 1842 Verurn
340 1808 469 1853 Imperii
479 1807 660 1855 participem
671 1806 748 1843 fecit
756 1835 766 1847 ‚
1066 1817 1079 1842 1
1087 1821 1105 1853 7
1112 1822 1132 1854 7

153 1857 276 1892 Romae
290 1856 398 1890 omnia
411 1855 450 1890 ad
458 1856 580 1890 bellum
589 1856 775 1906 Parthicum
783 1855 948 1891 necessaria
955 1855 1109 1904 disposuit
1118 1881 1129 1896 ,

1066 1917 1079 1939 1
1086 1912 1131 1951 76

152 1952 334 1988 Canusium
345 1952 473 1998 Apuliae
481 1952 608 1986 Verum
624 1962 832 1999 aegrotantem
840 1952 966 1993 invisit,
1065 1965 1132 1989 200

154 2000 215 2050 ipsi
224 2010 260 2036 ut
269 2003 358 2036 Vero
366 2024 377 2041 ,
402 2013 460 2048 pro
471 2000 554 2035 bello
563 2000 711 2036 Parthico
718 2002 815 2037 iidem
824 2000 965 2037 honores
971 2000 1112 2037 reddidit
1119 2027 1131 2043 ,

1066 2061 1081 2087 1
1109 2057 1130 2086 6

106 2118 114 2128 r
153 2101 249 2136 Duas
256 2110 319 2142 con
324 2097 425 2134 stituit
431 2099 572 2146 legiones
579 2123 590 2141 ,
634 2108 650 2112 ’·
1066 2065 1128 2145 135

153 2149 274 2184 bellum
286 2148 585 2183 Marcomannicum
594 2145 686 2195 geffit
692 2171 704 2188 ,
1065 2160 1077 2181 1
1084 2161 1104 2189 9
1113 2160 1126 2182 1

113 2205 116 2209 ’
151 2198 334 2234 wernonem
352 2207 614 2232 ornamentorum
621 2195 838 2244 Imperialium
846 2207 906 2244 pro
913 2192 1032 2230 eodem
1041 2193 1128 2230 bello

106 2260 110 2267 ·
152 2247 187 2282 in
203 2245 333 2287 Traiani
349 2246 423 2280 foro
439 2245 534 2287 fecit,
666 2271 670 2278 .
685 2259 687 2263 ⁴
1055 2243 1130 2278 ibid.

108 2306 112 2315 ’
151 2291 355 2330 Corinthum
375 2291 470 2334 adii't,
1008 2298 1010 2302 ’
1059 2293 1128 2328 180

106 2350 112 2375 ⁴.
152 2343 186 2379 in
203 2344 323 2392 Syriam
340 2344 386 2377 ob
405 2344 518 2379 Avidii
526 2343 624 2379 Caffii
639 2343 848 2379 rebellionem
857 2340 961 2382 venit,
1062 2342 1126 2387 178

104 2401 111 2408 ‘
152 2393 341 2440 AEgyptum
359 2391 518 2434 lustravit,
1059 2390 1126 2425 208

105 2453 109 2463 ·
143 2440 404 2476 >Marcomannos
413 2465 424 2481 ‚
449 2443 617 2482 Sarmatas,
642 2439 823 2479 vandalos,
857 2442 890 2474 &
918 2436 1055 2482 Quados
1079 2450 1128 2473 re-

106 2498 108 2501 ’
149 2488 259 2536 prcffit
275 2492 307 2524 &
323 2489 417 2528 vicit,
1060 2500 1098 2523 21
1112 2499 1125 2532 3

150 2546 199 2573 res
207 2548 315 2573 contra
323 2539 504 2572 Germanos
513 2539 627 2572 iterum
642 2536 776 2572 feliciter
783 2534 875 2583 geffit
884 2560 895 2576 ,
1055 2535 1131 2570 ibid.

151 2589 331 2621 Pannonias
345 2586 470 2619 servitio
480 2587 641 2625 liberavit,
1051 2585 1126 2619 ibid.

151 2634 350 2668 Commodo
365 2634 588 2668 Tribunitiam
604 2643 674 2679 pot.
691 2633 961 2672 communicavit,
1060 2644 1129 2667 220

153 2683 332 2730 provincias
341 2682 503 2717 Romanas
511 2682 633 2729 ingenti
642 2680 862 2715 moderatione
869 2681 1015 2715 traotavit
1022 2704 1033 2722 ‚
1062 2694 1074 2715 1
1082 2694 1103 2723 9
1113 2693 1125 2716 1

152 2731 276 2779 egregia
290 2730 340 2765 sua
350 2730 488 2765 facinora
497 2731 536 2764 ad
551 2730 634 2776 Reip
656 2731 789 2776 gloriam
799 2730 979 2770 revocavit,
1049 2730 1125 2765 tbld.

150 2779 209 2813 sub
229 2779 376 2827 Neptuni
389 2777 490 2826 figura
503 2779 535 2813 in
545 2779 710 2826 quadrigis
717 2777 950 2826 repraesentatus
957 2776 1043 2825 apud
1055 2779 1126 2811 Co-

151 2827 290 2862 rinthios
299 2852 310 2868 ‚
1057 2838 1124 2869 109

109 2884 113 2891 ·
142 2877 330 2924 >Serapidem
340 2888 534 2925 magnopere
546 2877 648 2912 coluit
657 2902 666 2916 ,
1058 2876 1124 2911 208

151 2926 238 2960 cives
252 2927 423 2961 Romanos
439 2926 497 2973 qui
512 2926 584 2961 sunt
599 2926 632 2961 in
646 2925 726 2974 orbe
747 2935 862 2961 omnes
882 2922 1124 2974 pronunciavit,

105 3021 213 3058 Axilla
221 3049 230 3062 ‚
257 3031 440 3069 cognomen
448 3022 488 3056 ab
496 3021 551 3056 alae
559 3000 642 3057 vitio
647 3040 663 3067 ρ
1061 2985 1100 3057 1}
1102 2983 1123 3063 g

97 3069 211 3106 ‘Axius
218 3069 418 3107 Macedoniae
425 3069 565 3113 fluvius,
1058 3082 1072 3106 1
1083 3071 1122 3116 58

590 3163 625 3203 B
1069 3151 1071 3153 ,

104 3290 109 3296 -
123 3240 126 3243 Δ
182 3268 277 3303 Abba
291 3238 367 3302 urbs
380 3239 580 3312 Mauritaniae
594 3243 801 3312 Tingitanae}
955 3236 1038 3302 T106.
1056 3236 1118 3312 {15

97 3319 103 3327 '
219 3317 274 3361 Ad
282 3317 446 3363 Garguam
454 3326 579 3349 amnem
589 3313 662 3354 fita',
688 3315 690 3319 '
1044 3315 1119 3351 ibid.

93 3379 102 3394 ι
119 3367 134 3387 '·=
144 3365 287 3400 Colonia
295 3359 412 3411 a‘Juli‘o
418 3363 539 3399 Caesare
546 3362 720 3398 constituta
727 3384 741 3403 ,
1052 3376 1066 3400 1
1073 3370 1120 3400 06

95 3414 231 3465 j‘QJulia
240 3411 431 3459 Campestris
439 3411 586 3459 appellata
593 3434 604 3451 ,
1044 3413 1119 3449 ibid.

96 3463 116 3516 ᾖ
145 3459 760 3545 ἓῐαιιέἀίοηυωωοςεοηΐεὲηνὶι,“κός.
781 3463 857 3497 106.
884 3458 1023 3507 Neroni,
1043 3472 1121 3505 115.

97 3516 139 3543 <JK
186 3523 199 3544 a
236 3522 279 3550 ae,
1053 3522 1118 3556 127

94 3558 222 3594 ‘Bacchi
236 3558 304 3594 duo
320 3558 403 3606 ligna
417 3557 450 3591 in
465 3555 539 3592 foro
553 3555 728 3597 Corinthi,
1053 3569 1066 3592 1
1075 3559 1117 3593 82

95 3601 248 3658 {Bacchus
263 3607 370 3642 dietus
378 3608 494 3654 Lyaeiis
507 3605 595 3652 quasi
601 3605 765 3641 lenitatem
773 3603 896 3654 praestet
902 3608 914 3648 ᾖ
1045 3605 1120 3640 ibid.

96 3655 111 3678 (ἶ
134 3656 225 3691 &vitis
238 3656 413 3702 plantandae
429 3655 587 3689 rationem
601 3653 735 3692 docuit,
1043 3653 1116 3689 ibid.

91 3707 133 3751 j's
148 3703 182 3738 in
189 3704 330 3738 nummis
337 3703 434 3738 AEliae
441 3702 633 3750 Capitolinae
640 3702 786 3743 caelatus,
1051 3714 1110 3748 153

93 3752 102 3774 ⁴‘
109 3762 111 3766 ’
126 3770 129 3774 ·
147 3752 181 3786 in
197 3752 350 3787 Corinthi
364 3753 522 3792 nummis,
1050 3752 1090 3786 18
1098 3764 1115 3785 τ.

91 3801 98 3819 ²
108 3803 132 3822 Ἃ
147 3799 236 3846 apud
251 3799 352 3849 Syros·
363 3801 396 3835 in
405 3801 531 3835 ¹summa
538 3799 738 3836 veneratione
744 3826 756 3841 ,
1050 3812 1064 3835 1
1072 3804 1113 3845 65

92 3848 238 3883 maenius
245 3848 383 3897 serpente
391 3849 575 3893 involutus,
599 3849 777 3898 AEsculapii
785 3847 974 3897 symbolum
982 3871 995 3890 ,
1046 3853 1112 3884 162

86 3893 211 3930 -Bae'bia
217 3894 293 3944 gens
300 3896 439 3945 plebeia,
447 3897 453 3913 ¹
483 3924 488 3929 .
506 3909 534 3941 32:
721 3903 724 3907 ·

92 3944 242 4029 ζΒαξὲἰα,
263 3946 317 3982 seu
332 3946 441 3983 Baccia
456 3958 552 3996 gens,
577 3947 694 3997 nullibi
707 3955 898 3996 memorata,
924 3979 927 3985 .

85 4008 94 4017 ι
107 3997 139 4019 ’ν’
173 4007 233 4032 om·
257 3997 288 4032 I·
626 3996 633 3998 V
842 3996 862 3997 ⁷7

1186 144 1352 192 EX.

2117 179 2139 206 2
2151 179 2173 206 2

1195 211 1381 259 Baphyrus‚
1410 212 1611 251 Macedoniae
1621 214 1760 256 fluvius,
2147 179 2210 273 1791

1196 260 1337 294 Barbatia
1354 273 1447 308 gens,
1472 266 1486 296 a
1499 264 1624 299 Barbati
1638 265 1856 307 cognomine,
2173 289 2210 320 31

1195 307 1368 349 Barbatus,
1393 322 1576 356 cognomen
1586 314 1844 360 Valeriaegentis,
2098 334 2150 367 31·
2169 325 2212 359 88

1241 356 1352 395 Idem,
1376 369 1411 392 ac
1420 360 1679 396 Barbulaabarba
1688 363 1909 407 desumptum,
2137 373 2211 406 ibid.

1195 404 1376 456 Baronisu5‚
1402 418 1498 442 mons
1514 410 1713 444 Mauritaniae
1726 411 1817 457 Ting
1830 423 1926 454 tanae,
2147 432 2183 454 11
2193 434 2209 465 ς

1194 453 1319 493 Bassus,
1346 465 1530 502 cognomen
1548 459 1723 492 Duumviri
1733 482 1743 497 ‚
2191 481 2205 490 ·

1193 503 1309 536 Beleus
1325 501 1404 538 fluv.
1420 504 1586 540 Phcenices
1594 518 1692 553 prope
1703 508 1949 550 Ptolemaidem,
2144 493 2210 561 143

1242 550 1365 584 metalla
1379 552 1412 584 in
1429 553 1546 587 vitrum
1572 565 1793 595 commutans,
2143 572 2211 599 160

1194 597 1328 632 Belitani
1343 598 1501 645 Hispaniae
1517 603 1601 636 cives
1618 605 1778 642 Romani,
2163 612 2208 649 28

1193 646 1448 693 Bellerophontis
1465 649 1602 685 Historia
1611 651 1696 695 apud
1711 652 1870 698 (criptores
1878 654 2022 702 ambigua
2032 681 2044 698 ,
2138 671 2183 696 20
2190 674 2206 697 1

1239 694 1355 728 Glauci
1368 697 1614 746 EphyraeRegis
1627 698 1731 738 filius,
2068 718 2119 753 31.
2142 720 2210 757 ¹17

1239 743 1389 789 Neptuni
1404 756 1442 778 ex
1451 747 1641 793 Eurynome
1652 747 1721 782 Nifi
1739 745 1818 788 filia,
2130 757 2208 796 ibid.

1239 790 1399 837 Phrygius
1415 793 1463 827 vir
1476 806 1589 840 genere
1607 796 1815 835 Corinthius,
2129 806 2208 843 ibid,

1238 839 1284 872 ob
1292 839 1410 873 caedem
1421 840 1518 876 fratris
1527 844 1691 879 Corintho
1700 845 1823 892 pulsus,
2137 867 2206 892 201

1239 886 1271 920 in
1288 888 1420 922 exilium
1436 891 1561 931 missus,
2142 906 2209 949 156

1239 937 1312 970 exul
1322 940 1525 985 antenuptias
1533 940 1732 975 Corinthum
1743 942 1827 977 venit
1835 954 1872 977 ex
1882 944 2041 987 Pausania,
2139 964 2206 989 201:

1239 996 1360 1030 equum
1371 989 1580 1025 conicendere
1588 991 1710 1038 primus
1718 990 1850 1033 docuit,
1877 997 1963 1031 unde
1977 997 2122 1045 depiistus
2130 994 2212 1037 cum*

1239 1045 1327 1079 equo
1335 1034 1433 1075 alato,
2166 1061 2213 1096 31.

1238 1081 1270 1115 in
1279 1081 1418 1117 Istmicis
1426 1085 1508 1119 ludis
1516 1097 1604 1133 equo
1611 1088 1688 1123 vicit
1695 1112 1706 1130 ,
1731 1089 1817 1125 unde
1825 1102 1946 1137 equum
1957 1093 2117 1130 volantem
2126 1110 2210 1132 con-

1237 1131 1386 1166 icendisse
1400 1132 1549 1169 dixerunt
1558 1159 1569 1175 ,
2145 1151 2212 1191 156

1238 1179 1391 1234 Pegasum
1407 1181 1446 1215 ad
1460 1185 1603 1226 Pyrenen
1621 1184 1746 1220 fontem
1761 1198 1930 1234 aquantem
1944 1190 2038 1232 fistit,
2142 1202 2210 1233 162.

1238 1238 1314 1261 cum
1324 1229 1454 1275 capistro
1462 1232 1576 1267 retinet
1585 1235 1615 1267 in
1625 1235 1765 1269 nummis
1774 1259 1785 1276 ,
2143 1256 2156 1277 1
2167 1255 2210 1290 17

1239 1279 1554 1333 contraChimaeram
1568 1283 1728 1336 decertat,
2047 1302 2121 1336 141.
2140 1303 2178 1339 23
2189 1304 2210 1338 ς

1237 1335 1270 1357 in
1286 1327 1518 1373 nummisJulii
1533 1331 1680 1372 Caesaris,
1705 1331 1759 1365 M.
1779 1333 1920 1373 Aurelii,
1953 1341 2028 1381 176·
2055 1341 2094 1375 L.
2111 1342 2210 1382 Veri,

1237 1432 1384 1457 montem
1395 1422 1587 1460 Chimaeram
1598 1428 1629 1461 in
1638 1429 1737 1475 Lycia
1744 1427 1947 1466 habitabilem
1953 1431 2095 1469 reddidit
2102 1460 2112 1474 ,
2142 1401 2184 1425 ΖΟ
2191 1401 2209 1426 t

1236 1472 1267 1504 C
1310 1471 1314 1476 ,
1383 1473 1387 1477 ,
2144 1450 2210 1482 139

1271 1471 1486 1507 orinthiorum
1502 1474 1595 1509 heros
1604 1499 1614 1516 ,
2143 1497 2156 1519 1
2167 1497 2204 1534 ¹3

1237 1518 1278 1553 ab
1292 1520 1328 1553 iis
1342 1520 1469 1555 summo
1478 1521 1603 1558 honore
1611 1524 1735 1565 cultus,
2143 1545 2211 1581 157

1235 1568 1274 1601 ad
1290 1569 1376 1601 urbis
1391 1571 1613 1615 antiquitatem
1628 1573 1822 1619 arguendam
1837 1574 1944 1616 cusus,
2142 1595 2155 1617 1
2168 1595 2209 1630 17

1236 1627 1294 1662 pro
1304 1617 1414 1651 Perseo
1421 1619 1460 1652 ab
1471 1620 1587 1655 Erizzo
1603 1623 1755 1662 creditus,
2138 1642 2215 1667 ποεῖΙ

1188 1667 1360 1711 Βενλὲμφων
1368 1666 1454 1712 quali
1470 1671 1669 1717 Βεληφόρρι,
1694 1671 1851 1718 sapientiae
1860 1673 2065 1717 conciliator,
2143 1686 2207 1715 162

1188 1713 1287 1747 Bellia
1303 1725 1396 1761 gens,
1420 1715 1554 1756 incerta,
2166 1740 2204 1774 31

1189 1761 1269 1795 Belo
1279 1767 1329 1797 leu
1339 1764 1440 1797 Belon
1451 1791 1458 1802 ,
1486 1766 1564 1799 urbs
1576 1766 1738 1814 Hispaniae
1748 1768 1901 1809 Boeticae,

1190 1811 1410 1858 Berecynthiae
1429 1815 1534 1847 matris
1555 1813 1650 1856 festa,

1188 1860 1328 1906 Berytus
1344 1871 1416 1894 uros
1438 1862 1599 1902 littoralis,
2116 1882 2146 1905 1.
2167 1886 2207 1909 11

1234 1909 1252 1942 a
1268 1911 1402 1943 Saturno
1416 1910 1568 1950 condita,
2062 1924 2118 1964 65.
2139 1927 2212 1966 167

1234 1957 1443 2004 &Tryphone
1451 1959 1549 2006 Syriae
1558 1958 1717 2006 Tyranno
1726 1959 1848 2002 diruta,
2142 1975 2210 2007 106

1233 2006 1376 2041 Colonia
1391 2007 1511 2056 aJulio
1526 2009 1649 2042 Caelare
1663 2009 1833 2045 constituta
1843 2038 1851 2050 ‚
2188 2032 2213 2056 1.

1239 2055 1278 2089 ab
1295 2055 1447 2102 Augusto
1464 2056 1630 2090 veteranis
1638 2057 2092 2106 militibusfrequentataanno
2103 2065 2193 2100 U.C
2210 2058 2213 2065 ’

1233 2115 1316 2155 749·
1639 2153 1646 2160 ,
2140 2126 2211 2160 109

1228 2152 1326 2199 Juiiae
1343 2153 1375 2184 δι
1385 2151 1542 2197 Augustae
1557 2164 1687 2195 nomina
1695 2153 1837 2201 praefert,
2189 2170 2214 2200 tl

1232 2209 1301 2241 Jure
1308 2199 1421 2232 Italico
1429 2201 1546 2234 donata
1554 2201 1593 2234 ab
1601 2202 1750 2247 Augusto
1758 2227 1769 2243 ‚
2165 2223 2179 2246 1
2190 2200 2214 2249 ᾖ

1233 2246 1264 2281 in
1274 2259 1307 2281 ea
1315 2248 1423 2282 aetum
1431 2247 1475 2282 est
1483 2248 1523 2283 de
1533 2250 1618 2283 bello
1627 2250 1808 2297 Vespasiani
1816 2263 1926 2290 contra
1934 2255 2106 2294 Vitellium
2115 2283 2125 2300 ‚
2134 2268 2176 2306 '13
2186 2247 2213 2297 8'

1232 2307 1387 2330 nummos
1406 2296 1525 2331 dicavit
1545 2298 1638 2347 Julio
1663 2301 1794 2341 Caesari,
1822 2315 1854 2336 ε..
1879 2304 2048 2350 Augusto,
2079 2320 2131 2343 10·
2152 2295 2214 2344 11.

1231 2344 1388 2384 Tiberin,
1414 2351 1470 2391 65.
1493 2345 1657 2390 Claudio,
1687 2355 1763 2384 106.
1786 2350 1996 2392 Domitiano,
2022 2358 2096 2400 138.
2122 2358 2211 2398 Ner-q

1232 2404 1280 2428 vae
1297 2417 1308 2434 ,
1344 2405 1420 2440 144.
1452 2395 1598 2438 Traiano
1615 2423 1624 2435 ,
1650 2403 1745 2443 ,14⁶
1786 2409 1862 2444 ¹47·
1893 2400 2083 2444 Hadriano,
2127 2418 2211 2453 154·

1231 2443 1312 2476 Ant.
1336 2444 1415 2482 Pio,
1444 2449 1520 2489 167.
1558 2443 1611 2477 M.
1633 2446 1792 2485 Aurelio,
1831 2460 1907 2493 177.
1939 2450 1979 2483 L.
1999 2451 2108 2494 Vero,
2129 2454 2210 2490 ibid.

1229 2490 1445 2531 Commodo,
2136 2504 2205 2540 208

1183 2538 1407 2574 Beneventum
1421 2540 1497 2574 urbs
1510 2541 1541 2575 in
1563 2540 1725 2589 Hirpinis,
1750 2542 1890 2580 Colonia
1914 2546 1932 2580 a
1955 2547 2088 2584 Nerone
2102 2549 2206 2592 fac'ta,

2139 2612 2172 2634 11

1185 2635 1320 2670 Bibulus
1329 2636 1390 2671 M..
1398 2637 1535 2672 Antonii
1546 2637 1717 2685 praefetffiis
1724 2667 1734 2679 ,
2181 2611 2205 2683 ἔξ

1184 2684 1394 2738 Bssbffistb?
1405 2686 1564 2732 Hispania:
1572 2688 1702 2723 Tarrac.
1712 2689 1744 2722 in
1758 2690 1945 2730 Celtiberis,
2065 2707 2077 2728 1
2087 2707 2115 2729 z.
2137 2707 2205 2730 100

1229 2743 1442 2778 municipium
1458 2745 1489 2766 in
1506 2736 1667 2775 nummis,
2086 2755 2138 2778 12.
2159 2757 2199 2791 13

1227 2779 1378 2827 Augusta
1391 2781 1430 2815 ab
1439 2780 1590 2828 Augusto
1599 2785 1826 2829 cognominata
1833 2809 1844 2825 ,
2157 2805 2169 2827 1
2179 2805 2195 2838 3

1227 2840 1383 2883 nummos
1401 2829 1519 2865 dicavit
1538 2831 1711 2878 Augusto,
1741 2847 1794 2870 11.
1814 2847 1866 2870 12.
1887 2846 1935 2881 13.
1961 2836 2116 2880 Tiberio,
2143 2847 2200 2885 σς.

1230 2882 1287 2913 66.
1313 2878 1488 2925 Caligula:‚

1180 2925 1297 2980 Blaesus
1311 2926 1414 2980 Seiani
1428 2912 1605 2964 avunculus
1615 2926 1736 2964 Africae
1745 2953 1755 2970 ,
1782 2932 1952 2967 Proconsul
1962 2957 1973 2973 ,
2134 2900 2201 2980 'gg

1180 2975 1304 3010 Boetica
1312 2975 1475 3023 Hispaniae
1491 2977 1676 3024 provincia,
1701 2978 1839 3028 Colonis
1852 2982 1869 3016 a
1880 2982 1965 3029 Julio
1981 2981 2199 3030 frequentata,

2150 3041 2199 3081 46

1225 3072 1265 3108 ab
1280 3057 1432 3122 Augusto
1446 3073 1591 3110 concessa
1604 3076 1683 3123 Pop.
1707 3077 1861 3113 Romano
1871 3102 1881 3120 ‚

1176 3122 1282 3158 Boetis
1297 3123 1459 3171 Hispaniae
1475 3125 1607 3159 ssoeticae
1622 3123 1760 3166 fluvius,
1965 3161 1967 3164 ,
2156 3142 2199 3178 37

1177 3171 1300 3219 Bogud
1313 3172 1515 3208 Mauritaniae
1532 3175 1626 3215 Rex,
2132 3190 2200 3226 105

1176 3220 1244 3254 Bos
1253 3221 1513 3269 Municipiorum
1522 3221 1660 3269 insigne,
2077 3236 2136 3262 22.
2150 3234 2199 3264 26

1223 3267 1419 3304 fertilitatem
1435 3270 1528 3305 etiam
1544 3270 1682 3310 indicat,
2143 3281 2199 3313 »16

1222 3316 1376 3353 insulatus
1385 3319 1425 3353 ad
1433 3317 1577 3353 sacrificia
1587 3319 1702 3361 spectat
1708 3322 1720 3358 ‚‘
1755 3330 1762 3339 ·
2072 3328 2132 3358 26.
2147 3331 2197 3371 67

1222 3377 1416 3414 cornupeta,
1440 3367 1535 3402 ludos
1552 3365 1669 3400 indicat
1678 3392 1688 3405 ‚
1714 3366 1745 3400 in
1767 3366 1899 3403 Nerone
1905 3369 1917 3412 3
2072 3362 2076 3367 ⁴
2127 3385 2141 3408 1
2151 3378 2197 3409 16

1175 3413 1315 3462 Bosapis
1324 3415 1363 3450 ab
1371 3415 1539 3462 AEgyptiis
1552 3415 1676 3454 cultus,
2125 3412 2195 3458 10'5

1174 3463 1294 3498 Botrus
1310 3475 1342 3497 in
1358 3463 1594 3509 nummisJuli'ae
1609 3461 1799 3504 Traduetae,
2119 3461 2123 3466 ⁸
2149 3471 2192 3516 58

1221 3512 1289 3546 vini
1303 3511 1529 3546 abundantiam
1543 3511 1662 3557 arguit,
1852 3553 1856 3555 ‚
1898 3553 1902 3557 .

1174 3558 1274 3593 Bovis
1282 3570 1376 3606 caput
1384 3561 1415 3593 in
1424 3559 1589 3606 Calaguris
1597 3559 1840 3599 nummisludos
1848 3559 2005 3597 indicatin
2014 3563 2168 3612 Augusto
2177 3553 2195 3607 ,¹

1222 3615 1278 3643 26.
1303 3608 1336 3641 in
1351 3608 1508 3646 Tiberio²
1852 3652 1853 3655 Ἴ
2141 3615 2187 3650 68

1218 3667 1278 3703 pro
1309 3655 1459 3691 sacrificio
1482 3656 1515 3690 in
1539 3656 1671 3701 Traiani
1691 3657 1833 3694 nummis
1850 3655 2066 3696 'aneuitanis
2086 3661 2189 3702 cusis,

2125 3711 2188 3757 148

1173 3751 1287 3786 Briarei
1303 3749 1454 3788 sententia
1467 3752 1509 3788 de
1524 3754 1781 3791 Corinthitutela
1789 3779 1801 3798 ,
2123 3772 2135 3793 1
2145 3765 2189 3803 56

1173 3800 1372 3836 Britannicus
1386 3803 1515 3837 Claudii
1530 3802 1616 3838 filius
1627 3828 1638 3846 ,
2120 3819 2134 3843 1
2142 3808 2187 3844 08

1217 3859 1304 3896 patre
1317 3851 1396 3885 vivo
1404 3851 1527 3886 virilem
1536 3862 1645 3900 togam
1652 3864 1718 3890 non
1727 3853 1848 3900 accepit
1855 3877 1866 3894 ,
2122 3868 2136 3891 1
2147 3869 2159 3890 1
2166 3869 2190 3902 4

1071 3911 1113 3933 22
1170 3897 1338 3933 Brocchus
1352 3900 1456 3934 distus
1470 3898 1530 3940 est,
1556 3901 1608 3936 cui
1622 3903 1732 3938 dentes
1746 3903 1985 3949 prominebant,
2143 3915 2190 3940 22

996 3947 1054 3998 38.
1070 3960 1116 3998 72,
1171 3946 1326 3999 Brontes,
1349 3960 1431 3997 unus
1446 3960 1486 3998 ex
1498 3949 1601 3999 tribus
1609 3951 1816 4000 Cyclopibus
1825 3973 1835 3984 .
2127 3964 2140 3986 1
2151 3964 2164 3985 1
2173 3962 2189 3995 ς

1764 3997 1798 4033 G
1809 4010 1831 4047 g
2096 3998 2204 4048 BQ:
