2491 4219
438 407 972 514 IULIA
1119 414 1997 512 SOAEMIAS.

276 1105 332 1134 ter
360 1096 475 1137 Maesa
500 1098 521 1136 εὶ
537 1098 645 1151 Julio
665 1098 837 1140 Baffiano
860 1114 967 1153 patre
990 1101 1106 1154 Julia
1131 1104 1245 1143 etiam
1259 1118 1393 1145 vocata
1413 1107 1478 1147 est.
1515 1109 1694 1149 Soaemias
1711 1122 1840 1150 autem
1863 1122 1905 1150 ut
1932 1109 2165 1165 fugientibus
2185 1116 2258 1154 mi-

273 1149 400 1192 litibus
419 1153 573 1193 retentis
592 1153 711 1195 filium
728 1155 778 1196 ad
797 1157 1007 1209 Imperium
1028 1158 1155 1199 evexit
1170 1185 1184 1205 ‚
1212 1159 1265 1199 ita
1286 1171 1421 1202 eorum
1437 1163 1529 1202 iram
1553 1164 1601 1203 ad
1619 1163 1736 1218 ipfius
1752 1179 1887 1205 necem
1903 1167 2028 1219 pravis
2047 1167 2121 1207 suis
2139 1169 2254 1209 mori-

277 1037 320 1079 U
330 1053 356 1080 L
368 1054 383 1080 1
397 1055 423 1080 A
452 1040 478 1082 S
488 1055 514 1081 ο
528 1056 566 1083 AE
581 1055 615 1082 M
629 1056 644 1083 1
657 1056 684 1083 A
697 1057 717 1083 s
749 1043 940 1100 Elagabali
962 1056 1103 1092 mater,
1132 1044 1268 1100 §Julio
1287 1049 1406 1090 Avito
1423 1062 1530 1104 patre
1545 1052 1660 1104 Julia
1677 1053 1778 1094 dieta
1793 1052 1946 1095 videtur
1960 1081 1972 1101 ‚
2003 1066 2045 1096 ut
2059 1055 2156 1097 illius
2172 1060 2258 1100 maS

161 1053 251 1239 J
272 1206 342 1247 bus
359 1207 513 1248 tandem
533 1210 719 1252 excitavit.

202 1282 230 1336 J
241 1296 270 1322 U
282 1297 306 1324 L
320 1298 335 1324 Ι
348 1300 386 1326 AE
416 1287 441 1327 S
452 1300 477 1325 o
492 1300 529 1326 AE
541 1301 576 1327 M
591 1301 605 1327 1
618 1302 644 1327 A
657 1303 682 1328 D
695 1302 708 1327 1
719 1302 740 1328 s
768 1292 910 1330 nummi
927 1291 1076 1331 eximiae
1085 1292 1185 1342 siant
1204 1293 1384 1331 raritatis
1399 1292 1447 1337 ὠ
1465 1294 1663 1350 elegantiae
1677 1323 1690 1344 ,
1705 1296 1785 1349 fid
1794 1299 1953 1354 mty'ores
1973 1297 2157 1341 hac‘i‘enus
2173 1314 2248 1342 non

155 1337 365 1390 observati,
393 1341 506 1383 medii
522 1343 609 1383 vero
627 1342 675 1388 ό
686 1346 836 1386 'minimi
850 1346 991 1386 moduli
1006 1346 1160 1387 tantom
1176 1356 1387 1387 occurrunt.

990 1448 1407 1490 SIDON,

137 2056 258 2086 ινιτ
273 2057 296 2087 A
331 2057 389 2085 so
403 2057 540 2085 ΑΕΜῙ
553 2057 627 2086 As.
660 2058 687 2086 A
701 2058 780 2086 vo.
816 2047 950 2101 Caput
965 2046 1195 2090 Soaemiadis.

191 2115 215 2141 c
227 2115 253 2141 o
268 2115 305 2141 L.
348 2115 372 2140 A
389 2114 414 2139 ν
427 2114 470 2141 R.
510 2115 532 2140 Ρ
546 2114 561 2140 ι
576 2115 603 2140 A
642 2115 677 2140 M
694 2116 713 2139 ε
728 2115 793 2159 rga
805 2110 858 2141 ο·.’
886 2117 905 2142 s
919 2110 986 2142 11).
1006 2100 1178 2145 *Colonia
1189 2115 1192 2119 ·
1203 2102 1380 2149 Aureum,
1391 2104 1475 2145 Pia
1498 2103 1723 2159 Metropolis
1747 2104 1877 2146 Sidon.
1915 2104 2063 2147 Currus
2089 2109 2129 2150 in
2151 2123 2234 2166 quo

245 2155 415 2197 Astartes
435 2155 582 2212 {ignum
604 2156 734 2213 medio
751 2160 926 2210 corpore.
1547 2167 1550 2169 ’
1687 2167 1693 2181 ³

184 2234 304 2276 Sidon
330 2235 418 2275 urbs
445 2234 651 2275 Phoeniciae
677 2234 960 2289 andquiffima,
989 2234 1095 2290 apud
1119 2235 1267 2277 Esaiam
1287 2232 1392 2291 Tyri-
1404 2244 1524 2278 mater
1543 2237 1643 2278 dicta
1659 2239 1734 2285 est,
1765 2252 1880 2293 quam
1898 2238 2119 2283 sententiam
2138 2251 2228 2288 con-

128 2287 256 2331 firmat
270 2289 426 2346 Trogus
446 2291 507 2331 lib.
533 2293 589 2330 18.
610 2304 692 2344 cap.
719 2304 754 2343 3.
788 2291 882 2338 Post
900 2290 1038 2330 multos
1060 2291 1194 2330 deinde
1217 2302 1337 2330 annos
1363 2291 1388 2331 :i
1411 2293 1512 2346 Rege
1527 2291 1813 2344 Ascaloniorum
1831 2299 2039 2349 expugnati
2059 2299 2204 2342 Sidonii
2211 2329 2226 2349 ,

125 2347 294 2385 navibus
310 2345 467 2399 appulsi,
497 2344 632 2391 Tyrum
648 2344 776 2385 urbem
794 2353 885 2385 ante
903 2358 1044 2385 annum
1061 2345 1235 2398 Trojanae
1249 2345 1370 2385 cladis
1388 2346 1640 2388 condiderunt.
1678 2347 1755 2402 lpfi
1769 2359 1897 2389 autem
1913 2349 2172 2406 Metropolitae
2187 2361 2227 2398 δε

126 2400 273 2440 Coloni
291 2402 339 2441 ab
358 2401 562 2456 Elagabalo
583 2400 694 2446 faffl,
727 2399 999 2440 beneficiorum
1021 2413 1210 2440 memores
1228 2426 1240 2446 ,
1269 2399 1337 2454 ipfi
1363 2403 1401 2439 &
1430 2403 1501 2441 toti
1527 2402 1610 2455 ejus
1636 2401 1785 2442 familiae
1809 2417 1988 2445 nummos
2013 2409 2223 2459 cuderunt,

126 2456 330 2510 praesertim
347 2456 549 2497 Soaemiadi
569 2457 651 2508 ejus
669 2453 778 2497 matri
794 2483 806 2502 ,
835 2456 896 2495 cui
919 2454 1037 2496 filium
1058 2455 1332 2509 Imperatorem
1350 2452 1461 2496 valde
1481 2456 1655 2497 deditum
1679 2470 1802 2499 narrat
1822 2460 2063 2513 Lampridius
2079 2464 2121 2506 in
2138 2467 2222 2520 ejus

126 2511 217 2551 vita.
257 2511 336 2551 Hic
353 2520 507 2551 tantum
527 2511 755 2551 Semiamirae
774 2512 891 2550 matri
906 2510 1056 2557 deditus
1063 2510 1153 2564 sitit
1169 2537 1182 2557 ,
1210 2519 1255 2550 ut
1260 2509 1345 2561 stne
1366 2510 1470 2550 illius
1496 2512 1696 2553 voluntate
1715 2514 1817 2554 nihil
1834 2516 1875 2554 in
1891 2515 2100 2569 RepublIca
2108 2521 2221 2575 face.

124 2574 196 2605 ret.
236 2566 383 2606 Sidonii
402 2567 567 2608 Astartes
584 2565 647 2606 seu
669 2566 830 2606 Veneris
854 2565 1002 2620 [ignum
1023 2567 1062 2606 in
1078 2580 1223 2620 pompa
1245 2580 1313 2621 per
1335 2567 1467 2625 urbem
1487 2581 1596 2608 curru
1622 2567 1857 2610 transvexisse
1874 2571 2052 2614 videntur
2066 2601 2078 2620 ‚
2108 2577 2217 2630 cujus

123 2622 349 2661 memoriam
367 2622 406 2661 in
425 2621 590 2661 nummis
611 2621 684 2662 suis
700 2620 981 2676 consignarunt.
1011 2621 1178 2672 ·Astarte
1187 2648 1199 2667 ,
1215 2634 1258 2661 ut
1272 2620 1395 2662 scribit
1415 2623 1436 2659 'I
1448 2622 1672 2676 heophilus,
1694 2622 1927 2670 fimulacrum
1941 2626 2115 2677 Veneris,
2132 2645 2215 2687 quae

122 2676 314 2716 colebatur
331 2676 355 2716 d
375 2677 541 2717 Sidoniis
553 2704 564 2723 ‚
593 2675 840 2732 astrifigura;
865 2677 985 2730 {osum
1001 2675 1090 2716 verb
1109 2676 1247 2718 allrum
1260 2677 1437 2716 Venerem
1453 2687 1590 2719 oncant
1602 2705 1614 2724 ,
1642 2681 1785 2718 nomine
1806 2686 1972 2731 imcoep&.
1999 2683 2074 2724 Vel
2091 2685 2217 2727 forfim

119 2730 172 2772 illi
188 2732 438 2773 Soaemiadem
456 2732 602 2772 eximiae
622 2731 754 2773 formae
772 2732 982 2787 principem
1002 2730 1198 2772 foeminam
1216 2743 1398 2784 tanquam
1416 2732 1567 2773 alteram
1587 2734 1779 2775 Venerem
1796 2739 1835 2776 ὃς
1850 2738 2008 2792 quidem
2030 2739 2214 2783 Uraniam

120 2787 292 2829 colentes
313 2816 324 2834 ,
359 2788 464 2843 apud
490 2788 618 2842 Syrios
645 2788 746 2829 enim
776 2787 923 2828 Astarte
948 2787 1083 2827 eadem
1115 2799 1202 2840 quae
1230 2785 1365 2827 Venus
1393 2788 1557 2829 caelestis.
1603 2788 1850 2832 Herodianus
1869 2794 1908 2832 in
1931 2794 2005 2834 vita
2021 2795 2214 2851 Elagabali

121 2842 185 2883 lib.
213 2856 245 2893 5.
263 2858 351 2898 pag.
377 2849 465 2894 569.
506 2849 611 2883 Aicvec
625 2845 679 2892 μῙίι)
695 2845 727 2881 {v
743 2845 841 2882 achim*
860 2849 1016 2892 Ovffievlow
1029 2849 1151 2880 κωλέσι·
1177 2847 1344 2881 metune&
1358 2848 1537 2894 Δςροαὶςχίω
1553 2847 1722 2896 ὄνομοέζεπ.
1763 2847 1880 2887 Hanc
1908 2847 1999 2901 Afri
2027 2849 2211 2891 Uraniam

119 2907 262 2938 vocant
289 2919 303 2944 ⁵
335 2899 534 2940 ’Phoenices
564 2899 825 2951 Astroarchen.
861 2899 921 2938 Illi
947 2899 1148 2939 Romanos
1171 2898 1330 2943 imitati,
1359 2899 1397 2938 in
1420 2913 1586 2952 quorum
1610 2901 1777 2941 nummis
1802 2903 2001 2943 Soaemiadi
2031 2906 2211 2958 percussis

122 2966 151 2993 v
163 2967 186 2993 E
201 2967 227 2993 N
243 2967 268 2993 v
282 2969 302 2994 s
334 2969 424 2995 cor:
437 2969 463 2995 L
475 2969 499 2994 E
514 2968 531 2994 s
547 2968 571 2994 τ
584 2969 598 2994 1
611 2968 630 2994 s
662 2955 838 3010 inscripta
853 2955 930 3000 est,
950 2952 1153 2994 formosam
1171 2952 1278 2993 fmffe
1295 2954 1544 2994 Soaemiadem
1565 2956 1677 2997 tradit
1693 2957 1794 2997 idem
1808 2958 2053 3000 Herodianus
2069 2961 2108 3000 in
2124 2962 2209 3002 Ma-

119 3009 226 3049 crino
246 3008 409 3064 loquens
424 3010 473 3051 de
492 3009 610 3051 Maesa
632 3024 716 3066 pag.
742 3016 829 3064 563.
861 3018 1054 3058 Επτφοιτῆσιη
1072 3015 1103 3057 3ss
1117 3013 1202 3046 οἰυπὶν
1225 3013 1252 3047 ‘F
1266 3014 1444 3059 &vyawgq'mv
1461 3017 1553 3050 ἀυτῆς
1569 3040 1579 3053 ,
1605 3018 1678 3052 νέαις
1692 3030 1721 3050 τε
1736 3016 1822 3054 ἕως
1837 3021 1860 3067 ‚53
1877 3021 2018 3064 aeffltm÷·.
2050 3015 2206 3072 Qsppq

117 3076 203 3106 cum
207 3064 295 3116 suis
297 3064 456 3118 filiabus
465 3093 478 3113 ,
505 3065 789 3118 adolqlbentulis
803 3066 928 3108 adhuc
945 3065 1171 3120 &formofis
1185 3081 1261 3106 rem
1279 3067 1385 3106 illum
1401 3067 1579 3122 haomſje.

94 3169 102 3173 ·
171 3148 255 3192 Hic
271 3164 442 3193 nummus
446 3151 625 3204 ficundae
640 3153 914 3210 magnituslmis
923 3179 939 3202 ‚
954 3152 1158 3208 fingularis
1172 3153 1367 3208 elegantiae
1386 3152 1435 3199 όν
1450 3156 1627 3196 raritatis
1644 3153 1706 3208 est.

163 3730 189 3759 c
200 3729 226 3757 ο
238 3728 276 3757 L.
308 3730 333 3756 Α
347 3729 375 3757 v
388 3730 432 3758 a.
461 3729 483 3758 ι»
495 3730 512 3758 1
527 3730 550 3757 A
585 3730 621 3757 M
632 3731 656 3757 ε
671 3730 695 3757 τ
706 3731 749 3758 ιι.
779 3729 799 3757 s
813 3731 828 3758 1
840 3732 879 3759 n.
909 3714 1065 3760 Colonia
1078 3716 1239 3760 Aurelia
1254 3716 1336 3760 Pia
1358 3716 1575 3774 Metropolis·
1597 3717 1722 3761 Sidon.
1760 3714 1926 3762 Diversa:
1944 3720 2029 3762 sunt
2042 3720 2187 3776 epigra-¹

219 3772 306 3826 phae
324 3775 361 3812 &
379 3773 470 3827 typi.
501 3772 591 3813 Tria
609 3773 712 3828 figna
729 3773 911 3814 militaria.

160 3849 464 3948 Degriyptulslfuit
479 3851 604 3894 simius
619 3865 800 3894 nummus
813 3852 853 3894 in
862 3851 1067 3908 Elagabalo
1076 3878 1088 3900 ,
1117 3865 1235 3907 quem
1250 3850 1299 3894 ad
1311 3851 1526 3948 Vetergiogs
1543 3852 1721 3909 Legionis
1736 3851 1918 3895 Parthica:
1931 3853 1971 3893 in
1981 3852 2190 3948 Coloniaiplt³
