2491 4219
726 140 1612 202 TRANQUILLINA.
1824 111 1834 123 ’
2132 163 2216 203 155

196 209 383 251 Carrheni
408 209 699 264 Mesopotamiae
725 207 930 249 Gordiano
961 213 999 247 δε
1014 208 1287 262 Tranquillinae
1316 209 1399 261 ejus
1423 208 1532 247 uxori
1556 220 1736 247 nummos
1760 207 2040 253 consecrarunt,
2067 209 2222 262 illi'qui-

139 263 254 311 dem,
283 265 393 318 quod
408 279 455 304 ex
470 267 563 305 urbe
582 266 645 305 sua
660 263 786 304 Persas
802 262 1006 316 expulerit,
1034 263 1123 303 huic
1142 267 1255 309 vero,
1284 263 1393 317 quod
1408 263 1678 315 Imperatorem
1697 264 1734 301 in
1751 263 1822 302 hac
1837 263 2080 316 expeditione
2099 263 2141 302 fit
2158 278 2222 303 co-

141 321 272 360 mitata
293 335 301 359 :
328 321 378 360 de
395 320 598 359 Gordiano
620 331 747 359 autern
765 317 929 370 Capitol.
959 318 1018 357 Et
1028 319 1108 370 post
1125 320 1368 363 Areararta,
1396 318 1643 357 Antiochiam
1669 320 1824 371 recepit,
1852 318 2019 358 Carrhas·
2043 315 2089 359 όν
2115 317 2218 368 Nzst-

141 374 215 414 bin.
246 376 378 429 Caput
392 375 595 420 muliebre,
624 374 773 414 Genius
793 373 846 412 est
866 374 965 413 urbis
984 393 995 420 ·‚
1023 373 1207 414 Crescens
1226 373 1335 412 Luna
1353 374 1392 411 in
1414 373 1572 417 vertice,
1600 372 1677 411 Dei
1697 372 1797 411 Luni
1816 372 2098 412 venerationem
2115 372 2220 425 apud

139 429 305 470 Carrhas
324 430 466 484 arguit,
494 429 543 469 de
560 440 642 482 quo
657 426 786 481 passim
803 428 962 482 egimus.
991 429 1154 468 Cabirus
1173 428 1359 467 columneo
1377 426 1597 480 impositus,
1626 425 1679 465 sui
1697 427 1811 466 etiam
1828 428 1969 467 cultum
1986 428 2022 466 in
2040 426 2132 465 urbe
2150 427 2220 466 hac

138 485 292 525 indicat.
323 484 452 525 Cabiri
476 495 603 524 autem
626 483 789 523 Vulcani
815 497 861 523 ex
886 484 1035 523 Cabera
1053 483 1180 524 Protei
1199 483 1268 522 filia
1288 481 1406 537 geniti
1424 482 1620 527 dicuntur,
1649 481 1686 520 hi
1707 493 1834 521 autem
1850 483 1946 536 ignis
1963 481 2090 527 usum,
2118 479 2221 520 ferri-

137 553 217 593 que
234 539 411 579 fabricam
429 539 605 578 homines
623 537 790 578 docuisse
810 537 1010 578 traduntur
1027 539 1145 578 Diod.
1164 538 1184 577 l.
1209 551 1241 587 ς.
1259 551 1296 590 p.
1323 549 1412 588 230.
1443 540 1497 577 τὴν
1521 537 1539 583 ξῖ
1562 543 1598 574 τέ
1614 538 1703 587 mg&
1719 563 1728 579 ,
1751 539 1799 583 w}
1819 539 1870 574 τίω
1895 540 1914 577 {J
1933 543 2040 585 χαλκεῖ
2055 538 2102 585 «ἡ
2119 541 2218 584 culn?

138 598 222 640 ‹pu'ow
239 598 366 643 ἐξώρεῖν.
395 594 501 648 Ignis
516 593 620 644 usum
633 595 880 639 invenerunt,
909 593 1061 647 aerffqne
1077 593 1230 644 acferri
1249 600 1426 631 naturam
1441 592 1683 646 indagarunt.
1714 591 1810 631 Ideo
1827 593 1988 632 Cabirus
2004 593 2042 631 in
2059 605 2220 631 nummo

136 651 314 692 malleum
333 650 447 705 gerit,
476 648 605 688 Cabiri
624 650 737 695 vero,
766 649 855 701 quia
869 648 1070 703 insignium
1091 647 1220 701 generi
1248 646 1419 686 humano
1448 647 1741 686 commodorum
1768 648 1939 687 minores
1964 648 2221 691 habebantur,

135 706 411 747 immortalibus
426 718 469 743 ac
486 703 624 743 divinis
641 703 852 743 honoribus
868 703 1094 743 remunerati
1114 701 1215 746 sunt,
1245 700 1334 740 ideo
1349 701 1458 740 variis
1476 702 1514 740 in
1531 701 1622 742 locis
1639 702 1870 742 colebantur.
1911 701 2000 743 Illos
2018 701 2220 742 Phoenices

136 761 301 802 maxime
319 759 472 801 coluisse
489 759 620 799 auctor
638 759 690 798 est
707 758 1017 799 Sanchoniathon
1038 757 1143 810 apud
1163 755 1368 796 Eusebium
1381 756 1444 795 lib.
1466 770 1498 797 1.
1513 757 1672 811 Praepar.

189 839 271 880 Hic
286 851 456 880 nummus
462 837 598 893 primae
614 835 885 891 magnitudinis
902 836 1104 887 rarff'mns
1119 834 1180 887 est.

861 937 1493 979 DEULTUM.

130 1525 364 1554 SABINIA
397 1525 500 1551 ΤΚΛ
516 1524 794 1564 NQJILLIN
810 1525 835 1550 A
872 1524 898 1550 A
914 1524 993 1550 vo.
1023 1510 1156 1565 Caput
1172 1508 1456 1564 Tranquillinae.

182 1583 206 1609 c
220 1582 246 1608 o
259 1583 298 1629 13.
331 1581 354 1607 F
366 1582 405 1660 [ἑ.
433 1579 556 1661 ΙιίτῖΑΛοι.1
576 1580 639 1660 RE
653 1580 678 1604 v
690 1581 716 1606 L
728 1579 766 1606 T.
797 1565 951 1606 Colonia
970 1564 1112 1607 Flavia
1133 1566 1311 1617 Pacenfis
1331 1567 1549 1607 Deultana.
1577 1565 1696 1607 Pallas
1715 1566 1832 1614 stans,
1862 1565 1995 1607 dextra
2009 1565 2147 1621 clypeo
2163 1567 2221 1609 in·

235 1636 323 1662 nixa
332 1649 344 1668 ,
389 1635 441 1661 im
475 1636 513 1660 ra
559 1635 579 1660 a
613 1634 686 1660 am.

178 1699 362 1741 Deultani
377 1699 554 1739 Thraciae
570 1713 750 1740 nummos
768 1700 973 1740 Gordiano
992 1700 1219 1754 Imperatori
1243 1702 1294 1741 ob
1312 1701 1489 1741 barbaros
1508 1713 1556 1741 ex
1577 1700 1773 1754 provincia
1798 1699 1925 1754 pulsos
1948 1698 2162 1747 cuderunt,
2190 1700 2219 1741 fi

125 1756 284 1811 quidem
302 1767 423 1795 narrat
439 1755 607 1809 Capitol.
625 1756 665 1795 in
683 1756 765 1808 ejus
785 1756 872 1795 vita.
910 1755 1118 1811 Qidqnid
1129 1756 1286 1803 hostium
1314 1758 1354 1795 in
1374 1755 1548 1796 Thracias
1570 1756 1672 1805 fait,
1700 1755 1865 1801 delevit,
1881 1755 2071 1808 fugavit,
2099 1766 2217 1808 expu-

124 1812 195 1858 lit,
223 1819 336 1866 atque
346 1810 562 1859 sitmmovit.
592 1809 668 1864 Ipsi
686 1810 852 1850 eundem
879 1810 1154 1865 Tranquillinae
1177 1811 1260 1864 ejus
1289 1812 1398 1851 uxori
1421 1812 1611 1851 honorem
1637 1811 1828 1855 tribuunt,
1857 1809 1967 1863 quod
1991 1809 2050 1849 illa
2071 1811 2217 1850 eumin

124 1867 226 1908 bello
240 1865 417 1906 comitata
437 1864 500 1912 fit,
529 1879 693 1920 eamque
709 1876 893 1919 tanquam
909 1866 1100 1907 Palladem
1119 1866 1205 1907 belli
1218 1866 1418 1907 Praefidem
1437 1868 1474 1906 in
1493 1866 1658 1906 nummis
1674 1864 1986 1919 repraesentarunt
2003 1879 2010 1903 :
2028 1865 2116 1904 cum
2134 1864 2217 1906 haec

123 1922 211 1962 Dea
228 1921 276 1960 ab
289 1921 334 1976 iis
348 1920 553 1968 coleretur,
584 1933 626 1961 ut
640 1922 679 1961 in
697 1921 890 1962 Caracalla
905 1921 1080 1962 diximus.
1111 1921 1302 1961 Palladem
1320 1933 1450 1962 autem
1465 1922 1606 1961 dietam
1622 1921 1729 1961 fuisse
1744 1920 1850 1960 aiunt
1866 1921 1886 1959 a
1900 1919 2068 1960 Pallante
2084 1920 2215 1976 gigan-

123 1988 163 2019 te
183 1977 230 2017 ab
246 1990 295 2016 eo
312 1975 532 2023 interfecto,
561 1990 647 2031 quae
663 1976 768 2031 prius
784 1976 962 2018 Tritonia
978 1978 1206 2024 vocabatur,
1237 1979 1258 2017 a
1273 1976 1481 2018 Tritonide
1497 1976 1659 2030 palude,
1685 1975 1752 2016 ubi
1770 1975 1939 2030 primum
1958 1973 2034 2015 visa
2049 1975 2116 2015 est.

121 2044 132 2110 ἱ
150 2057 154 2059 ’
174 2054 260 2097 Hic
273 2068 442 2097 nummus
446 2054 608 2108 secundi
623 2054 763 2096 moduli
778 2057 880 2097 inter
895 2056 1053 2096 rariores
1069 2053 1116 2100 εὖ*
1132 2055 1376 2110 elegantiores
1391 2053 1631 2109 reponendus.

173 2598 286 2680 codL.
317 2598 346 2678 112-
353 2598 390 2624 L.
423 2598 531 2679 palei.
561 2597 750 2645 nEvLT.
791 2583 947 2625 Colonia
969 2583 1112 2626 Flavia
1137 2584 1314 2638 Pacensis
1338 2585 1558 2627 Deultana.
1600 2585 1742 2640 Aquila
1767 2585 1885 2640 cippo
1909 2584 2084 2640 impofita
2111 2586 2209 2630 inter

253 2654 305 2680 uo
337 2652 424 2694 igna
440 2653 492 2679 mi
521 2651 623 2680 tatia.

165 2717 354 2758 Deultum
379 2717 467 2758 urbs
492 2718 513 2757 ὲ
541 2717 775 2772 Vespafiano
803 2718 971 2759 Colonia
998 2718 1052 2758 est
1071 2718 1258 2765 deduehi,
1286 2731 1330 2760 ut
1345 2719 1485 2759 Flaviae
1502 2723 1540 2759 &
1561 2717 1734 2759 Pacensis
1751 2718 1907 2759 nomina
1923 2719 2118 2761 indicant:
2144 2721 2206 2762 ille

112 2774 215 2815 enim
237 2787 284 2813 ex
301 2773 429 2813 Flavia
444 2784 560 2829 gente
579 2773 764 2814 oriundus
780 2786 881 2821 erat,
909 2779 947 2814 &
972 2774 1079 2818 Pacis
1103 2774 1199 2813 Deae
1224 2773 1530 2821 studiofifflmus,
1559 2775 1598 2814 in
1618 2775 1726 2827 cujus
1744 2774 1933 2814 honorem
1956 2775 2203 2829 magnificen-

111 2827 291 2872 tiffimum
318 2829 459 2868 Romae
490 2829 678 2882 templum
700 2828 877 2869 aedificari
900 2828 1014 2883 juffit.
1054 2829 1239 2869 Deultani
1258 2829 1309 2869 ad
1331 2830 1517 2884 originem
1544 2829 1720 2870 Coloniae
1738 2830 1992 2884 arguendam,
2019 2832 2202 2885 Aquilam

109 2886 208 2926 inter
225 2883 326 2938 ligna
343 2884 514 2925 militaria
531 2884 749 2940 Legionum
764 2883 923 2940 insignia
939 2883 1218 2939 percusserunt,
1246 2885 1314 2938 qui
1330 2897 1464 2940 typus,
1491 2884 1655 2925 Plinium
1672 2885 1773 2924 illam
1792 2884 2070 2926 Veteranorum
2082 2886 2205 2926 Colo-

110 2941 213 2982 n'am
229 2939 483 2994 appellantem
502 2939 616 2980 valde
637 2939 813 2987 illustrat,
842 2941 902 2980 ille
929 2952 1057 2981 autem
1081 2940 1208 2993 inquit
1233 2939 1256 2979 l.
1286 2953 1325 2990 4.
1351 2955 1383 2980 c.
1414 2954 1474 2980 11.
1514 2940 1692 2981 Deulton
1720 2954 1802 2980 cum
1808 2939 1942 2993 stagno
1951 2967 1962 2986 ,
1991 2941 2091 2994 qued
2103 2955 2202 2981 nunc

108 3004 121 3016 ⁸
164 2994 304 3035 eultum
319 3004 501 3042 vocatur,
531 2995 809 3036 Veteranorum.
838 2996 897 3035 Ex
917 3009 994 3049 qua
1013 2996 1185 3050 Legione
1207 2994 1346 3036 fuerint
1361 2996 1413 3035 illi
1439 2995 1644 3040 Veterani,
1672 2995 1799 3035 adhuc
1826 2996 2038 3049 ignoratur,
2066 3009 2201 3037 eorum

110 3051 267 3091 nomina
292 3050 500 3104 aliquando
524 3051 563 3091 in
586 3051 674 3091 velo
700 3052 722 3092 ἑ
749 3051 854 3106 ligno
878 3050 1086 3092 transverso
1111 3049 1307 3104 pendente
1326 3051 1501 3106 inscripta
1518 3062 1748 3097 occurrunt,
1776 3051 1815 3090 in
1840 3050 1898 3090 his
1920 3051 2011 3091 vero
2033 3050 2203 3093 visuntur

109 3105 243 3152 steuae,
270 3104 395 3146 forsan
418 3106 567 3147 illorum
592 3106 773 3161 insignia,
802 3119 845 3148 ut
869 3107 911 3146 in
942 3105 1108 3147 Gallieni
1133 3106 1323 3152 nummis,
1350 3106 1472 3154 Ibim,
1500 3107 1697 3154 Leonem,
1726 3108 1900 3161 Aprum,
1928 3109 2000 3146 &c.
2029 3105 2202 3148 observa-

111 3173 209 3202 mus.

161 3239 247 3281 Hic
261 3252 432 3281 nummus
449 3240 612 3281 minima·
627 3238 730 3281 molis
749 3238 950 3292 rartffimus
971 3236 1019 3282 (y
1029 3237 1351 3293 praeslantiffimm
1369 3236 1431 3289 est.

901 3339 1414 3385 E‘DESSA.

165 3960 270 4002 Tam.
299 3955 372 3998 ΙΙ.
1050 3927 1072 3928 ⁷*
1282 3966 1285 3968 ·
1566 3952 1607 3997 V
1635 3967 1656 3994 2
