2491 4219
794 104 1594 155 OTACILIA.
2170 122 2267 167 17,-

154 177 360 224 facientes,
389 178 591 231 praecipua·
608 178 720 218 urbes
734 173 955 226 Coelesyriae
971 173 1078 220 sunt,
1107 188 1269 228 quarum
1285 174 1364 227 ipsa
1384 172 1616 225 Metropolis
1630 171 1696 212 est.
1734 170 1967 212 Notandum
1985 183 2114 213 autem
2130 172 2196 216 hic
2212 176 2269 218 vi..

155 233 269 273 detur
289 235 400 272 urbes
420 234 662 286 Metropoles
678 233 716 271 in
733 231 902 283 Imperio
920 243 999 268 non
1021 229 1171 270 easdem
1188 230 1264 270 effe
1280 242 1376 283 quas
1394 228 1559 268 Ecclesia
1574 228 1772 273 nominat,
1799 241 1888 268 nam
1906 227 2118 268 Damascus
2134 229 2268 270 Coele.

157 287 261 340 syriae
282 289 318 326 in
339 289 504 327 nummis
524 286 778 339 Metropolis,
806 284 1043 339 Episcopalis
1060 299 1154 327 vcro
1173 287 1214 325 in
1233 284 1334 324 Not.
1353 283 1529 337 Episcop.
1557 282 1785 323 Gra-corum
1810 281 1878 322 sub
1903 282 2038 323 Emesa
2056 282 2265 331 Phoenicia:

101 366 105 370 -
156 343 355 383 Libaniiiaz
381 343 597 396 Metropoli
614 342 833 382 collocatur.

213 420 295 461 Hic·
313 433 486 462 nummus
501 434 542 460 m
558 419 702 461 cimelio
719 419 819 460 Exc.
838 419 936 460 Ant.
957 416 1106 474 Capello
1124 416 1209 458 Seu.
1230 417 1387 463 Veneti,
1414 417 1565 457 eximiae
1580 416 1760 457 raritatis
1777 414 1824 460 ἐν
1845 416 2040 471 elegantia
2057 414 2118 467 est..

159 995 208 1022 Μ.
239 996 265 1021 o
277 994 301 1020 1·
315 995 340 1020 A
355 995 388 1020 c.
420 993 439 1019 s
452 995 475 1020 E
488 994 515 1020 v
528 994 550 1019 E
564 994 594 1020 R
608 995 646 1020 A.
680 994 707 1020 A
721 994 748 1020 v
759 994 799 1021 G.
828 980 962 1033 Caput
977 979 1153 1019 Otaciliae
1169 980 1329 1022 Severae.

215 1051 238 1077 c
252 1051 277 1076 o
292 1051 330 1077 L.
362 1050 385 1075 Δ
397 1050 423 1076 A
437 1050 472 1075 M
487 1050 526 1074 Α.
557 1050 594 1075 M
608 1051 631 1076 r:
646 1049 668 1075 r
684 1050 715 1076 a
726 1051 762 1075 0.
795 1035 952 1075 Colonia
972 1035 1195 1085 Damafcm
1212 1035 1449 1091 Metropolis.
1485 1036 1599 1092 Lupa
1623 1050 1713 1078 cum
1737 1037 1906 1092 puerulis
1921 1041 1960 1079 ὃς
1976 1036 2106 1079 labaro
2124 1036 2166 1078 in
2181 1034 2267 1093 qud

269 1107 331 1132 LE
345 1106 385 1131 G.
420 1106 482 1131 vl.
516 1105 552 1131 F.
583 1092 702 1147 Legio
726 1091 848 1131 Sexta
868 1090 1042 1131 Ferrato.

148 1209 152 1213 .
210 1171 413 1225 Superiora
430 1169 596 1224 Philippi
612 1169 837 1210 numismata
854 1169 959 1209 illum
977 1168 1138 1224 quidem
1155 1169 1387 1210 Damascum
1402 1169 1600 1211 deduxisse
1614 1172 1823 1212 Coloniam
1841 1186 1913 1213 nos
1929 1173 2146 1213 docuerunt
2163 1188 2172 1213 z
2200 1172 2267 1213 sed

156 1225 240 1266 haec
257 1227 304 1266 ad
322 1225 526 1266 Otaciliam
554 1225 762 1279 Augustam
781 1225 1010 1279 speftantia,
1040 1239 1090 1265 ex
1109 1239 1188 1279 qua
1207 1226 1380 1280 Legione
1401 1225 1584 1266 Veterani
1606 1228 1654 1267 ab
1672 1228 1744 1268 ·illo
1769 1228 2007 1281 Imperatore
2032 1228 2267 1269 Damascum

155 1280 353 1322 transmissi
372 1281 533 1327 fuerint,
562 1282 672 1320 nobis
694 1280 893 1320 denotant.
921 1280 1078 1319 Patinus
1098 1281 1137 1319 in
1157 1281 1412 1333 explicatione
1434 1280 1550 1332 hujus
1569 1284 1717 1323 nummi
1735 1297 1818 1337 pag.
1841 1286 1929 1336 386.
1951 1284 2185 1338 Legiotvn.
2205 1283 2267 1323 in-

153 1350 241 1390 quit
251 1365 262 1383 ,
290 1337 434 1376 vexillo
449 1339 464 1375 i
470 1336 633 1390 ascripta
638 1336 886 1389 proculdubio
903 1334 1098 1386 Damasei
1114 1336 1432 1381 commorabatur,
1451 1337 1819 1392 suaequefidelitatos
1834 1338 1903 1377 hoc
1913 1338 2089 1389 perhibet
2108 1339 2271 1388 testimo-

151 1394 270 1431 nium.
303 1393 424 1446 Legio
448 1405 540 1431 vit.
571 1391 785 1432 Claudiana
803 1392 981 1436 nomine,
1013 1391 1172 1430 hiberna
1190 1390 1368 1429 Damasci
1382 1404 1463 1430 non
1482 1393 1641 1446 agebat,
1668 1391 1789 1432 sedin
1815 1392 1957 1433 Moesia
1981 1392 2196 1446 superiore,
2224 1403 2269 1434 ut

155 1448 238 1487 Dio
264 1449 376 1488 tradit
405 1448 464 1486 lib.
496 1461 529 1495 ς.
560 1462 647 1501 pag.
677 1453 765 1498 564..
804 1450 858 1484 Kal
881 1456 905 1483 οἱ
929 1452 1070 1495 {Gaium
1095 1449 1176 1483 οἷὸν
1197 1453 1235 1496 τῇ
1258 1448 1364 1493 Μυσίῳ
1384 1454 1421 1496 τῇ
1442 1448 1513 1484 ἅνω.
1545 1447 1715 1501 Septima
1736 1449 1778 1486 in
1803 1446 2133 1501 Ildyfiasuperiori.
2162 1448 2268 1488 Illius

154 1501 373 1543 Veteranos
391 1503 648 1542 Viminacium
663 1502 779 1556 hujus
795 1504 1001 1556 provinciae
1020 1503 1152 1542 urbem
1170 1503 1392 1542 Gordianus
1409 1502 1629 1549 transmisit,
1658 1515 1699 1543 ut
1714 1517 1761 1542 ex
1777 1502 1874 1543 illius
1889 1503 2136 1556 Imperatoris
2155 1517 2267 1543 num-

152 1558 228 1598 mis
247 1559 421 1598 vidimus.
453 1558 494 1597 P.
515 1558 742 1598 Harduinus
757 1560 861 1598 reae
877 1558 1034 1611 quidem
1054 1558 1237 1612 gemellos
1256 1571 1344 1597 cum
1362 1558 1472 1612 Lupa
1491 1557 1667 1599 deduetae
1680 1559 1702 1597 a
1718 1558 1909 1600 Romanis
1926 1558 2104 1598 Coloniae
2120 1558 2268 1599 indices

153 1613 300 1667 profert
319 1628 394 1667 pag
429 1627 472 1665 13
483 1627 517 1665 3.
537 1613 603 1652 sed
624 1613 731 1653 addit
749 1628 756 1652 :
785 1614 834 1653 ln
853 1613 982 1653 labaro
1000 1613 1133 1652 deinde
1152 1628 1177 1653 L
1190 1629 1213 1652 E
1227 1627 1268 1653 G.
1299 1627 1350 1652 vl
1363 1627 1392 1652 1.
1410 1614 1512 1668 quod
1522 1623 1783 1668 argumentum
1800 1614 1849 1665 est
1864 1613 2043 1654 deduttos
2063 1614 2103 1653 eo
2123 1614 2266 1654 milites

140 1668 317 1722 septimae
346 1670 534 1721 Legionis.
576 1668 674 1708 Non
704 1682 817 1708 LEG.
851 1683 906 1708 VI
927 1684 957 1708 1.
990 1680 1028 1708 at
1056 1682 1172 1708 LEG.
1202 1682 1275 1707 vi.
1307 1683 1344 1708 F.
1377 1668 1497 1721 Legio
1527 1668 1648 1708 Sexta
1673 1668 2090 1724 Ferratalegendum3
2120 1669 2265 1710 amicus

150 1736 264 1777 putat
279 1726 350 1777 legi
375 1723 500 1775 posse,
532 1723 650 1777 Legio
667 1723 787 1763 Sexta
803 1722 970 1770 Fidelis,
997 1724 1108 1777 quod
1125 1738 1170 1764 ea
1187 1723 1367 1777 frequens
1381 1723 1426 1764 fit
1441 1723 1660 1778 Legionum
1675 1724 1880 1779 appellatio
1899 1740 1906 1764 :
1923 1726 2012 1765 cnm
2029 1737 2159 1765 autem
2177 1725 2266 1764 duae

151 1778 271 1818 essent
300 1780 492 1830 Legiones
524 1780 679 1819 nomine
707 1779 858 1826 Sextae‚
886 1780 1000 1820 altera
1026 1779 1204 1825 Vietrix,
1235 1780 1350 1819 altera
1365 1778 1525 1819 Ferrata
1545 1792 1790 1833 nuncupata,
1817 1779 1941 1821 littera
1959 1794 1998 1820 F.
2026 1779 2190 1819 Ferrata
2212 1778 2266 1820 ad

149 1834 303 1875 alterius
324 1835 503 1888 Legionis
521 1833 803 1875 distinffionem
825 1834 999 1889 apposita
1019 1834 1192 1880 videtur,
1220 1835 1281 1875 illa
1299 1834 1467 1875 hiemare
1485 1834 1591 1876 solita
1612 1835 1652 1876 in
1675 1836 1872 1877 Britannia
1899 1834 2090 1883 inferiori,
2117 1836 2200 1876 haec
2222 1835 2264 1876 in

143 1889 282 1944 Judaea
294 1916 304 1935 ,
334 1894 427 1929 teste
446 1889 586 1929 eodem
606 1891 735 1930 Dione
757 1891 845 1931 loco
863 1891 924 1932 cit,
955 1901 1031 1927 Eum
1046 1893 1116 1933 360,
1143 1892 1179 1927 ἇῖν
1194 1894 1222 1928 fro*
1239 1894 1310 1940 μὲζῶ,
1336 1898 1367 1930 ἂν
1382 1898 1534 1943 Βξετοιννίᾳ
1546 1900 1584 1943 τῇ
1598 1896 1698 1936 κάτω,
1720 1895 1750 1930 ἰδ
1766 1899 1791 1931 ἴ
1810 1895 1982 1942 Νικητῆρων,
2005 1896 2039 1931 ro*
2055 1895 2074 1942 {3
2092 1899 2122 1934 ἂν
2139 1898 2262 1940 letata,

149 1950 182 1984 τὸ
200 1952 321 1994 {aalma
335 1954 469 1991 τὲηεκῃᾳ
516 1945 643 1985 Sextae
659 1946 742 1986 duae
752 1974 764 1993 ,
792 1961 868 1986 una
887 1949 929 1987 in
945 1948 1116 2002 infi’riori
1132 1948 1363 1996 Britannia,
1393 1950 1549 1990 Vit't'rix
1565 1970 1579 1995 ,ς
1597 1949 1721 1990 altera
1736 1951 1778 1990 in
1794 1949 1939 2002 Judaea
1949 1977 1960 1996 ‚
1990 1948 2134 1990 Ferreae
2149 1962 2265 1998 voca-¹

104 2038 113 2046 ,
149 2000 234 2040 bulo
249 1999 409 2054 insigms.
450 2001 651 2055 Philippus
673 2003 726 2042 ob
746 2003 938 2057 egregiam
962 2006 984 2044 a
1011 2005 1185 2059 Legione
1205 2005 1320 2045 Sexta
1343 2005 1499 2045 Ferrata
1523 2019 1682 2060 operam
1706 2007 1747 2046 in
1768 2005 1869 2046 bello
1888 2004 2040 2045 Persico
2062 2004 2265 2054 collatam,

149 2056 232 2108 ejus
255 2056 468 2096 veteranos
484 2056 521 2096 in
543 2057 749 2097 Coloniam
769 2058 952 2106 deduxit,
981 2071 1025 2100 ut
1041 2060 1191 2101 animos
1207 2060 1373 2102 militum
1389 2061 1411 2101 a
1427 2060 1570 2115 quibus
1588 2061 1805 2116 Imperator
1823 2061 1912 2115 post
1929 2060 2177 2102 Gordianum
2192 2075 2262 2114 oc:

149 2111 264 2151 cisum
290 2112 546 2164 proclamatus
565 2125 664 2158 erat,
693 2113 940 2155 demulceret.

202 2189 286 2231 Hic
299 2203 471 2231 nummus
487 2204 536 2231 ex
552 2192 652 2232 omni
665 2190 810 2232 modulo
826 2205 961 2240 rarus,
978 2192 1162 2245 secundae
1180 2201 1310 2232 autem
1312 2171 1454 2246 foimae
1469 2190 1493 2232 a*
1513 2191 1665 2235 Patino
1671 2203 1762 2249 pag.
1783 2196 1871 2248 384.
1888 2195 2017 2238 editus
2033 2194 2098 2249 <st-

146 2782 293 2824 Eadem
311 2782 539 2838 epigraphe,
569 2781 633 2823 sed
650 2795 766 2840 caput
782 2777 1094 2827 Otaciliae'Lunae
1111 2801 1173 2828 cre
1190 2791 1292 2832 centi
1309 2792 1599 2847 superpofitum.

151 2841 157 2898 j
203 2855 226 2880 c
239 2855 322 2934 oAL4
341 2851 409 2900 aa
423 2853 460 2878 M
473 2854 512 2879 A.
542 2853 579 2878 M
592 2854 615 2879 E
629 2855 652 2881 τ
664 2855 739 2882 Ro.
779 2841 937 2883 Colonia
951 2842 1177 2895 :Damascus
1195 2846 1430 2902 Metropolu.
1468 2851 1570 2892 Puer
1588 2849 1726 2906 sugens
1743 2851 1910 2894 Damam
1926 2879 1940 2901 ,
1965 2853 2007 2894 in
2032 2853 2114 2896 imo
2136 2867 2255 2913 caput

291 2908 410 2935 netis.

196 2974 424 3036 Damasceni
447 2973 603 3015 similem
627 2977 737 3029 pueri
761 2977 928 3018 Damam
954 2978 1121 3033 sugentis
1142 2991 1279 3035 typum
1296 2982 1335 3022 in
1353 2982 1524 3038 Philippi
1541 2986 1733 3034 nummis,
1760 2987 1811 3028 ad
1828 2989 2016 3045 originem
2036 2991 2253 3036 conditoris

142 3029 246 3090 urbis
261 3030 334 3070 suae
351 3031 611 3092 renovandam
630 3030 824 3086 fignarunt
843 3049 850 3073 :
878 3034 1090 3075 Damascus
1108 3037 1291 3090 quidem,
1322 3038 1348 3078 fi
1366 3039 1564 3094 Stephano
1582 3041 1699 3089 fides,
1728 3044 1777 3084 ab
1799 3045 1900 3085 Asco
1916 3045 2072 3100 gigante
2093 3047 2251 3092 condita

141 3084 330 3146 traditur-3
357 3099 450 3125 num
470 3100 556 3140 quis
575 3088 597 3126 a
612 3101 736 3140 puero
756 3089 822 3129 illo
844 3090 1003 3130 nomine
1021 3091 1123 3131 Asco
1135 3119 1147 3138 ,
1177 3095 1216 3131 &
1236 3093 1258 3132 a
1276 3093 1402 3134 Dama
1421 3097 1569 3137 nutrice
1593 3099 1729 3139 urbem
1753 3099 1983 3140 Damascum
2009 3103 2250 3147 nominatam

139 3139 315 3192 inspicari
339 3142 463 3193 posset
480 3146 495 3182 ?
523 3142 644 3182 Porro
665 3145 757 3184 varii
782 3144 898 3197 hujus
923 3146 1026 3185 urbis
1049 3147 1271 3188 conditores
1290 3150 1449 3191 nomine
1466 3151 1661 3204 Damasci·
1681 3155 1730 3194 ab
1747 3156 1964 3196 auetoribus
1979 3157 2250 3208 recensentur,

137 3209 304 3256 quorum
324 3197 469 3256 primus
489 3197 629 3238 dicitur
646 3200 667 3238 a
683 3199 881 3252 Stephano
901 3201 1084 3241 Mercurii
1104 3204 1143 3240 ὃς
1163 3202 1380 3244 Halimedae
1399 3205 1445 3245 N
1447 3207 1601 3261 ymphae
1620 3207 1721 3249 filius
1736 3235 1749 3255 ,
1777 3211 1846 3263 qui
1865 3225 1913 3252 ex
1931 3212 2096 3254 Arcadia
2119 3214 2159 3254 in
2176 3215 2246 3270 Sy·-

135 3264 229 3312 riam
255 3252 449 3312 protectus
466 3279 478 3297 ‚
506 3253 639 3292 urbem
665 3254 718 3293 sui
739 3255 905 3295 nominis
925 3257 1132 3297 extruxerit
1150 3272 1158 3296 :
1187 3258 1280 3299 alter
1294 3259 1400 3312 apud
1419 3263 1587 3303 eundem
1603 3262 1764 3304 refertur
1779 3265 1952 3313 ejusdem
1968 3267 2071 3310 urbis
2084 3270 2242 3318 austor,

134 3320 201 3365 qui
221 3308 273 3367 ob
290 3319 414 3346 vineta
435 3307 550 3347 securi
567 3308 687 3349 excisa
704 3311 725 3348 a
743 3310 932 3364 Dionysio
949 3312 1161 3353 excoriatus
1178 3314 1232 3354 est
1249 3329 1257 3354 ε
1287 3315 1418 3355 tertius
1435 3317 1620 3371 aJustino
1639 3317 1702 3358 lib.
1719 3324 1782 3371 36.
1804 3320 1873 3373 qui
1887 3322 2022 3363 urbem
2038 3323 2154 3378 Syriae
2168 3340 2239 3368 no-

134 3362 344 3422 bilillimam
365 3363 591 3402 Damascum
609 3377 816 3412 memorat,
833 3367 854 3405 a
869 3365 1057 3406 Damasco
1070 3368 1184 3422 Rege
1201 3369 1400 3411 conditam
1416 3375 1455 3412 δε
1471 3374 1707 3414 nominatam
1717 3394 1730 3421 5
1756 3374 1822 3415 sed
1838 3375 1880 3416 hi
1897 3391 2034 3420 omnes
2045 3380 2241 3435 Damafii

132 3431 290 3457 nomme
310 3419 544 3471 percelebres
561 3419 582 3457 a
600 3420 725 3460 Darna
741 3421 872 3460 nutriti
886 3421 960 3461 esse
978 3434 1197 3476 potuerunt.
1240 3425 1394 3467 Voffius
1409 3427 1508 3470 Not.
1526 3430 1576 3471 ad
1587 3429 1724 3483 Justin.
1742 3430 1806 3470 lib.
1821 3436 1886 3485 36.
1902 3434 2052 3488 inquit:
2081 3438 2154 3478 De
2168 3442 2239 3492 ap-'

122 3473 330 3527 pellatione
350 3483 474 3512 autem
489 3474 606 3529 hty'us
620 3476 748 3522 urbis,
775 3485 926 3516 tantum
950 3477 1064 3529 cisefi’
1083 3478 1223 3521 abeunt
1251 3482 1425 3530 Veteres,
1451 3494 1637 3539 quantum
1661 3485 1685 3525 a
1710 3488 1892 3528 veritate.
1929 3490 2081 3533 Pinedo
2096 3494 2136 3533 in
2155 3494 2238 3535 Ste-

133 3527 249 3589 phan.
271 3543 357 3584 pag.
382 3542 427 3567 22
435 3544 472 3590 o.
503 3531 603 3583 Agit
613 3531 777 3593 'nunc-de
797 3540 913 3584 etymo
930 3532 1034 3572 urbis
1054 3534 1267 3589 Damasei,
1296 3536 1344 3581 ό
1364 3551 1446 3592 quae
1460 3538 1598 3590 affert,
1613 3540 1714 3593 ficut
1738 3556 1788 3581 ex
1815 3543 2029 3588 Graecorum
2041 3547 2236 3600 fermento

129 3583 379 3644 confestam·-
399 3598 487 3646 flu-⁹,
509 3583 677 3624 conditor
693 3595 807 3641 jacet
830 3589 871 3626 in
897 3589 1150 3641 antiquitatis
1165 3591 1334 3645 sepulcro
1352 3619 1365 3639 ‚
1392 3593 1462 3645 etsi
1476 3595 1670 3650 Josephus
1688 3623 1700 3643 ,
1730 3597 1830 3650 Uftn
1847 3602 1987 3643 Arami
2001 3603 2130 3656 filium
2153 3618 2235 3646 eam

129 3637 328 3699 conclzdiffe
344 3638 516 3700 edirffiffrzt.
557 3639 637 3691 Iam
653 3643 746 3702 vero
769 3655 949 3682 nummus
967 3643 1143 3685 Damasci
1160 3649 1262 3689 urbis
1282 3647 1521 3697 conditorem
1538 3652 1560 3691 a
1578 3652 1705 3693 Dama
1722 3655 1910 3698 nutritum
1928 3658 2107 3698 exhibere
2123 3660 2231 3701 vide-

130 3704 211 3737 tur,
242 3703 284 3731 ut
299 3706 337 3731 1n
357 3694 528 3755 plurimis
544 3695 719 3736 Colonns
738 3697 950 3737 Romulum
970 3702 1009 3738 δε
1024 3700 1194 3741 Remum
1214 3704 1236 3742 a
1257 3703 1368 3757 Lupa
1389 3705 1572 3748 educatos
1591 3708 1877 3752 observavimus
1895 3734 1907 3760 -‚
1933 3713 2014 3753 imo
2030 3713 2233 3768 Cydonia-

129 3759 178 3787 tae
193 3748 395 3788 Cretenses
413 3750 593 3790 Miletum
612 3752 802 3805 Apollinis
819 3757 858 3793 ὃς
876 3753 1058 3795 Acallidis
1073 3755 1157 3796 filice
1186 3759 1334 3800 Minois
1361 3758 1476 3801 filium
1493 3763 1597 3816 apud
1613 3763 1651 3804 se
1670 3776 1826 3813 natum,
1854 3767 1996 3809 deinde
2012 3770 2230 3824 expofitum

130 3803 153 3842 a
171 3814 312 3848 matre,
342 3804 363 3842 a
380 3803 468 3858 lupa
486 3807 624 3858 pariter
640 3807 772 3848 alitum
789 3808 827 3848 in
842 3810 1011 3849 nummis
1030 3811 1233 3862 caelarunt,
1262 3826 1306 3858 ut
1322 3815 1450 3858 videre
1469 3818 1523 3858 est
1543 3819 1649 3874 apud
1662 3819 1842 3865 Patinum
1858 3837 1942 3880 pag.
1961 3836 2023 3877 50.

185 3870 454 3968 ngflumrinis
469 3876 599 3927 prima:
617 3877 890 3932 magnitudinis
906 3879 1110 3932 rarzffimus
1128 3881 1190 3934 est.
1261 3904 1266 3907 ·

278 3940 346 3967 om.
440 3959 449 3969 .
1449 3940 1487 3984 Z
1517 3955 1539 3984 z
