2574 4214
196 1158 209 1166 ι
287 1157 299 1169 0
322 1152 331 1154 -
373 1131 442 1172 με
465 1129 490 1160 3·
512 1111 548 1151 A
568 1127 593 1151 L
614 1125 636 1152 B
658 1126 684 1152 A
713 1111 902 1166 Legiones
926 1112 1021 1152 duas
1045 1111 1209 1153 instituit
1224 1140 1236 1159 ‚
1274 1126 1392 1153 unam
1415 1113 1650 1169 cognomine
1669 1112 1872 1153 Vu‘tricem
1889 1140 1900 1160 ,
1928 1115 2016 1168 quae
2036 1113 2176 1154 Romae
2201 1113 2276 1167 pro

242 1181 257 1199 z
302 1169 318 1185 Ψ
407 1178 427 1221 ’ζ
452 1212 455 1223 ,
487 1168 489 1209 ἱ
510 1166 675 1208 Othone
692 1180 823 1208 contra
841 1167 1039 1208 Vitellium
1059 1168 1159 1209 stetit
1172 1188 1184 1215 ς
1212 1167 1367 1209 alteram
1387 1183 1414 1209 v
1429 1183 1483 1208 11.
1508 1170 1664 1209 nomine
1685 1168 1911 1209 Galbianam
1927 1195 1939 1216 ,
1968 1169 2015 1209 ab
2040 1182 2092 1209 eo
2113 1170 2152 1209 in
2177 1169 2274 1209 Pan-

225 1231 231 1239 ‘
329 1217 455 1278 ⁴1]-
509 1223 624 1263 nonia
648 1223 871 1263 collocatam
893 1237 900 1261 :
936 1222 1001 1262 sed
1027 1223 1078 1262 ob
1107 1225 1221 1264 breve
1245 1223 1401 1278 Imperii
1426 1235 1580 1278 tempus
1600 1251 1611 1270 ‚
1640 1223 1838 1264 verifimile
1863 1224 1918 1265 est
1938 1224 2060 1279 ipsum
2085 1224 2275 1265 Colonias

224 1319 230 1327 ‚
251 1321 261 1333 ᾖ
334 1326 348 1334 ᾖ
405 1280 453 1337 ᾖξ’
507 1292 586 1317 non
607 1278 814 1318 deduxisse.
851 1277 1120 1319 Exaustoravit
1136 1279 1296 1333 quidem
1313 1280 1354 1319 in
1373 1278 1503 1320 Africa
1519 1280 1732 1335 Legionem
1759 1294 1774 1319 1
1787 1293 1840 1320 11.
1861 1281 2096 1336 Augustam,
2125 1279 2191 1321 sed
2211 1291 2276 1331 tos

230 1333 245 1342 ‘
277 1361 348 1392 ,ψ
367 1337 436 1393 χ,ἰῖ
485 1348 487 1353 ·
508 1344 586 1374 tam
605 1334 657 1375 ob
676 1333 932 1375 rebellionem.
1738 1343 1741 1345 ’

231 1458 272 1499 G
285 1473 311 1498 A
326 1472 432 1500 LBAE
461 1460 603 1499 nummi
619 1486 630 1505 ,
660 1461 808 1500 eximiae
831 1460 1011 1501 raritatis
1022 1456 1122 1511 fitnt
1145 1456 1193 1503 ὠ
1214 1458 1408 1515 elegantia
1423 1485 1436 1506 ‚
1457 1459 1666 1513 praest’rtim
1692 1474 1743 1500 ex
1767 1474 1838 1501 aere
1860 1459 1978 1501 medio
1999 1477 2012 1506 ⁴,
2048 1473 2097 1500 ex
2115 1458 2252 1515 majori
2259 1464 2276 1514 ᾖ

177 1514 360 1558 haetenus
376 1527 449 1556 non
466 1514 775 1568 observattsunt.
2266 1514 2274 1520 ”

1012 1600 1439 1646 ΒΑΒΒ,Α.

173 2105 285 2142 {Min
316 2104 495 2132 GALBA
527 2096 756 2132 CAESAR.
797 2090 1091 2146 CaputGalbae'.
1809 2134 1811 2136 ,

227 2163 264 2190 c.
297 2163 330 2188 c.
363 2161 390 2187 1.
422 2163 456 2188 B.
489 2161 512 2187 E
524 2161 549 2187 x
581 2162 603 2187 c
614 2162 639 2186 0
651 2160 679 2185 N
691 2161 722 2186 s.
754 2161 780 2186 n
791 2161 816 2186 E
829 2161 865 2187 c.
897 2146 1052 2187 Colonia
1061 2144 1406 2199 CampestrisJulia
1414 2143 1571 2193 Babba,
1585 2158 1635 2186 ex
1649 2145 1824 2198 consensu
1833 2145 2106 2188 Decurionum.
2134 2146 2276 2200 ViEtof1

283 2203 337 2244 ria
356 2202 551 2260 gradiens,
580 2202 712 2243 dextra
729 2201 893 2243 lauream
904 2229 916 2249 ,
942 2201 1035 2242 laeva
1053 2202 1230 2256 palmam.

225 2282 340 2324 Mors
358 2281 529 2322 Neronis
545 2280 724 2322 omnibus
740 2293 844 2337 grata
861 2282 985 2323 varios
1002 2281 1218 2322 animorum
1240 2291 1368 2322 motus
1386 2294 1460 2335 pro
1478 2280 1604 2322 Galba
1621 2280 1801 2322 excitavit
1816 2308 1828 2328 ‚
1855 2281 2049 2336 praecipue
2072 2281 2177 2334 apud
2195 2281 2269 2323 Le-‘

171 2337 307 2395 giones
327 2341 365 2383 &
381 2337 484 2392 apud
500 2338 668 2392 populos
684 2365 697 2384 ‚
725 2338 905 2394 evulgato
930 2338 1086 2390 Imperii
1105 2351 1244 2378 arcano
1264 2352 1271 2377 :
1301 2337 1408 2392 poss'e
1432 2337 1647 2390 Principem
1670 2337 1758 2378 alibi
1777 2337 1894 2391 quam
1915 2337 2055 2378 Romae
2081 2336 2160 2377 fieri
2172 2365 2184 2384 ,
2211 2337 2269 2377 in-

200 2407 267 2435 ens
283 2393 394 2434 novis
409 2394 521 2434 rebus
540 2393 705 2434 materia.
743 2393 788 2433 In
808 2392 938 2434 Africa
953 2393 1118 2434 Clodius
1137 2393 1270 2447 Macer
1283 2420 1296 2439 ‚
1325 2393 1367 2434 in
1383 2393 1592 2434 Germania
1611 2393 1797 2434 Fonteius
1814 2392 1960 2447 Capito
1981 2392 2126 2446 aliquid
2144 2392 2272 2435 moliti

243 2461 268 2490 t.
303 2449 463 2492 Tacitus
489 2449 539 2489 de
565 2449 644 2490 aliis
667 2449 873 2502 provinciis
895 2449 1059 2504 loquens
1076 2477 1088 2496 ,
1117 2448 1349 2499 Histonblib.
1372 2461 1402 2489 1.
1439 2450 1574 2495 Duce,
1602 2449 1729 2503 inquit
1746 2475 1760 2496 2
1786 2449 2068 2494 Mauretania,
2097 2447 2267 2494 Rham,-

173 2503 361 2545 Noricum
375 2531 386 2550 ‚
415 2504 582 2544 Thracia
601 2531 613 2551 ,
642 2502 690 2548 (θ’
705 2518 786 2559 quae
806 2504 892 2545 aliae
906 2505 1228 2545 ‘Procuratorzbus
1245 2504 1465 2545 cohibentur
1481 2531 1494 2552 ,
1522 2513 1568 2544 ut
1590 2508 1722 2559 cuique
1743 2505 1930 2544 exercitui
1950 2505 2090 2543 vicinae
2105 2530 2118 2550 ,
2145 2505 2205 2543 ita
2224 2504 2268 2543 in

163 2558 346 2612 favorem
358 2569 428 2599 aut
442 2561 566 2599 odium
581 2561 758 2599 contaetu
776 2562 1028 2601 valentiorum
1043 2561 1263 2615 agebantur.
1291 2559 1473 2600 Tandem
1490 2571 1651 2614 utraque
1665 2560 1907 2600 Mauretania
1920 2558 2084 2599 Galbam
2101 2557 2267 2598 elerstum

203 2615 372 2660 robavit‚
401 2613 428 2653 fi
443 2615 602 2667 quidem
619 2614 680 2654 ille
695 2615 761 2655 uni
777 2615 822 2655 L.
838 2615 980 2655 Albino
994 2629 1056 2655 eas
1075 2615 1290 2669 provincias
1306 2614 1492 2670 regendas
1509 2615 1678 2662 dederit,
1705 2615 1846 2656 eodem
1862 2614 2056 2655 Historico
2071 2613 2166 2654 teste
2181 2613 2265 2653 hist.

188 2669 236 2708 ib.
255 2683 290 2708 2.
321 2667 487 2708 Albinus
501 2668 524 2707 a
541 2668 692 2707 Nerone
708 2669 963 2709 Mauretaniae
981 2669 1195 2722 Caesarienfi
1202 2670 1416 2724 praepositus
1428 2697 1439 2716 ‚
1466 2670 1602 2710 addita
1611 2682 1680 2724 per
1696 2670 1861 2710 Galbam
1877 2670 2264 2723 Tingitanaeprovin-

173 2726 242 2764 ciae
262 2723 582 2775 administratione
593 2749 605 2769 ,
632 2723 738 2762 haud
742 2723 963 2778 spernendis
982 2723 1130 2764 viribus
1144 2725 1289 2778 agebat.
1329 2725 1545 2765 Babbenses
1561 2725 1603 2763 N
1607 2725 1760 2764 umidiae
1771 2725 1988 2778 Tingitanae
2003 2722 2175 2763 Neronis
2193 2722 2267 2762 stu-

173 2777 270 2818 diost
287 2805 300 2824 ,
327 2778 481 2819 tandem
497 2778 614 2832 ipsius
633 2779 866 2819 extorfiones
886 2783 925 2818 δε
941 2779 1091 2832 rapinas
1114 2779 1263 2833 experti
1279 2805 1292 2825 ,
1319 2778 1454 2819 Galbae
1470 2790 1595 2834 partes
1615 2778 1731 2819 secuti
1750 2779 1859 2824 sunt,
1890 2778 2181 2831 Vi&oriamque
2200 2791 2265 2818 co-

172 2847 306 2875 ronam
323 2833 454 2873 dextra
470 2833 681 2888 gestantem
701 2835 754 2874 ob
771 2834 956 2874 Clodium
977 2834 1156 2875 Macrum
1178 2835 1218 2874 in
1235 2832 1365 2875 Africa
1384 2848 1454 2889 per
1472 2835 1733 2875 Garucianum
1751 2834 2042 2875 Procuratorem
2058 2834 2266 2886 interemp-

172 2899 256 2931 tum
268 2917 280 2935 ,
310 2889 348 2928 in
365 2889 448 2941 ejus
464 2889 631 2929 nummis
648 2889 913 2943 percusserunt.

229 2965 313 3006 Hic
328 2966 540 3008 nummulus
553 2967 696 3023 Rhegii
705 2995 717 3015 ‚
741 2969 783 3008 in
794 2967 927 3020 AIufio
943 2967 998 3009 P.
1013 2969 1194 3009 Cattanei
1207 2965 1420 3020 affervatus
1431 2994 1445 3015 ,
1461 2967 1668 3023 singularis
1685 2967 1880 3022 elegantia
1895 2965 1943 3012 dy
1955 2967 2130 3008 raritatis
2147 2963 2207 3019 est,-

924 3073 960 3114 C
986 3073 1022 3113 Ο
1050 3072 1092 3113 R
1118 3071 1147 3112 I
1170 3071 1221 3113 N
1244 3071 1286 3114 T
1307 3071 1361 3112 H
1385 3072 1427 3112 U
1449 3070 1486 3113 S.

168 3582 188 3612 s
201 3583 228 3612 v
239 3583 278 3612 L.
307 3584 333 3611 G
344 3584 371 3611 A
384 3577 422 3612 ιι.
455 3585 515 3612 CA
527 3585 551 3611 E
563 3584 582 3611 s
598 3585 624 3611 A
638 3585 681 3611 R.
712 3585 740 3611 A
754 3586 780 3611 v
793 3585 833 3612 G.
871 3571 1004 3625 Caput
1020 3570 1155 3611 Galbae
1174 3560 1253 3612 sine
1269 3571 1406 3613 laurea.

220 3640 276 3666 co
286 3639 326 3667 R.
355 3640 394 3666 L.
425 3640 448 3666 c
460 3641 487 3666 A
500 3640 542 3666 N.
576 3641 602 3666 A
616 3641 642 3667 G
653 3641 683 3667 R
695 3640 710 3666 1
723 3641 743 3667 P
756 3641 777 3667 Ρ
792 3641 818 3666 A
833 3641 868 3666 E.
900 3640 915 3666 1
930 3640 957 3665 1.
990 3640 1016 3664 v
1029 3639 1043 3664 1
1057 3639 1098 3666 R.
1131 3627 1328 3674 Corinthi,
1360 3625 1480 3666 Lucio
1493 3625 1652 3678 Caninio
1669 3625 1848 3680 Agrzppae
1864 3625 2100 3666 Duumviro.
2127 3624 2246 3666 Tem-

273 3680 379 3734 plum
398 3694 563 3735 quatuor
580 3682 842 3722 columnarum
855 3709 868 3728 ‚
897 3685 935 3721 &
952 3681 1123 3735 plurimis
1139 3681 1218 3722 aliis
1237 3681 1513 3722 circumdatum
1525 3707 1537 3726 ‚
1565 3679 1817 3736 gradibusque
1839 3693 2027 3721 ornatum.

217 3756 289 3797 Nil
306 3759 442 3798 mirum
459 3759 487 3799 sl
505 3759 719 3800 Corinthus
734 3787 746 3806 ,
774 3774 860 3813 quae
879 3760 931 3800 ob
952 3759 1162 3799 libertatem
1183 3759 1341 3798 Graeciae
1359 3759 1569 3799 conceffim
1585 3772 1789 3805 nummos,⁴
1818 3770 1861 3800 ut
1879 3759 2063 3804 vidimus,
2092 3757 2244 3799 Neroni

164 3812 392 3856 consecravit
409 3840 421 3860 ‚
451 3815 542 3855 alios
558 3815 693 3855 Galbae
706 3816 746 3855 in
765 3816 849 3868 ejus
868 3815 996 3855 locum
1016 3814 1138 3854 elesto
1157 3814 1348 3855 devoveat
1364 3841 1375 3860 ‚
1404 3817 1492 3855 etim
1511 3815 1572 3855 ille
1591 3814 1824 3868 provinciam
1841 3815 1977 3867 rapinis
1998 3817 2036 3852 &
2051 3813 2246 3868 sacrilegiis

164 3869 377 3914 vexaverit,
409 3867 435 3907 s1
449 3869 589 3910 Tacito
608 3869 702 3910 fides
723 3871 856 3910 Annal.
876 3884 891 3910 1
905 3883 937 3921 5.
973 3869 1180 3909 Enimverb
1197 3881 1264 3924 per
1283 3869 1412 3921 Asiam
1429 3879 1541 3925 atque
1558 3870 1750 3909 Achaiam
1769 3883 1842 3909 non
1861 3870 1957 3908 dona
1976 3868 2128 3908 tantam
2145 3895 2156 3914 ,
2173 3867 2251 3919 sed

149 3921 359 3979 fimulacra
376 3925 568 3966 numinum
585 3926 867 3979 abripiebantur
876 3951 889 3972 ‚
915 3924 1030 3976 miffi's
1045 3927 1086 3966 in
1102 3938 1166 3965 eas
1171 3927 1396 3980 provincias
1408 3927 1556 3966 Acrato
1573 3938 1618 3965 ac
1634 3924 1800 3965 Secundo
1816 3925 2026 3964 Carrinate.
2054 3922 2247 4016 cogntlbfi

2143 3991 2181 4015 aa
2222 3990 2254 4017 ae
