2574 4214
268 185 363 233 [γε
831 170 1502 224 ANTONINUS
1584 169 1831 223 PIUS.

319 237 515 280 Patrenses
537 251 682 294 paucos
705 238 934 281 dedicarunt
959 242 1161 283 Antonino
1184 241 1255 282 Pio
1271 256 1472 289 nummos,
1500 256 1550 282 an
1570 255 1729 297 propter
1748 242 1952 284 excitatam
1971 242 2011 283 in
2030 242 2176 284 Achaia
2192 243 2364 284 rebellio-

267 309 379 340 nem,
407 294 517 347 cujus
537 295 711 335 meminit
728 295 975 350 Capitolinus
993 298 1035 337 in
1051 297 1135 350 ejus
1150 298 1228 337 vita
1246 312 1254 337 ε
1283 298 1335 338 In
1350 299 1507 338 Achaia
1527 301 1645 338 etiam
1663 300 1833 353 usquein
1861 297 2060 352 QAEgypto
2087 298 2298 339 rebelliones
2312 313 2369 339 re-

259 350 401 405 preffit.
431 351 577 404 Apollo
592 351 630 390 in
647 350 774 390 aversa
791 363 898 405 parte
915 350 1082 405 signatus
1093 379 1104 398 ‚
1133 352 1214 403 ejus
1228 353 1267 392 in
1285 354 1380 393 urbe
1395 353 1542 394 cultum
1559 355 1684 408 arguit
1702 368 1709 392 :
1739 364 1909 406 pateram
1927 353 1988 392 ille
2007 353 2105 408 gerit
2122 354 2174 394 ob
2191 353 2369 394 sacrificia

267 405 337 460 ipsi
357 420 429 460 pro
449 406 684 460 Imperatore
699 404 806 446 faita.
838 406 1031 459 Apollinis
1047 407 1232 459 templum
1250 408 1290 447 in
1305 407 1393 448 foro
1409 408 1591 449 Corinthi
1607 410 1709 449 locat
1727 406 1926 447 Pausanias
1943 407 1981 447 in
2000 408 2157 449 Achaic.
2175 422 2259 464 pag.
2280 414 2367 462 136.

266 462 339 508 Ῐερᾶν
353 476 382 496 τε
399 459 551 496 Απίὶὶκωνος
565 464 708 505 nemim-oq
727 487 736 499 ‚
762 459 810 507 219),
829 461 949 495 Aminwv
964 465 1089 506 χαλκές
1103 460 1205 506 γυμνοὶ·
1220 464 1331 500 ἐαθῆπς
1346 487 1357 502 ,
1381 463 1576 509 ὰπδήμοιτα
1593 462 1612 507 ὃ
1628 463 1699 500 &mi
1713 471 1771 498 τοῖς
1794 461 1866 496 nvo-iv
1890 467 1942 499 ἑςιν
1959 462 2031 509 αυτῷ
2048 489 2058 502 ,
2084 463 2131 507 χρὴ
2147 467 2227 508 ἑτέρῳ
2246 463 2304 497 nachx
2318 468 2365 498 ἐπὶ

264 517 373 559 xgyvls
390 513 499 556 βέὲηκε
514 512 595 553 βοός.
623 509 799 562 Apollini
809 509 1077 562 etiamfanum
1092 508 1316 549 dedicarunt
1335 525 1348 549 .·
1377 511 1465 550 Dei·
1478 511 1620 551 nudum
1635 512 1685 563 est
1701 525 1750 550 ex
1768 524 1839 549 aere
1849 509 1991 564 fignum
2009 538 2020 556 ,
2040 511 2198 565 pedihus
2215 511 2368 552 tantum

265 566 468 611 calceatis,
494 578 649 620 quorum
662 563 782 608 altero
803 564 912 604 bovis
933 563 1058 604 calvae
1076 563 1218 615 Wsstil‘-
1247 564 1369 605 Paulo
1391 565 1478 618 post
1490 565 1577 618 ejus
1595 567 1755 607 statuam
1773 565 1815 604 in
1838 566 1958 605 Odeo
1974 566 2049 606 effe
2073 566 2234 619 positam
2256 566 2370 607 tradit

267 621 373 661 idem
389 622 529 660 austor.
561 631 671 670 Eaeenq
689 623 709 668 23
725 625 753 659 qs
771 626 886 669 dyogfcc
901 622 929 656 «ἢ
945 625 1061 667 ᾠδεῖον,
1085 622 1134 668 (9¹35
1149 621 1270 656 Anium
1287 625 1410 658 ὀνπιῦΞΥ
1425 624 1574 668 duanam
1593 626 1668 661 &im
1683 625 1778 666 digiae.
1834 621 1929 659 Cum
1937 621 2027 674 foro
2053 621 2197 660 Odeum
2215 623 2371 676 conjun-

266 678 371 717 cium
384 675 455 726 est,
481 677 524 714 in
539 689 580 714 eo
600 675 793 729 Apollinis
800 673 1042 724 simulacrum
1059 673 1200 714 eximiii
1214 674 1414 713 admodum
1423 675 1546 728 specie.
1575 674 1684 729 Lyrae
1699 676 1850 715 innixus
1866 675 1920 714 est
1939 676 2101 730 Apollo,
2119 676 2272 716 caelestis
2286 676 2371 716 har-

266 732 406 771 moniae
425 730 633 786 imaginem
652 730 937 774 demonstrans,
967 729 1073 769 unde
1091 728 1198 784 apud
1210 728 1454 770 Phornutum
1471 729 1521 770 dc
1544 729 1638 771 Nat.
1659 731 1780 772 Deor.
1801 729 1972 772 Muficus
1991 734 2028 771 ὅ(
2045 731 2295 772 Citharoedus
2314 732 2372 771 in-

267 785 434 826 ducitur.

321 863 407 904 Hic
421 862 783 915 nummusfi’cundae
795 861 1070 917 magnitudinis
1085 863 1188 902 inter
1202 876 1306 902 raros
1320 860 1569 903 coffocandus.

269 1492 297 1519 2⁸,
311 1492 342 1518 N
356 1492 379 1518 τ
391 1492 417 1518 o
430 1491 459 1518 N
476 1492 489 1519 1
509 1492 538 1518 N
553 1493 578 1519 v
592 1492 610 1518 s
645 1493 671 1519 A
685 1494 712 1520 v
725 1494 765 1521 G.
797 1494 820 1521 P
835 1495 851 1522 1
867 1495 895 1521 v
908 1495 938 1521 s.
980 1482 1116 1538 Caput
1135 1484 1324 1525 Antonini
1338 1483 1395 1525 Pii
1412 1485 1636 1526 laureatum.

322 1549 346 1574 c
362 1548 387 1573 0
402 1548 442 1574 L.
475 1549 517 1574 A.
550 1549 592 1574 A.
624 1548 645 1573 P
663 1549 690 1574 A
705 1550 786 1576 TR.
826 1536 982 1577 Colonia
1013 1539 1187 1594 Augusta
1211 1542 1314 1580 Aroe
1341 1540 1548 1591 Patrenfis.
1605 1541 1824 1582 Mercurius·
1850 1540 1957 1583 ledet
1979 1541 2020 1582 in
2046 1540 2194 1596 templo
2217 1539 2378 1597 distylos

375 1588 511 1630 dextra
527 1592 705 1637 extens-21,
736 1591 829 1631 laeva
854 1590 1068 1634 caduceum
1093 1595 1211 1649 gerit,
1239 1609 1313 1650 pro
1329 1596 1497 1649 pedibus
1514 1597 1621 1639 aries.

320 1666 540 1707 Mercurius
564 1667 699 1709 sedens
726 1668 766 1708 in
792 1671 961 1711 nummis
989 1672 1224 1713 Patrenfium
1251 1672 1433 1728 frequens
1465 1675 1653 1722 occurrit,
1681 1675 1745 1715 hic
1769 1675 1863 1715 vero
1891 1675 2081 1716 Antonini
2106 1674 2188 1722 Pii,
2217 1677 2256 1715 &
2283 1675 2377 1716 alter

265 1721 486 1763 Commodi
503 1722 608 1764 illum
628 1723 667 1764 in
687 1724 836 1778 templo
853 1726 993 1779 distylo
1015 1727 1222 1775 exhibent,
1247 1742 1297 1768 ex
1313 1730 1456 1783 quibus
1472 1730 1577 1771 hunc
1594 1731 1724 1770 Deum
1741 1730 1847 1784 apud
1864 1731 1966 1784 ipsos
1983 1731 2127 1772 cultum
2146 1729 2254 1770 fuisse
2270 1731 2381 1770 novi—

265 1791 374 1825 mus,
400 1778 547 1819 etiamfi
567 1779 671 1820 nulla
691 1780 791 1820 illius
809 1781 915 1834 apud
932 1781 1157 1824 Pausaniam
1172 1784 1212 1823 in
1232 1784 1431 1825 Patrarum
1447 1786 1550 1826 urbis
1567 1785 1821 1840 descripti-one
1835 1787 1983 1826 mentio
2001 1785 2058 1827 fit.
2093 1784 2204 1826 Aries
2223 1786 2381 1826 Mercu-

264 1834 325 1874 rio
341 1848 472 1875 comes
492 1834 665 1880 additur,
694 1847 739 1875 ut
755 1835 795 1875 in
813 1837 1110 1879 Corinthiorum
1128 1841 1320 1887 nummis,
1348 1841 1489 1882 eadem
1505 1841 1632 1882 forsan
1651 1842 1797 1882 ratione
1817 1855 1934 1894 quam
1950 1842 2029 1895 ipse
2054 1840 2252 1881 Pausanias
2268 1840 2382 1881 affert

263 1889 304 1929 in
326 1889 528 1937 Achaicis,
556 1890 669 1944 quod
687 1891 905 1932 Mercurius
921 1906 998 1946 prae
1015 1895 1158 1935 caeteris
1172 1909 1308 1950 greges
1324 1898 1421 1938 tueri
1440 1900 1479 1937 δε
1495 1911 1635 1951 augere
1652 1897 1909 1936 existimetur:
1927 1896 2045 1952 vulgo
2061 1896 2164 1936 enim
2178 1895 2378 1936 Pastorum

264 1946 376 1986 Deus
393 1945 604 2000 appellatus
622 1945 696 1993 est,
724 1947 806 1987 imo
825 1947 932 2001 apud
948 1949 1116 1990 eundem
1135 1950 1357 2005 scriptorem
1374 1955 1559 2002 Κμοφέρος,
1585 1952 1743 1992 arietem
1769 1950 1913 1998 ferens,
1942 1953 2019 1992 hoc
2036 1951 2195 1991 nomine
2212 1951 2234 1990 a
2251 1950 2380 1991 Tana-

263 2001 374 2057 graeis
388 2001 539 2048 cultus,
564 2001 678 2056 quod
695 2002 793 2043 circa
815 2003 918 2044 urbis
938 2017 1072 2046 eorum
1087 2019 1219 2047 muros
1235 2007 1394 2048 arietem
1414 2009 1589 2064 gestans,
1617 2006 1703 2047 illos
1719 2007 1930 2061 pestilentia
1946 2007 2129 2053 liberarit,
2147 2017 2190 2046 ut
2207 2005 2287 2059 ipse
2296 2020 2380 2047 nat-

266 2067 325 2098 rat
342 2056 407 2097 lib.
424 2071 462 2108 9.
482 2071 569 2112 pag.
594 2070 683 2109 574.
711 2065 758 2095 ΤΞ
772 2059 826 2106 μᾏ)
843 2065 869 2097 ἐς
885 2061 940 2098 vlu}
958 2066 1102 2104 ἐπίκληστν
1118 2067 1257 2111 Myso-w,
1279 2068 1347 2102 w‘co‘
1364 2071 1453 2113 Ερμῆς
1468 2071 1573 2113 σφίσιν
1588 2065 1757 2107 §ammaim
1769 2064 1845 2100 νὸπν
1862 2069 1996 2112 λοιμώδη
2016 2066 2080 2102 w&
2096 2066 2126 2100 αὖ
2139 2079 2168 2100 π
2183 2073 2278 2111 τεῖχος
2292 2066 2377 2108 xvii·

267 2117 470 2162 ιπὲιενέγκων.
525 2112 735 2168 Superioris
762 2114 913 2169 quidem
938 2119 1168 2171 cognominis
1194 2131 1276 2158 eam
1297 2117 1368 2170 effe
1391 2119 1545 2169 causam
1571 2119 1703 2159 dicunt
1720 2145 1733 2164 ,
1766 2117 1868 2173 quid
1884 2119 2136 2173 pestilentiam
2160 2119 2379 2159 Mercurius

265 2170 455 2210 averterit
465 2195 477 2215 ,
503 2168 725 2208 circumlato
740 2170 782 2209 in
799 2183 986 2210 murorum
1000 2171 1185 2212 ambitum
1200 2174 1331 2212 ariete.
1389 2173 1606 2214 Mercurius
1621 2173 1834 2215 caduceum
1858 2172 1998 2214 sinistra
2014 2175 2131 2230 gerit,
2158 2175 2304 2230 virgam
2320 2175 2379 2215 ni-

267 2225 430 2322 ‘dmum'
456 2224 521 2265 cui
539 2223 713 2286 impliciti
732 2224 818 2266 sunt
835 2224 917 2266 duo
934 2224 1151 2281 serpentes,
1178 2227 1283 2283 pacis
1299 2228 1413 2269 causa
1442 2243 1453 2269 :
1480 2228 1571 2270 hinc
1587 2229 1743 2286 Legati,
1771 2227 1908 2284 quide
1927 2243 2023 2284 pace
2044 2230 2271 2279 mittuntur,
2297 2230 2377 2273 Ca-

299 2291 496 2322 uceatores
509 2290 711 2322 nominati.

322 2358 407 2399 Hic
420 2372 594 2400 nummus
611 2357 811 2401 mediocris
829 2359 969 2402 moduli
981 2371 1053 2418 pro
1065 2348 1153 2402 raro
1171 2359 1381 2402 habendas.

1121 2463 1541 2507 TROAS.

273 3092 336 3121 1M
348 3093 379 3119 P.
413 3092 440 3119 A
456 3091 485 3118 N
499 3091 523 3119 ι·
536 3092 563 3118 o
575 3091 605 3118 N
618 3091 632 3118 1
645 3091 671 3118 N
688 3092 712 3118 v
728 3091 746 3117 s
783 3091 810 3117 A
825 3086 852 3117 'v
865 3091 904 3118 G.
936 3091 971 3118 P.
992 3091 1028 3118 P.
1056 3077 1190 3132 Caput
1214 3077 1400 3118 Antonini
1414 3077 1472 3119 Pii
1483 3077 1702 3119 laureatum.

327 3150 350 3176 c
363 3149 388 3175 o
401 3150 440 3175 L.
470 3149 497 3174 A
512 3149 538 3175 v
552 3148 589 3174 G.
621 3148 645 3174 τ
659 3147 691 3175 R
703 3147 729 3174 o
745 3147 772 3174 A
784 3148 823 3174 D.
854 3132 1010 3175 Colonia
1024 3133 1196 3190 Augusta
1214 3132 1438 3185 Troadenfis.
1475 3133 1648 3176 Vi&oria
1663 3133 1861 3190 gradiens,
1889 3134 2027 3176 dextri
2043 3149 2224 3179 coronam
2233 3164 2247 3186 2
2272 3137 2368 3182 laeva

383 3190 559 3245 palmam.

326 3268 452 3310 Troas
465 3298 476 3317 ‚
503 3270 592 3310 urbs
608 3268 784 3325 Phrygiae
799 3268 978 3315 minoris,
1005 3268 1053 3308 ab
1073 3267 1291 3310 Alexandro
1310 3267 1482 3324 Magno,
1510 3268 1615 3310 unde
1633 3267 1753 3309 Troas·
1769 3268 2010 3315 Alexandri,
2025 3270 2088 3310 seu
2102 3270 2364 3320 Alexandria,

275 3336 320 3365 ut
339 3325 508 3378 pluribus
533 3338 656 3367 narrat
674 3324 934 3379 QCurdus,
962 3324 1093 3379 paucis
1112 3325 1261 3365 tantum
1287 3325 1503 3366 milliaribus
1528 3326 1568 3365 in
1587 3325 1771 3365 Austrum
1790 3325 1813 3364 ἐι
1832 3324 1962 3376 Trojae
1987 3326 2184 3366 ruderibus
2203 3325 2365 3375 distans,

275 3380 446 3421 Colonia
469 3381 736 3422 Romanorum
756 3380 856 3421 faita
878 3380 934 3421 est
950 3407 962 3427 ,
993 3380 1087 3421 teste
1104 3380 1288 3421 Strabone
1311 3380 1373 3421 lib.
1397 3394 1454 3433 13.
1479 3395 1566 3436 pag.
1589 3394 1679 3434 593.
1711 3387 1782 3419 Νωῖ
1796 3384 1829 3418 δὲ
1846 3383 1893 3429 (984
1914 3392 2047 3430 Ρωμαίων
2061 3386 2199 3419 sonuum
2214 3387 2363 3430 δέδεκπᾳ.

277 3436 399 3479 Nunc
423 3436 537 3475 etiam
561 3437 815 3477 Romanorum
841 3436 1034 3476 Coloniam
1057 3437 1213 3490 excepit.
1252 3436 1314 3476 Ab
1331 3436 1508 3492 Augusto
1525 3436 1731 3477 dedufflmm
1752 3437 1875 3492 arguit
1891 3451 2034 3478 nomen
2051 3437 2233 3493 Augustae.
2276 3438 2363 3492 Ipsa

278 3490 552 3532 beneficiorum
576 3492 762 3533 Hadriani
790 3505 939 3532 memor
955 3519 968 3539 ,
1004 3492 1206 3532 Antonino
1233 3491 1304 3532 Pio
1334 3491 1414 3532 filio
1437 3492 1623 3547 adoptivo
1653 3491 1845 3546 gratulans
1874 3493 1926 3532 ob
1953 3493 2118 3547 aliquam
2146 3494 2362 3541 vistoriam,

278 3560 460 3589 nummos
477 3545 655 3600 signavit,
682 3547 747 3588 sed
763 3549 853 3588 curn
867 3547 929 3587 ille
944 3561 992 3587 ex
1010 3547 1233 3602 Capitolino
1247 3547 1411 3603 plurima
1427 3548 1522 3590 bella
1535 3561 1605 3604 per
1622 3547 1789 3603 Legatos
1803 3546 1892 3588 suos
1908 3548 2080 3603 gesserit,
2109 3562 2283 3603 quaenam
2300 3549 2360 3590 illa

280 3603 416 3648 fuerit,
444 3615 524 3641 non
541 3600 648 3641 facile
667 3603 721 3642 est
739 3602 997 3657 pronunciare.

336 3681 419 3722 Hic
438 3693 608 3720 nummus
622 3682 766 3720 minimi
786 3680 924 3722 moduli
942 3695 1051 3721 rarus
1065 3681 1128 3732 est.
