2491 4219
661 105 1730 178 TRAJANUS‘DE'e‘ius.
2178 128 2267 168 193

226 180 463 222 Antiocheni
484 182 666 236 plurimos
683 181 807 220 Decio
825 177 1086 231 percusserunt
1101 190 1301 229 nummos,
1332 177 1418 216 cum
1438 176 1468 215 is
1487 176 1525 213 in
1542 175 1685 227 Syriam
1702 173 1859 213 venisset
1875 186 2007 213 contra
2026 175 2059 214 L
2084 176 2273 222 Priscum,

172 237 241 290 qui
259 237 344 288 post
367 236 489 277 fratris
513 237 679 290 Philippi
698 239 862 274 mortem
879 232 1088 284 Imperium
1107 232 1315 285 arripuerat
1333 257 1344 276 ‚
1383 230 1492 284 quod
1511 228 1676 269 indicare
1694 230 1845 270 videtur
1867 233 1958 269 Aur.
1979 230 2114 270 Vistor
2135 233 2171 270 in
2196 231 2274 271 De-

171 291 220 331 cii
239 291 316 330 vita
336 291 430 330 dum
448 304 579 331 narrat.
619 290 808 344 Simulque
824 299 895 341 per
919 302 977 327 eos
1000 288 1080 327 dies
1100 288 1221 328 Lucio
1240 287 1374 336 *Prilio
1393 315 1404 332 ,
1431 288 1496 339 qui
1519 287 1748 325 Macedonas
1772 286 1831 339 (id
1849 286 1903 325 est
1919 285 2272 339 Syromacedonas)

171 344 402 393 Praesz'diatu
419 346 589 399 regebat,
618 345 744 384 delata
766 343 983 383 dominatio.
1013 343 1186 384 Confusa
1202 342 1379 382 videntur
1397 343 1549 395 reliqua.
1585 343 1681 393 ‚Qua
1699 341 1811 391 causa
1830 341 1958 380 Decio
1976 369 1986 386 ,
2017 355 2129 395 quam
2143 345 2273 394 potuit

168 400 389 441 maturrime?
405 402 528 439 Roma
543 399 719 453 dtgrcff0‚
747 397 825 440 &cz
861 398 937 438 Sed
957 399 999 438 L.
1018 399 1162 438 Priscus
1182 412 1388 450 procerum
1405 397 1669 448 conjuratione
1690 400 1804 435 caeius
1819 397 1874 436 est
1893 423 1903 442 ,
1934 395 2035 436 forte
2053 397 2141 435 cum
2165 397 2272 436 intel-

167 457 330 510 ligerent
349 456 511 494 Decium
530 455 568 494 in
589 454 824 507 provinciam
844 454 1099 500 contendere,
1131 465 1172 493 ut
1192 453 1292 491 idem
1314 452 1446 492 Victor
1468 452 1589 492 tradit.
1629 451 1768 490 Verum
1788 454 1938 507 utrique
1955 465 2042 491 mox
2060 452 2157 498 caesi:
2187 452 2274 491 clim

170 511 349 560 ‘Pastum
375 509 554 548 nobilitas
581 508 716 560 hostem
737 510 878 561 patriae
905 508 1106 560 cenfitilset.
1160 507 1338 547 Zofimus
1369 520 1458 546 eum
1486 506 1663 546 omnibus
1696 506 1974 546 intolerabilem
2006 506 2114 546 fuiffe
2139 507 2274 554 tradit,

166 570 303 613 ἀφόρητον
318 569 426 602 ἅπασιν
440 567 517 603 εἶναι.
556 564 688 616 Caput
705 563 888 602 muliebre
905 564 1102 609 turritum,
1121 562 1271 602 Genius
1286 562 1340 601 est
1357 562 1479 608 urbis·,
1508 563 1616 602 Aries
1630 562 1671 601 in
1688 562 1830 603 vertice
1847 563 2018 610 nummi,
2031 561 2271 604 Antiochen-

167 620 225 661 ses
242 633 384 659 annum
405 619 471 658 sub
487 620 563 660 hoc
582 618 688 672 [igno
708 618 889 658 inchoare
905 618 1078 658 denotat.
2266 613 2271 617 ’

222 710 306 750 Hic·
320 725 489 752 nummus
503 711 619 766 primi
633 708 772 750 moduli
786 711 827 748 in
845 709 916 747 hoc
932 706 1159 762 Imperatore
1174 719 1284 745 rarus
1301 706 1360 757 est.
1630 723 1660 769 X
1679 720 1682 721 ⁷

222 1374 249 1408 A
264 1380 293 1407 N
308 1381 330 1406 T
345 1380 360 1405 1
371 1380 397 1406 o
411 1380 435 1406 x
448 1380 470 1405 E
483 1379 561 1405 ΩΝ.
592 1379 628 1406 Μ
639 1382 667 1407 H
681 1381 704 1406 T
717 1381 738 1406 P
750 1382 787 1407 ο.
818 1368 844 1407 i<
858 1381 884 1406 o
899 1380 924 1406 A
936 1380 964 1406 Ω
976 1381 1021 1407 N.
1050 1372 1207 1416 Αντιοχέων
1224 1371 1430 1411 Μητροπόλεως
1444 1373 1603 1419 Κολωνίρις.
1631 1370 1666 1408 's.
1685 1381 1718 1407 c.
1745 1379 1780 1407 Δ.
1801 1380 1839 1408 E.
1866 1360 2080 1421 Templum
2097 1364 2267 1420 quamdi·

274 1423 461 1483 columnis
479 1434 675 1469 ornatum,
704 1423 744 1462 in
762 1437 843 1477 quo
864 1423 998 1464 mulier
1016 1421 1184 1463 infidens
1201 1423 1381 1477 rupibus,
1408 1421 1541 1462 dextra
1557 1423 1676 1476 spicas
1693 1423 1808 1478 gerit,
1824 1436 1897 1476 pro
1912 1423 1995 1475 ejus
2011 1422 2174 1477 pedibus
2192 1423 2266 1465 flu-

272 1492 358 1517 vius
377 1491 589 1532 emergens.
1970 1487 1972 1490 ’

217 1570 363 1610 Mulier
377 1568 543 1608 insidens
560 1569 717 1621 rupibus
735 1597 746 1615 ,
778 1569 992 1609 Antiochia:
1012 1570 1112 1609 urbis
1131 1569 1282 1609 Genius
1297 1569 1352 1610 est
1371 1569 1409 1609 in
1426 1569 1531 1609 aditu
1549 1569 1680 1622 templi
1700 1596 1711 1615 ,
1739 1566 1848 1622 quod
1866 1567 1915 1606 illi
1935 1567 2162 1608 exstrunum
2182 1573 2264 1606 me·

152 1638 285 1666 ¹morat
302 1624 529 1663 Ammianus
545 1623 597 1662 lib
625 1637 685 1663 22.
718 1624 910 1675 Reversus
926 1639 975 1664 ex
992 1626 1175 1663 comitatu
1188 1625 1406 1677 Principis,
1433 1624 1548 1678 quum
1564 1624 1737 1673 transiret
1743 1634 1814 1676 per
1827 1622 2025 1674 specioficm
2042 1622 2155 1661 Genii
2171 1630 2264 1660 tem-

150 1682 269 1734 plum.
308 1679 451 1718 Mulier
467 1678 625 1730 quidem
645 1680 801 1732 rupibus
820 1679 959 1720 inlidet
974 1706 985 1725 ‚
1013 1678 1064 1719 ad
1082 1679 1332 1719 indicandum
1348 1680 1431 1731 ejus
1448 1694 1487 1719 in
1507 1679 1607 1719 clivo
1625 1679 1766 1719 montis
1782 1678 1889 1730 Silpii
1914 1677 2026 1717 ficum
2043 1705 2054 1723 ,
2083 1688 2126 1715 ut
2148 1676 2263 1716 tradit

159 1734 378 1775 Eustathius
396 1734 432 1772 in
453 1733 609 1786 Dionys
627 1734 676 1773 de
694 1733 762 1774 ficu
782 1734 911 1774 Orbis.
941 1735 1006 1774 Ea
1025 1733 1114 1773 vero
1120 1735 1251 1789 juxta
1269 1734 1427 1788 Silpiam
1443 1744 1603 1774 montem
1622 1737 1767 1785 eslszta.
1799 1733 1999 1773 Eustathio
2015 1731 2263 1785 adstipulatur

156 1791 325 1844 joannes
344 1789 484 1828 Malela
499 1789 766 1830 Antiochenus
786 1790 824 1829 in
842 1791 1045 1830 Chronico
1064 1789 1237 1836 inedito,
1267 1790 1317 1829 de
1335 1791 1481 1844 origine
1502 1790 1605 1829 urbis
1625 1789 1707 1828 suae.
1746 1788 1812 1828 Illa
1832 1788 1949 1841 spicas
1971 1788 2068 1842 gerit
2084 1813 2097 1832 ,
2125 1786 2174 1826 ad
2194 1786 2263 1826 de-

148 1845 370 1885 inotandam
387 1858 516 1884 earum
539 1845 576 1883 in
594 1859 687 1897 agro
705 1845 999 1890 abundantiam,
1029 1844 1080 1885 de
1097 1859 1173 1898 qua
1193 1845 1287 1884 urbe
1306 1846 1532 1884 Ammianus
1550 1845 1611 1884 lib.
1633 1859 1690 1895 ¹4·
1719 1843 1932 1884 Antiochia
1949 1842 2084 1882 mundo
2108 1855 2148 1880 co
2173 1843 2260 1881 nita

157 1902 303 1940 civitas
319 1901 401 1944 cui,
429 1914 499 1938 non
520 1909 728 1939 certaver.t
745 1900 825 1939 alia
841 1901 1066 1940 advec’t'itiis
1085 1902 1145 1940 ita
1161 1900 1323 1952 adfluere
1339 1902 1453 1954 copiis
1470 1899 1518 1944 ό
1533 1901 1714 1940 interniss
1735 1899 1878 1954 Figura
1896 1897 2006 1940 fluvii
2020 1896 2149 1939 brachi
2187 1894 2260 1938 dis-

158 1955 342 2002 tendens,
369 1953 567 2000 Orontes,
595 1955 644 1995 de
659 1968 741 2009 quo
761 1955 970 2009 Dionyfius
991 1955 1096 1994 Alex.

626 2028 682 2061 Τῖξς
695 2024 727 2058 δὲ
745 2024 825 2068 ςς-ξές
837 2015 979 2059 αἶντῦλίῑω
996 2015 1189 2068 κᾷτασιῖρετή
1205 2023 1287 2069 ν’χᾶς
1305 2023 1445 2066 Ορᾶντης,

626 2070 798 2115 Α”απετΘη
825 2071 971 2119 Αντιὸχοιο
984 2076 1070 2118 μέσην
1087 2073 1151 2121 Q
1167 2081 1251 2118 Jocsw
1267 2073 1384 2121 &algam

623 2120 691 2160 Ab
706 2121 781 2161 hac
796 2131 922 2161 autem
940 2123 996 2161 ad
1013 2123 1210 2162 Orientem
1226 2122 1416 2162 delabitur
1431 2120 1599 2172 liquidus
1617 2121 1804 2169 Orontes,

623 2175 760 2227 Vastus
767 2202 780 2221 ,
806 2176 998 2215 Antiochi
1013 2177 1176 2215 mediam
1189 2178 1373 2229 regionem
1376 2174 1584 2229 perficam.
1641 2189 1649 2196 ·

211 2269 294 2312 Hic
309 2282 478 2312 nummus
494 2268 791 2324 mqjorisformae
806 2281 918 2306 rarus
932 2266 981 2316 5st
1000 2263 1048 2308 &¹
1063 2267 1227 2320 elegans.

212 2900 274 2931 An
286 2901 322 2928 M
338 2901 362 2928 A
377 2901 412 2927 P.
442 2899 466 2926 E
479 2899 533 2927 Ξο
544 2898 570 2926 Υ
581 2898 604 2925 c
615 2898 631 2924 1
644 2899 671 2925 A
685 2899 724 2926 c.
753 2891 942 2936 Δημωςχικῆς
958 2886 1091 2932 Εξεαίας.
1119 2882 1167 2924 In
1182 2883 1263 2925 imo
1280 2898 1313 2924 s.
1333 2899 1367 2926 c.
1398 2879 1540 2940 Aquila
1553 2876 1620 2925 alis
1635 2875 1808 2940 eitpanfis
1824 2883 1958 2930 infistit
1968 2885 2105 2943 palmae
2120 2901 2228 2930 ramo
2233 2892 2250 2938 3

265 2943 389 2985 rostro
407 2954 590 2983 coronam
609 2941 717 2996 gerit.

207 3040 399 3095 Qamvis
420 3039 482 3080 hic
499 3052 678 3080 nummus
696 3036 915 3080 Antiochiae
931 3044 1074 3077 nomen
1090 3051 1170 3078 non
1188 3037 1383 3091 praeferat‚
1410 3037 1461 3078 ad
1477 3048 1562 3078 eam
1579 3047 1707 3078 tamen
1723 3039 1911 3092 pertinere
1925 3051 1994 3079 nos
2011 3037 2151 3079 edocet
2166 3052 2249 3082 non

153 3097 278 3138 modo
294 3094 435 3150 Aquila
453 3096 573 3135 rostro
589 3108 778 3134 coronam
796 3107 951 3149 gerens,
979 3106 1096 3146 quam
1117 3093 1155 3132 in
1171 3094 1337 3147 Philippi
1354 3094 1518 3132 nummis
1537 3093 1574 3132 in
1595 3093 1667 3134 hac
1687 3094 1779 3133 urbe
1798 3107 1886 3134 curn
1904 3094 1985 3146 ejus
2004 3094 2162 3133 nomine
2177 3095 2248 3135 ob-

153 3153 382 3192 servavimus
400 3171 411 3196 ·,
440 3149 505 3190 sed
520 3163 614 3190 nota
637 3163 670 3189 s.
693 3164 728 3189 c.
747 3153 785 3188 &
804 3156 991 3199 Δημαςχικῆς
1008 3150 1130 3193 Εξεαίως
1150 3147 1361 3203 epigraphe
1381 3149 1418 3187 in
1438 3148 1481 3187 iis
1497 3147 1697 3201 frequens,
1725 3148 1820 3188 duas
1835 3149 1909 3189 ess'e
1923 3163 1994 3201 pro
2012 3160 2166 3188 moneta
2181 3163 2247 3190 cu-

152 3207 282 3247 denda
301 3206 518 3246 Antiochiae
544 3204 715 3245 officinas
742 3204 902 3248 indicat,
930 3218 1047 3243 unam
1076 3203 1210 3244 scilicet
1234 3217 1304 3257 pro
1333 3204 1538 3256 provincia:
1566 3203 1748 3249 Praefide,
1775 3204 1928 3244 alteram
1951 3217 2022 3257 pro
2048 3204 2160 3250 urbe,
2190 3206 2245 3245 ob

152 3262 391 3317 privilegium
410 3261 430 3299 a
447 3261 586 3300 Senatu
605 3259 675 3313 ipfi
695 3259 914 3299 concessum
931 3273 980 3298 eo
1003 3271 1177 3313 tempore
1201 3273 1282 3312 quo
1305 3258 1410 3311 Syria
1436 3259 1475 3298 in
1504 3259 1739 3311 provinciam
1759 3258 1976 3298 Romanam
1998 3258 2148 3298 redacta
2163 3259 2217 3300 est
2235 3275 2245 3299 :

151 3319 214 3359 illa
233 3319 271 3358 in
288 3317 454 3355 nummis
476 3330 501 3354 A
517 3328 545 3354 N
561 3329 584 3353 T
598 3329 611 3354 1
624 3329 649 3354 o
660 3329 684 3354 x
699 3328 721 3353 E
732 3327 760 3351 Ω
773 3328 802 3353 N
824 3314 1106 3367 inscriptionem
1124 3314 1302 3355 exhibere
1318 3313 1430 3360 solet,
1460 3313 1541 3353 haec
1567 3328 1591 3352 A
1607 3327 1634 3351 N
1649 3327 1673 3352 τ
1689 3326 1700 3350 1
1714 3327 1739 3351 o
1753 3326 1777 3352 x
1793 3327 1806 3351 1
1821 3327 1846 3352 A
1876 3313 1933 3352 vel
1963 3327 1998 3352 M
2009 3327 2035 3352 ο
2049 3327 2091 3353 N.
2124 3328 2151 3354 v
2164 3328 2187 3354 a
2207 3329 2242 3354 B.

153 3378 195 3413 &
210 3372 343 3427 saepius
359 3383 470 3410 notas
488 3384 518 3409 s.
538 3384 573 3409 c.
589 3377 630 3409 “Δ.
651 3383 687 3408 13.
708 3369 786 3409 fine
805 3371 906 3409 urbis
923 3370 1091 3409 nomine.
1132 3368 1347 3410 Antiochiae
1376 3379 1541 3408 monetae
1555 3367 1726 3407 Prazi'effi
1743 3368 1916 3408 meminit
1934 3369 2158 3408 Ammianus
2178 3369 2241 3409 lib.

155 3443 222 3470 22.
259 3428 423 3482 Cumque
447 3439 485 3464 eo
510 3425 754 3463 ‘Dracontius
774 3433 928 3464 monetae
944 3423 1181 3478 praeposttus,
1212 3424 1259 3468 εἴ]
1281 3423 1480 3463 ‘Diodorus
1502 3422 1656 3477 quidam
1681 3422 1805 3461 veluti
1831 3437 1972 3470 comes,
2001 3424 2153 3479 iry‘ec'lis
2175 3435 2242 3476 per

146 3498 262 3525 -crura
276 3483 433 3534 sumbus
444 3507 454 3526 ,
467 3479 585 3530 fimul
596 3481 808 3519 exanimati
811 3478 921 3530 funt.
950 3479 1093 3532 Aquila
1109 3477 1260 3520 solitum
1276 3479 1432 3532 Imperii
1446 3478 1619 3520 Romani
1632 3477 1846 3532 symbolum
1860 3478 1938 3526 est,
1966 3479 2154 3533 unguibus
2160 3478 2244 3532 palg

154 3552 227 3580 mae
250 3533 400 3583 insistit,
428 3535 670 3575 viel-oriarum
687 3534 801 3574 Decii
820 3534 1033 3588 augurium.

208 3629 293 3670 Hic
311 3642 481 3672 nummus
485 3626 648 3681 ficundt'
664 3627 803 3669 moduli
815 3626 950 3668 obvius
972 3624 1020 3670 ὠ
1036 3628 1169 3668 tritm.

209 3927 314 3969 Tam.
344 3925 410 3966 11.
1422 3921 1461 3975 B
1478 3921 1505 3973 ις’
