2574 4214
709 200 1678 251 insinuat-1115.
2154 227 2239 267 19,

145 282 196 311 M.
228 282 256 309 A
269 268 351 310 vn.
382 281 410 309 v
421 281 445 309 E
458 281 490 309 R
502 281 540 309 o.
571 281 594 309 c
607 282 634 309 A
648 282 672 309 a
686 281 719 308 s.
749 269 883 323 Caput
902 268 959 308 M.
981 268 1128 310 Aurelii
1144 268 1223 308 fine
1243 270 1378 310 laurea.

201 338 235 365 c.
265 338 294 365 1.
326 337 362 364 F.
394 338 426 363 s.
459 337 487 363 A
499 337 530 363 N
543 337 573 362 N
587 338 613 363 o
645 339 669 364 c
682 338 705 363 c
716 337 758 363 11
770 337 785 363 1
798 337 823 363 1.
856 323 1012 364 Colonia
1025 323 1143 375 Julia
1155 323 1268 364 Felix
1283 325 1437 378 Sinope,
1465 338 1562 364 anno
1582 335 1672 374 204..
1701 322 1843 378 Figura
1860 324 2050 365 muliebris
2068 325 2145 368 fine
2162 328 2245 368 bra-

253 379 370 425 chiis,
396 379 436 418 in
456 380 661 419 terminum
679 377 877 425 definens,
903 379 943 418 in
960 379 1040 419 imo
1062 378 1152 419 hinc
1171 394 1321 426 ramus,
1348 380 1440 420 inde
1458 380 1658 419 caduceus.

198 454 264 497 Ad
281 456 450 510 Sinopen
467 456 584 496 Ponti
603 451 758 497 Aiiatici
778 456 932 503 urbem,
962 456 1012 497 de
1029 471 1106 510 qua
1121 457 1162 497 in
1179 458 1382 498 Hadriano
1406 457 1598 503 diximus,
1628 463 1809 496 nummus
1836 452 2003 510 pertinet
2027 472 2034 495 :
2061 456 2121 496 illa
2141 457 2242 498 bunc

140 512 202 551 M.
222 511 382 553 Aurelio
397 511 526 552 adhuc
541 511 679 551 Caefiri
701 511 845 566 {ignare
863 512 1016 552 videtur
1037 513 1076 552 in
1096 515 1318 554 memoriam
1338 512 1453 566 ipsius
1469 511 1691 565 adoptionis
1712 511 1759 550 ab
1778 513 1979 551 Antonino
1993 511 2063 551 Pio
2079 512 2244 552 Hadria-

140 567 182 606 ni
194 566 295 620 juffu
311 565 439 613 faetae,
468 577 511 606 ut
530 577 656 607 narrat
674 567 893 621 Spartianus
911 568 949 608 in
968 567 1061 608 AElii
1083 567 1241 609 Caesaris
1255 569 1342 608 vita.
1373 567 1468 618 ‘Post
1483 567 1583 607 hunc
1598 565 1757 620 deniqne
1772 565 2000 606 Hadrianus
2024 566 2090 605 diu
2107 578 2243 620 anceps

139 621 237 677 quid
245 622 421 673 faceret,
449 621 690 661 Antoninum
714 621 942 674 adoptavit,
973 623 1094 662 Pium
1117 625 1329 677 cognomine
1354 621 1580 675 appellatum
1600 635 1611 658 .·
1635 623 1702 667 ,cui
1727 622 1975 660 conditionem
1996 621 2170 667 addidit,
2199 630 2243 660 nt

138 675 299 727 infestet·
314 676 494 715 Marcum
511 673 559 719 (ῤ’
583 677 720 715 Verum
739 678 959 716 Antoninos
973 677 1181 730 adoptaret.
1211 676 1441 729 Sinopcnles
1465 676 1656 716 Hadriani
1676 673 1869 714 beneficiis
1886 675 2038 716 fuerunt
2054 676 2220 715 devint-sti
2230 696 2243 722 ;

137 731 201 771 ille
225 732 328 771 enim
353 730 622 784 aquaeduftum
654 731 721 771 sub
751 728 925 784 Trajano
951 732 1167 784 incoeptum
1194 731 1390 785 perfecisse
1418 732 1588 777 videtur,
1616 730 1666 770 de
1693 744 1776 783 quo
1792 729 1934 770 Plinius
1951 730 2013 770 lib.
2041 745 2100 770 10.
2123 731 2238 783 Epist.

138 786 277 841 Neque
293 788 391 826 enim
410 785 659 826 dubitandum
666 794 785 839 puto,
814 787 906 841 quin
924 799 1024 841 aqua
1032 785 1274 840 perducenda
1289 785 1339 834 fit
1358 788 1399 825 in
1420 786 1610 826 Coloniam
1633 784 1876 838 Sinopensem.
1910 785 2015 824 Urbs
2032 786 2092 826 illa
2111 798 2241 827 autem

137 843 238 896 aqua
254 840 460 894 plurimum
476 840 694 894 indigebat,
724 840 867 881 Plinius
885 840 1031 895 quippe
1047 855 1097 882 eo
1117 841 1204 881 loco
1223 840 1335 881 valde
1352 840 1538 883 sitientem
1562 841 1771 881 Coloniam
1790 854 1874 879 earn
1892 840 1993 880 dicit.

191 894 303 950 Qd
333 894 452 950 figura
477 896 669 936 muliebris
693 896 754 936 illa
781 897 1017 937 telamonum
1044 910 1153 937 more
1181 896 1256 936 line
1276 896 1437 937 brachiis
1453 896 1712 949 repraesentet,
1742 894 1846 935 distu
1868 894 1969 936 foret
1986 894 2139 935 difficile
2160 895 2240 936 fine

136 949 264 993 Taciti
288 951 428 992 auxilio
453 950 513 992 lib.
540 964 578 1002 4.
605 951 673 1006 qui
699 952 738 990 in
765 950 960 992 Ptolemaei
984 952 1126 992 Soteris
1151 951 1300 992 somnio
1323 952 1373 991 dc
1399 952 1616 993 arceil'endo
1633 959 1681 992 ex
1703 950 1848 1003 Sinope
1860 950 1964 1004 Jove
1984 949 2047 990 seu
2065 951 2240 1004 Sinopite

135 1007 247 1053 Deo,
276 1007 342 1047 ubi
359 1007 525 1046 Dianam
540 1006 605 1047 seu
619 1006 884 1060 Proserpinam
899 1007 1042 1047 indicat
1059 1007 1118 1046 his
1136 1008 1278 1054 verbis,
1303 1007 1524 1047 Timotheus
1539 1005 1702 1063 quaesttis
1715 1008 1781 1061 qui
1794 1008 1836 1046 in
1853 1006 2025 1045 ‘Pontum
2041 1005 2217 1058 rneaffint
2226 1031 2240 1051 ,

134 1062 321 1116 cognoscit
334 1062 376 1101 in
393 1062 523 1101 Ponto
541 1061 609 1114 effe
626 1061 785 1116 Sinopen
795 1089 806 1108 ,
834 1076 901 1103 nec
906 1062 1046 1117 procul
1057 1062 1235 1115 templum
1260 1071 1389 1102 vetere
1413 1065 1513 1103 inter
1527 1062 1801 1116 accolasfama
1816 1060 1940 1113 Jovis
1956 1061 2079 1100 Ditis
2096 1080 2107 1106 3
2135 1074 2241 1100 nam-

159 1131 204 1157 ue
231 1115 278 1160 d?
306 1115 519 1156 muliebrem
546 1115 701 1172 effi'giem
724 1116 899 1167 affistere,
927 1131 1040 1172 quam
1059 1117 1228 1172 plerique
1246 1118 1515 1172 Proserpinam
1535 1126 1690 1158 vocant.
1720 1116 1965 1170 Proserpina,
1995 1115 2131 1157 eadem
2148 1129 2236 1169 quae

131 1132 267 1214 Diana.
298 1171 527 1213 Ptolemaeus
549 1184 677 1212 autem
702 1171 847 1226 legatos
872 1176 910 1213 &
938 1172 1043 1213 dona
1068 1173 1118 1212 ad
1142 1173 1500 1228 Scydrothemidem
1528 1171 1802 1227 Sinopensibus
1827 1173 2079 1226 imperantem
2096 1171 2235 1216 mittit,

130 1227 391 1281 praecepitque
416 1227 485 1273 iis,
516 1239 559 1268 ut
584 1226 765 1281 Pythium
799 1227 1021 1281 Apollinem
1051 1228 1218 1276 adirent,
1249 1228 1354 1268 unde
1377 1228 1538 1268 Oraculi
1566 1228 1644 1268 sors
1674 1241 1754 1267 non
1775 1228 1974 1282 ambigua,
2005 1227 2057 1267 ait
2071 1226 2234 1266 Tacitus

130 1282 219 1324 ibid.
248 1283 376 1328 Irent,
389 1281 706 1338 stmulacrumque
719 1283 781 1333 siti
789 1285 917 1335 patres
932 1283 1174 1330 reveherent,
1191 1283 1335 1334 sororis
1351 1284 1610 1339 relinquerent.
1642 1283 1777 1324 Nemo
1793 1282 1911 1323 nescit
1928 1282 2118 1335 Apollinis
2131 1281 2236 1322 soro-

130 1351 210 1379 rem
231 1338 306 1378 ess'e
326 1337 504 1377 Dianam.
532 1337 671 1392 Itaque
687 1337 800 1393 legati
821 1337 981 1377 statuam
993 1338 1108 1391 Jovis
1123 1339 1377 1385 abstulerunt,
1408 1342 1446 1377 &
1465 1339 1599 1378 Dianae
1620 1338 1859 1378 simulacrum
1878 1337 1983 1391 apud
2003 1336 2236 1390 Sinopenses

129 1392 288 1439 manfit,
317 1393 428 1447 quod
447 1392 498 1432 illi
513 1393 553 1432 in
573 1393 651 1433 hoc
670 1406 833 1433 nummo
850 1392 1029 1433 caelarunt
1057 1407 1066 1431 :
1096 1392 1160 1433 sed
1180 1394 1339 1434 Amicus
1358 1393 1555 1439 reclamat,
1585 1407 1762 1447 quaenam
1784 1394 1853 1433 ista
1873 1394 2008 1433 Dianae
2027 1392 2146 1445 figura
2164 1395 2178 1432 ?

183 1448 320 1490 Dianae
343 1460 419 1489 tres
446 1449 469 1487 ἐι
494 1448 688 1489 Cicerone
710 1447 761 1488 de
783 1448 880 1489 Nat.
906 1448 1027 1488 Deor.
1052 1459 1425 1495 commemorantur,
1452 1449 1551 1489 inter
1574 1462 1670 1501 quas
1697 1448 1825 1488 notior
1843 1448 1897 1487 cst
1914 1448 2026 1500 Jovis
2044 1451 2082 1486 ὃ(
2099 1447 2235 1486 Diance

129 1503 228 1551 filia,
254 1516 374 1558 quam
393 1503 500 1544 vario
519 1503 641 1544 modo
658 1503 793 1558 populi
811 1505 982 1544 venerati
1000 1503 1106 1550 sunt,
1135 1503 1365 1557 diversoque
1392 1503 1515 1543 modo
1542 1502 1623 1556 ejus
1648 1502 1808 1558 figuram
1827 1503 2103 1548 exhibuerunt,
2132 1503 2236 1542 unde

129 1559 274 1600 diversa
290 1559 388 1599 illius
404 1559 581 1606 nomina,
608 1573 697 1612 quae
712 1570 869 1599 centum
889 1562 928 1598 &
946 1560 1039 1599 ono
1056 1560 1226 1600 recenset
1243 1559 1363 1600 Lilius
1382 1559 1564 1599 Giraldus
1591 1558 1773 1613 syntagm.
1798 1571 1855 1597 12.
1894 1558 2087 1611 Sinopites
2105 1557 2235 1597 nostra

127 1629 210 1657 non
234 1614 399 1655 multum
421 1614 443 1654 ἐι
469 1614 594 1654 Diana
620 1613 785 1668 Ephesia
809 1617 850 1653 ὅ(
874 1613 1077 1669 Magnesia
1096 1642 1108 1661 ,
1146 1629 1243 1668 quas
1270 1622 1414 1654 norunt
1443 1610 1682 1668 Antiquarii,
1709 1612 1840 1653 differt
1864 1628 1872 1653 :
1900 1612 1964 1652 sed
1989 1610 2017 1652 fi
2040 1613 2232 1665 conjicere

125 1666 235 1717 licet,
264 1684 408 1712 nomen
423 1669 540 1711 habet
560 1669 766 1724 Priapinae,
795 1669 846 1709 fic
865 1671 970 1724 apud
991 1668 1238 1711 Plutarchum
1252 1671 1293 1710 in
1310 1669 1473 1710 Lucullo
1490 1685 1525 1724 p.
1542 1683 1635 1720 499.
1653 1668 1860 1722 appellatae.
1891 1673 2007 1718 Aelyew
2027 1672 2058 1715 ᾧ
2073 1673 2231 1718 Agrinion

128 1733 216 1777 χιλῷ
232 1733 400 1771 Πωαπίνης
415 1731 431 1763 o‘
444 1729 553 1775 χειμών
570 1734 697 1776 ἐμπεσεῖν
712 1738 764 1766 ‘msc
787 1729 934 1768 ssbv‘rmeie
948 1728 1103 1768 συλήσασιν
1116 1732 1210 1765 duait
1224 1732 1253 1764 ’τῦ
1270 1729 1338 1774 [spir
1354 1732 1378 1779 »ᾗ
1395 1728 1424 1763 ’τό
1440 1728 1542 1771 ξόανον
1558 1728 1762 1763 oimwoimm.
1801 1722 1921 1762 Fama
1951 1731 2053 1763 tenet
2076 1722 2229 1762 Dianae

126 1782 326 1835 Priapinae
342 1780 526 1834 irdfuffl
542 1780 793 1835 tempestatem
813 1780 922 1820 illam
940 1781 1121 1821 ‘Ponticis
1137 1773 1365 1833 immiffam,
1385 1780 1487 1836 quod
1486 1780 1633 1834 fanum
1657 1778 1989 1835 ejusſjooliaffient,
2019 1775 2067 1820 ὅ]
2078 1777 2231 1832 stgnum

123 1837 202 1878 loco
219 1836 426 1888 moviſjent.
456 1835 550 1889 Ejus
562 1835 685 1876 forma
701 1835 779 1876 fine
794 1836 956 1877 brachiis
971 1837 1011 1876 in
1030 1848 1208 1877 truncum
1233 1836 1369 1877 definit
1386 1863 1398 1882 ,
1428 1836 1581 1890 qualem
1596 1835 1727 1877 videre
1744 1834 1851 1874 estin
1866 1833 2033 1873 nummis
2047 1832 2229 1886 Priapum

123 1891 327 1934 hortorum
344 1889 568 1938 Praesidem,
596 1891 647 1931 de
670 1901 751 1945 quo
770 1892 956 1933 Horatius
976 1894 1015 1932 in
1033 1891 1208 1932 sermone
1228 1892 1278 1932 de
1300 1892 1406 1945 ipso,

420 1946 524 1986 Olim
541 1955 702 1986 truncus
717 1960 820 1986 eram
830 1946 1023 1999 ficulnus,
1051 1945 1099 1990 ὠ
1115 1946 1254 1986 inutile
1271 1946 1435 2002 lignum,

420 2002 454 2042 C
454 2001 516 2041 itm
522 2000 642 2054 faber
658 2004 846 2049 incertus,
861 1998 1065 2054 scamnum
1069 2002 1293 2056 faceret-ne
1315 2001 1503 2056 Priapum
1517 2026 1530 2049 ,

418 2056 570 2096 Maluit
589 2056 658 2108 effe
673 2056 817 2097 “Deum

122 2107 324 2166 Ejusmodi
348 2111 553 2153 muliebres
581 2111 721 2167 figuras
747 2125 794 2151 ex
821 2110 1004 2153 Vitruvio
1026 2111 1255 2166 Caryatides
1275 2111 1471 2167 appellant
1494 2111 1516 2151 a
1544 2111 1649 2165 Cary
1673 2107 1932 2165 Peloponnesi
1949 2109 2063 2158 urbe,
2092 2109 2134 2150 in
2152 2119 2231 2165 qua

121 2168 249 2210 Diana
266 2167 445 2222 Caryatis
459 2167 605 2208 summa
621 2167 871 2207 veneratione
887 2167 1094 2207 colebatur.
1362 2217 1366 2220 .

176 2224 241 2264 De
260 2236 333 2264 aera
349 2223 453 2264 urbis
469 2223 510 2263 in
525 2235 688 2263 nummo
703 2221 846 2278 signata
862 2222 976 2262 nobis
994 2222 1161 2276 superest
1177 2221 1397 2262 dicendum.
1425 2222 1571 2277 Sinope
1587 2221 1780 2276 epocham
1796 2221 1989 2278 geminam
2005 2221 2044 2262 in
2060 2221 2231 2262 nummis

120 2279 382 2334 computavit,
409 2292 527 2319 unam
552 2280 574 2318 ὲ
600 2278 772 2318 libertate
796 2276 971 2319 concessa
979 2304 991 2324 ,
1021 2277 1178 2318 alteram
1198 2279 1220 2318 a
1236 2277 1404 2318 Colonia
1423 2277 1591 2319 dedusta
1608 2293 1616 2317 :
1643 2277 1895 2332 posteriorem
1914 2278 1953 2318 in
1970 2278 2047 2318 hoc
2065 2276 2124 2317 M.
2142 2279 2228 2317 Au-

118 2335 200 2376 relii
215 2335 444 2376 numismate
463 2338 501 2374 &
519 2335 558 2374 in
577 2334 696 2375 altero
713 2333 916 2374 Caracallae
936 2333 1093 2374 exhibet
1114 2348 1122 2372 :
1148 2333 1408 2388 antiquiorem
1424 2333 1572 2374 veroin
1590 2332 1795 2374 Gordiano
1811 2333 1882 2374 Pio
1903 2332 2034 2387 fignat.
2062 2332 2228 2385 Sinope,

119 2389 247 2443 Ponto
262 2391 348 2445 post
362 2389 601 2432 Mithridatis
617 2400 784 2430 mortem
798 2390 836 2430 in
853 2389 1089 2442 provinciam
1106 2387 1263 2429 redaAEto
1274 2415 1286 2435 ,
1313 2389 1506 2430 Romanis
1520 2388 1669 2430 subdita
1683 2389 1759 2435 est,
1787 2401 1907 2443 quam
1920 2388 2134 2428 Pharnaces
2144 2387 2230 2427 Do-

119 2444 232 2487 mitio
259 2446 427 2486 Calvino
444 2445 538 2500 Julii
567 2444 728 2486 Caeiaris
749 2446 791 2485 in
816 2445 998 2501 AEgypto
1021 2455 1115 2485 tunc
1142 2444 1326 2485 morantis
1346 2445 1516 2500 Legato,
1542 2444 1583 2484 in
1600 2445 1784 2485 Armenia
1801 2444 1955 2486 devisto
1977 2442 2157 2498 diripuit,
2186 2445 2228 2483 δε

118 2501 288 2542 Pontum
314 2502 459 2542 avitum
484 2501 602 2556 patris
630 2515 792 2556 regnum
820 2501 1045 2554 occupavit,
1073 2500 1124 2540 de
1141 2514 1224 2554 quo
1241 2500 1394 2540 Hirtius
1412 2499 1496 2540 bell.
1516 2500 1627 2540 Alex.
1656 2500 1792 2540 Muta
1814 2499 1949 2554 oppida
1964 2499 2227 2553 expugnavit,

121 2555 217 2597 bona
231 2558 377 2597 civium
394 2557 650 2597 Romanorum
666 2557 988 2611 ‘Ponticorumque
1001 2555 1172 2610 diripuit.
1203 2554 1330 2596 Caesar
1346 2555 1509 2617 Sinopes
1534 2555 1792 2596 calamitatum
1816 2554 2005 2601 misertus,
2032 2553 2227 2594 Pharnace

120 2610 277 2665 fugato,
306 2615 345 2651 &
362 2611 515 2665 recepta
532 2611 752 2665 provincia,
779 2611 829 2650 illi
845 2611 939 2651 dato
955 2610 1079 2663 Juliae
1096 2610 1275 2656 nomine,
1303 2610 1514 2651 Coloniam
1533 2609 1731 2652 constituit
1747 2624 1850 2650 anno
1868 2611 1923 2650 U.
1943 2610 1992 2649 C.
2012 2613 2102 2660 706.
2120 2609 2182 2649 cui
2198 2607 2225 2648 fi

121 2666 317 2707 addideris
338 2680 460 2707 annos
482 2679 571 2717 204.
593 2666 632 2705 in
650 2680 813 2706 nummo
829 2666 998 2720 signatos
1010 2693 1022 2712 ‚
1049 2665 1218 2706 efficient
1236 2666 1290 2705 U.
1314 2666 1361 2705 C.
1379 2680 1473 2715 909.
1491 2680 1574 2719 quo
1593 2665 1653 2705 M.
1673 2667 1853 2706 Aurelius
1869 2665 1917 2704 ab
1936 2664 2139 2705 Antonino
2153 2663 2225 2703 Pio

119 2721 348 2775 adoptatus,
375 2721 633 2761 Tribunitiam
658 2721 885 2774 potestatem
922 2735 938 2761 1
954 2735 989 2760 x.
1018 2720 1169 2760 Plautio
1192 2719 1346 2760 Silvano
1367 2725 1406 2760 &
1431 2721 1564 2760 Sentio
1592 2721 1797 2775 Augurino
1824 2720 1931 2760 Cossss
1947 2719 2106 2774 agebat,
2133 2719 2225 2765 cum,

123 2777 343 2818 Antoninus
359 2777 450 2818 Pius
467 2791 492 2817 x
506 2791 532 2817 v
545 2790 560 2817 1
572 2789 588 2815 1
600 2790 628 2816 1.
655 2788 811 2831 gereret.

174 2854 258 2896 Hic
272 2869 443 2898 nummus
457 2855 631 2909 secundae
646 2855 945 2912 magnitudinis,
970 2855 1014 2895 in
1032 2853 1155 2905 museo
1169 2851 1308 2905 nostro,
1335 2854 1483 2893 eximiae
1501 2854 1678 2894 raritatis
1699 2852 1747 2906 est
1765 2851 1812 2896 ἐν
1829 2835 2047 2906 elegantiae..⁸

959 2955 1376 2999 TROAS.

120 3544 171 3573 M.
201 3544 229 3572 A
240 3544 271 3572 N
283 3544 307 3572 T
319 3544 346 3571 o
359 3543 388 3570 N
399 3544 414 3570 1
425 3542 455 3570 N
468 3541 493 3569 v
507 3541 527 3569 s
560 3541 588 3569 A
600 3541 628 3570 v
639 3541 680 3569 G.
713 3542 746 3568 P.
778 3543 813 3570 ι’.
841 3529 976 3583 Caput
991 3527 1049 3568 M.
1067 3526 1216 3569 Aurelii
1230 3528 1453 3570 laureatum.

174 3601 199 3629 c
210 3601 236 3627 o
248 3601 287 3627 L.
317 3599 344 3626 A
357 3599 384 3626 v
396 3599 437 3626 G.
468 3599 493 3624 τ
507 3598 538 3625 R
550 3598 575 3624 o
591 3599 631 3624 A.
661 3584 817 3625 Colonia
833 3583 1007 3640 Augusta
1024 3583 1252 3637 Troadenfis.
1279 3584 1421 3639 Figura
1439 3583 1479 3622 in
1495 3581 1634 3635 cippo,
1662 3593 1769 3635 pone
1791 3576 1946 3621 dorsum
1963 3593 2090 3627 arcus,
2118 3580 2215 3622 dex-¹

230 3642 289 3683 tra
307 3652 498 3696 pateram,
525 3640 618 3680 laeva
633 3653 776 3681 arcum.
2077 3648 2081 3652 ’

122 3732 140 3761 1
151 3733 187 3760 M
201 3734 236 3760 P.
264 3733 314 3760 M.
346 3735 374 3760 A
386 3734 414 3760 v
426 3733 466 3760 R.
499 3734 527 3759 A
540 3733 571 3759 N
585 3734 608 3759 τ
619 3734 645 3760 o
659 3733 690 3760 N
702 3733 718 3759 1
730 3732 760 3759 N
775 3733 801 3759 v
814 3732 848 3759 S.
877 3718 1010 3773 Caput
1025 3715 1082 3757 M.
1104 3714 1249 3757 Aurelii
1267 3716 1490 3756 laureatum.

177 3789 201 3816 c
213 3789 238 3815 0
250 3790 290 3816 1..
323 3789 349 3815 A
361 3789 389 3816 v
401 3789 439 3815 o.
471 3789 536 3816 TR
548 3789 574 3815 o
589 3789 629 3815 A.
660 3774 815 3816 Colonia
830 3773 1004 3829 Augusta
1020 3771 1244 3823 Troadensts.
1273 3772 1419 3813 Eadem
1435 3771 1555 3826 figura
1571 3770 1611 3810 in
1629 3769 1769 3824 cippo,
1797 3781 1885 3812 ante
1904 3782 2021 3824 quam
2037 3782 2098 3810 ara
2117 3767 2214 3824 igni-j

232 3841 295 3877 ta,
322 3833 362 3870 δε
380 3844 484 3886 pone
500 3830 595 3871 lauri
609 3844 748 3871 ramus.

177 3908 242 3949 De
262 3908 430 3950 Colonia
443 3907 660 3950 Troadensi
679 3908 845 3950 diximus
862 3908 902 3948 in
925 3907 1126 3948 Antonino
1141 3904 1223 3947 Pio.
1253 3904 1434 3960 Figuram
1452 3904 1527 3945 basi
1545 3906 1583 3944 in
1603 3915 1768 3959 utroque
1792 3917 1953 3944 nummo
1976 3901 2214 3957 impolitam,

124 3963 422 4060 aliiYApollIinem
434 3991 447 4013 ,
474 3964 536 4007 alii
554 3964 721 4007 Dianam
737 3964 820 4019 ejus
835 3963 1004 4006 sororem
1020 3963 1279 4009 arbitrantur,
1305 3961 1368 4003 sed
1388 3962 1476 4056 ἒῂἓι
1495 3960 1544 4000 de
1562 3959 1686 4000 Diana
1706 3962 1744 4000 in
1761 3959 1927 4000 Troadis
1945 3958 2097 4054 histmaig
2105 3956 2222 4053 {ppei

213 4033 280 4061 om.
335 4050 344 4059 .
2098 4026 2115 4053 e
