2574 4214
384 1137 417 1178 E
427 1152 458 1179 a
467 1149 504 1178 M
515 1149 542 1178 A
556 1150 587 1178 N
599 1150 616 1177 1
626 1151 649 1178 c
660 1151 676 1177 1
705 1140 849 1179 nummi
861 1138 997 1193 primae
1011 1131 1148 1187 fhrmae
1167 1133 1246 1174 non*
1258 1131 1510 1184 observantur
1522 1151 1536 1178 3
1555 1130 1735 1184 secundae
1751 1128 1800 1177 ὠ·
1814 1131 1978 1172 minima
1995 1143 2079 1171 cum
2084 1128 2172 1182 fhla
2185 1129 2267 1186 eius
2283 1126 2358 1180 effi-

378 1196 445 1252 gie
456 1222 469 1243 ,
497 1192 671 1245 rariffimi
673 1193 774 1246 sunt
783 1214 796 1242 ς
824 1203 868 1236 at
883 1206 969 1234 cum
985 1190 1122 1244 ‘Druso
1137 1203 1186 1230 ex
1200 1189 1360 1242 adverso
1370 1212 1383 1236 ,
1399 1187 1568 1241 saciliics
1579 1197 1784 1244 parantur.
2218 1194 2220 1197 '

898 1283 1727 1364 CQAESARaUGUSTA.

261 1905 299 1934 c.
324 1904 360 1932 c.
386 1902 428 1930 A.
460 1903 486 1929 G
499 1903 523 1928 E
538 1901 615 1928 ΚΜ
629 1900 656 1927 A
670 1899 702 1927 N
715 1897 731 1927 1
743 1900 766 1927 c
778 1900 805 1927 v
818 1900 837 1927 s
871 1899 895 1926 c
908 1899 935 1925 A
947 1899 970 1925 E
984 1899 1002 1926 s
1017 1894 1043 1925 A
1058 1895 1088 1927 a
1121 1899 1146 1926 T
1159 1898 1189 1925 1.
1221 1897 1250 1925 A
1263 1898 1290 1925 v
1303 1897 1345 1926 G.
1374 1895 1412 1924 F.
1449 1877 1608 1924 Colonia
1625 1880 1796 1934 Caesarea
1809 1878 1994 1937 Augalla.
2023 1877 2269 1920 Germanicas
2285 1876 2367 1928 Caes

360 1947 433 1998 sar
448 1944 592 1985 Tiberii
606 1946 724 1999 Augu
757 1944 772 1982 i
778 1941 902 1994 filius.
932 1941 1066 1996 Caput
1084 1940 1308 1981 Germanici
1326 1939 1488 1979 nudum.

316 2012 344 2042 ‘r
356 2015 386 2042 1.
416 2015 440 2042 c
451 2013 480 2040 A
492 2009 518 2040 E
530 2013 549 2041 s
564 2013 592 2039 A
603 2013 636 2040 R
667 2013 696 2038 A
709 2012 737 2038 v
748 2012 774 2039 G
788 2011 816 2038 v
830 2012 849 2038 s
864 2012 888 2038 r
901 2011 928 2038 v
940 2009 974 2037 s,
1015 1997 1149 2051 Caput
1167 1995 1319 2036 Tiberii
1336 1994 1562 2036 laureatum.

315 2078 511 2129 Salduba,
538 2079 629 2120 urbs
650 2077 847 2132 Hispaniae
862 2073 1162 2117 Tarraconenfis
1172 2100 1185 2120 ‚
1212 2081 1365 2114 mutato
1378 2073 1558 2118 nomine,
1585 2071 1634 2111 ab
1651 2070 1829 2125 Augusto
1846 2067 2128 2124 Caesaraugusta
2142 2078 2298 2114 vocata,
2326 2069 2367 2108 &

259 2135 432 2178 Colonia
446 2134 546 2176 faeta
562 2134 618 2175 est
634 2132 821 2174 Immunis
833 2159 845 2179 ‚
868 2133 963 2173 teste
980 2130 1103 2171 Plinio
1119 2128 1182 2168 lib.
1203 2141 1238 2181 3.
1258 2141 1342 2181 cap.
1359 2140 1395 2181 3.
1425 2125 1727 2181 Caefhraugusta,
1745 2125 1902 2165 Colonia
1919 2124 2112 2165 Immanis.
2142 2123 2240 2164 Haec
2254 2135 2368 2163 num-

261 2205 373 2234 mum
380 2191 543 2232 Tiberio
554 2189 782 2245 Imperatori
801 2187 911 2228 fimul
928 2191 967 2226 &
985 2184 1221 2226 Germanico
1235 2182 1440 2223 Caesari‘ab
1458 2181 1524 2222 illo
1542 2181 1708 2236 Augusti
1723 2180 1824 2234 juffu
1848 2180 2036 2235 adoptato
2049 2206 2060 2228 ,
2088 2182 2127 2220 &
2144 2178 2248 2220 socio
2267 2178 2372 2232 ptin-

263 2249 415 2304 cipatus
432 2245 683 2299 vehementer
701 2245 899 2300 expetito,
928 2240 1121 2283 dedicavit
1133 2265 1145 2288 ‚
1174 2249 1218 2279 ut
1233 2238 1393 2279 innuere
1409 2237 1561 2278 videtur
1580 2237 1787 2278 Suetonius
1810 2236 1850 2277 in
1867 2235 2029 2278 Tiberio
2045 2249 2127 2290 cap.
2148 2248 2167 2275 2
2178 2248 2211 2287 5.
2242 2233 2371 2281 Simia-f

261 2304 369 2345 lavit
394 2301 442 2348 ὠ
466 2302 727 2344 valetudinem
743 2328 756 2348 ,
783 2314 853 2356 quo
877 2300 1035 2354 aequiore
1058 2297 1182 2336 animo
1208 2295 1455 2336 Germanicus
1480 2292 1631 2333 celerem
1643 2291 1930 2345 fircaffiWem,
1959 2291 2026 2332 vel
2038 2289 2137 2331 certe
2141 2290 2369 2342 sacietatem

254 2362 523 2415 principatus,
551 2359 767 2414 operiretur.
805 2355 882 2397 Sed
898 2355 959 2395 ille
976 2351 1139 2394 Tiberio
1155 2349 1345 2406 suspestus
1357 2376 1369 2397 ‚
1397 2349 1437 2390 in
1454 2349 1600 2404 Syriam
1617 2349 1747 2390 miffus
1765 2349 1820 2391 est
1830 2376 1844 2399 ,
1872 2348 1939 2390 ubi
1954 2347 2101 2390 Pisonis
2121 2349 2160 2388 &
2178 2345 2368 2389 Planeinae

266 2430 401 2458 uxoris
416 2415 560 2457 artibus
574 2414 699 2469 periit.

319 2494 403 2537 Hic
417 2507 589 2537 nummus
593 2491 757 2547 fecundi
772 2487 912 2532 moduli
919 2517 933 2538 ‚
960 2488 1108 2530 eximiae
1125 2486 1305 2529 raritatis
1317 2481 1366 2530 ἐπ’
1380 2482 1576 2538 elegantia
1591 2481 1653 2536 est.

279 3127 654 3160 GERMAvas
688 3122 911 3154 CAESAR
943 3123 976 3150 c.
1009 3114 1279 3149 CAESAkts
1308 3115 1504 3144 PATER.
1540 3096 2097 3154 CaputGermanicinudum:

333 3188 369 3213 c.
390 3187 426 3212 c.
449 3187 491 3212 A.
521 3164 1069 3219 ColoniaCaessareaAugusta,
1096 3163 1134 3203 in
1158 3175 1269 3214 area-t
1296 3168 1567 3201 SCIPIONE
1598 3169 1660 3197 ΕΤ
1689 3162 1971 3196 MONTANO
2005 3167 2063 3193 11.
2093 3152 2203 3194 νικᾷ
2231 3151 2371 3208 Scipio-

388 3240 433 3267 ne
450 3225 497 3270 ὠ
513 3227 701 3267 Montano
717 3222 959 3264 ‘Duumviris
968 3246 980 3267 ‚
1008 3220 1105 3260 circa
1121 3217 1317 3258 ambitum.

335 3304 655 3359 Caesaraugustam
681 3313 884 3343 nummum
910 3299 1014 3339 hunc
1039 3297 1079 3337 in
1104 3294 1327 3337 Germanici
1351 3292 1600 3338 memoriam,
1637 3289 1822 3346 Caligulae
1843 3287 1922 3328 filio
1941 3287 2164 3333 adulantes,
2201 3284 2252 3326 ad
2272 3284 2372 3328 illius

284 3360 535 3401 imitationem
548 3359 804 3413 percusserunt
818 3383 831 3404 ,
859 3358 948 3397 cum
968 3353 1048 3408 ipse
1064 3354 1104 3393 in
1122 3351 1289 3392 nummis
1309 3349 1425 3405 patris
1448 3347 1613 3403 effigiem
1633 3346 1752 3386 caelari
1764 3343 1932 3399 juffiss‘et.
1978 3343 2116 3383 Testes
2133 3341 2219 3382 sunt
2234 3348 2371 3382 eorum

282 3415 387 3457 aurei
408 3417 446 3452 ὃς
463 3416 630 3468 argentei
647 3414 811 3458 denarii,
837 3413 878 3453 in
897 3411 1038 3466 quibus
1054 3408 1145 3449 hinc
1162 3406 1414 3447 Germanicus
1427 3430 1438 3451 ,
1467 3404 1558 3443 inde
1574 3401 1760 3457 Caligula.
1796 3398 1920 3454 Ipfius
1935 3400 1974 3439 in
1996 3408 2172 3452 parentes
2187 3395 2372 3451 pietatem

282 3469 429 3512 extollit
444 3469 646 3509 Suetonius
661 3470 699 3509 in
717 3471 800 3521 ejus
818 3469 894 3508 vita
913 3481 945 3507 c.
970 3480 985 3505 1
998 3478 1029 3515 5.
1059 3464 1122 3504 At
1136 3465 1178 3504 in
1193 3463 1405 3502 memoriam
1412 3460 1541 3515 patris
1554 3455 1802 3512 Septembrem
1818 3453 1977 3504 mensem
1988 3480 2000 3500 ,
2030 3453 2293 3493 Germanicum
2309 3462 2376 3505 ap-

275 3524 456 3580 pellavit.
491 3523 617 3576 Scipio
633 3527 669 3563 ὃ(
687 3524 903 3564 Montanus
919 3519 1125 3562 Duumviri
1139 3546 1153 3567 ,
1184 3517 1346 3573 Augusti
1357 3545 1370 3564 ‚
1399 3514 1605 3572 Agrippae,
1632 3510 1855 3554 Germanici
1872 3513 1911 3551 ὅ(
1928 3507 2151 3566 Agrippinae
2167 3505 2314 3562 effigies
2332 3507 2378 3548 in

284 3579 453 3622 nummis
468 3577 542 3618 suis
559 3578 742 3632 Caligulae
760 3578 990 3634 gratulantes
1004 3573 1275 3631 percusserunt.
2063 3568 2067 3572 '
2142 3614 2144 3617 .

339 3657 422 3699 Hic
438 3669 608 3698 nummus
624 3656 818 3696 mediocris
828 3655 963 3710 formae
978 3656 1079 3696 inter
1098 3654 1258 3694 rariores
1274 3649 1520 3693 collocandas.
