2491 4219
750 156 1578 206 GORDIANUSIH.
2122 163 2220 221 143'

119 228 186 266 'AT
198 238 221 263 T
236 239 260 264 O
273 240 312 265 K.
343 241 383 266 K.
415 241 463 266 M.
497 241 522 266 A
537 240 566 266 N
580 242 615 266 τ.
647 240 702 266 ro
716 239 736 265 P
749 238 798 264 Δι
814 239 840 264 A
855 238 884 263 N
899 239 925 263 o
939 239 961 263 c
996 239 1017 264 c
1030 239 1052 264 E
1065 239 1098 264 Β.
1139 226 1272 279 Caput
1288 226 1477 266 Gordiani
1495 227 1714 266 laureatum.

173 293 209 318 M
222 295 247 319 H
263 296 285 320 r
301 295 330 319 Ρ.
363 296 386 320 i<
403 298 426 320 o
442 296 481 320 A.
513 297 537 321 Κ
554 297 579 321 A
595 297 614 320 ν
628 296 647 320 P
659 296 685 320 n
700 294 728 320 N
740 293 818 320 ΩΝ.
851 281 1059 322 marconium
1076 288 1221 320 Komaia
1237 287 1394 327 ιίαρᾆκνῶν-
1433 282 1565 332 Caput
1585 283 1765 320 muliebre
1782 282 1954 322 turritum
1975 286 2011 322 Sc
2024 281 2188 322 velatum
2200 309 2212 328 ‚

226 338 335 389 supra
362 337 468 389 <guod
493 337 659 376 crescens
684 337 818 381 Luna,
845 350 933 376 ante
957 337 1050 376 illud
1075 337 1195 393 figura
1219 336 1415 378 seminuda
1435 339 1472 375 ὃς
1495 337 1646 376 barbata
1667 337 1854 377 columnae
1874 337 2051 391 imposita
2068 364 2080 383 ,
2109 338 2213 378 dext.

226 392 401 432 malleum
422 405 576 445 gerens,
606 392 643 430 in
662 406 746 431 area
762 394 909 431 nummi
925 393 1036 432 arula.

170 470 357 510 Carrheni
378 468 690 521 Mesopotamiae,
720 483 900 509 nummos
922 471 1006 510 suos
1025 470 1229 511 Gordiino
1246 470 1439 510 Persarum
1455 469 1589 509 vifrori
1607 470 1645 508 in
1664 471 1758 525 grati
1777 471 1891 510 animi
1918 482 2214 511 monumentum

115 526 323 569 cuderunt,
352 524 459 577 quod
479 525 538 563 ille
558 526 691 563 urbem
707 524 810 563 suam
835 526 882 565 ab
899 527 968 564 illis
986 526 1064 578 jam
1085 539 1311 579 occupatam
1328 527 1598 577 recuperaslet,
1627 538 1669 565 ut
1698 527 1905 579 {inperator
1933 527 2009 579 ipse
2034 538 2157 565 narrat
2175 528 2214 567 in

114 580 272 634 epistola
289 580 337 619 ad
355 582 533 619 Senatum
553 579 682 632 scripta
697 606 707 623 ‚
737 581 842 632 apud
859 581 1125 633 Capitolinum
1143 597 1151 620 ε
1181 581 1352 621 Carrhas
1366 580 1518 626 deinde,
1546 581 1768 635 caeterafijue
1784 583 1890 620 urbes
1907 584 2064 634 Imperio
2077 582 2216 620 Roma-

112 650 159 675 no
174 635 415 674 reddidimus.
457 635 588 686 Caput
604 635 786 674 muliebre
802 661 814 680 ,
843 635 994 675 Genius
1011 636 1065 675 est
1082 636 1184 674 urbis
1201 663 1213 681 ,
1242 636 1407 675 turribus
1424 635 1622 689 insignitur
1641 648 1821 689 tanquam
1842 638 2047 690 provinciae
2067 638 2214 677 Metro-

113 690 224 744 polis.
266 690 374 728 Luna
393 685 582 734 crescenS,
611 691 658 728 ad
680 690 754 728 Dei
776 690 876 729 Luni
892 691 1035 730 cultum
1056 690 1220 743 spen-at,
1249 690 1298 729 de
1317 704 1399 743 quo
1416 690 1453 729 in
1474 705 1634 730 nummo
1652 690 1834 744 sequenti.
1876 692 2012 746 Figura
2034 692 2156 732 senilis
2174 696 2213 732 &

112 745 267 786 barbata
284 746 471 784 columna:
490 744 684 797 imposita,
714 744 889 784 malleum
908 746 1040 786 dextra
1057 759 1191 800 gerens
1209 772 1221 791 ‚
1249 759 1329 784 non
1350 744 1574 785 Gordianus
1590 746 1644 785 est
1661 746 1872 799 Imperator
1885 774 1896 793 ‚
1929 759 1968 787 ut
1985 760 2093 800 putat
2113 748 2215 787 Tris-

112 813 247 846 tanus,
276 801 384 852 cujus
414 800 558 853 signum
588 799 694 853 supra
718 800 934 840 columnam
961 802 1000 841 in
1026 813 1256 855 recuperatae
1282 801 1383 841 urbis
1411 803 1634 841 memoriam
1661 801 1823 854 positum
1849 803 1925 847 est,
1968 803 2029 842 sed
2050 803 2214 854 Cabirus

112 855 217 910 apud
234 855 452 894 Carrhcnos
470 854 592 894 cultus
611 882 621 900 ,
650 855 712 894 cui
731 855 855 901 arula,
894 856 991 896 lbera
1016 858 1068 897 ob
1090 856 1279 896 Gordiani
1302 856 1476 896 vistorias
1498 869 1712 910 perpetrata
1733 857 1883 898 indicat.
1917 858 2146 897 Cabirorum
2169 857 2216 897 si-

111 911 277 951 mulacra
295 922 420 956 erant,
448 913 535 958 ἕμοωι
550 922 615 946 ‘mim
632 913 652 951 {i
670 917 805 954 Ηφαίςε,
838 911 1002 950 Vulcani
1013 911 1219 964 ffmnlaeris
1223 912 1388 963 similia,
1419 912 1511 952 teste
1528 912 1738 953 Herodoto
1754 912 1776 952 l.
1791 926 1827 966 3.
1857 913 1902 952 In
1914 913 2112 954 Phoenicia
2127 914 2212 954 illos

110 967 316 1023 plurimum
334 967 456 1006 cultos
475 978 598 1006 narrat
615 967 900 1007 Sanchoniaton
916 967 1023 1019 apud
1042 967 1244 1006 Eusebium
1264 967 1326 1007 lib.
1351 981 1379 1006 1.
1399 966 1559 1021 Praepar.

165 1044 248 1083 Hic
263 1058 433 1085 nummus
449 1046 582 1099 prima
605 1045 878 1101 magnitudinis
889 1056 960 1099 pro
979 1059 1066 1084 raro
1083 1044 1240 1084 habetur
1253 1074 1264 1092 ,
1292 1059 1376 1085 cnm
1394 1046 1621 1099 Imperatore
1645 1045 1823 1086 columnae
1846 1046 2007 1101 impostto
2018 1073 2032 1096 ,
2062 1043 2111 1092 ὠ
2127 1059 2211 1098 cum

108 1100 303 1158 epigraphe
333 1115 368 1141 M
379 1117 406 1142 H
420 1115 442 1142 r
454 1116 475 1141 Ρ
488 1116 514 1141 o
527 1116 586 1142 no
597 1115 635 1141 A.
654 1114 726 1158 pro
754 1116 790 1141 M
802 1116 830 1141 n
844 1116 866 1141 r
883 1115 915 1142 Ρ.
948 1115 973 1141 1<
986 1115 1021 1141 0.
1051 1100 1076 1140 a
1093 1101 1133 1140 T
1126 1100 1262 1151 ristano
1280 1111 1366 1152 tom.
1385 1116 1418 1143 2.
1427 1113 1520 1157 pag.
1540 1115 1629 1154 509.
1648 1105 1832 1156 vagatus
1848 1103 1905 1156 ist.

104 1648 120 1675 1
134 1647 168 1674 M
181 1648 215 1673 P.
249 1649 284 1673 c.
316 1646 366 1672 M.
399 1647 426 1672 A
438 1645 469 1671 N
481 1646 519 1671 T.
552 1645 577 1671 G
589 1646 614 1672 o
626 1646 653 1671 R
667 1647 692 1672 D
705 1646 720 1671 1
734 1646 758 1673 A
775 1646 805 1671 N
819 1646 845 1671 v
857 1646 890 1671 s.
931 1632 1066 1687 Caput
1084 1632 1277 1673 Gordiani
1297 1631 1498 1675 radiatum.

157 1704 194 1730 M
205 1704 233 1728 H
246 1703 285 1728 T.
314 1702 339 1728 Κ
352 1703 376 1728 o
389 1700 427 1727 A.
459 1702 484 1728 1<
500 1702 524 1727 A
541 1701 562 1725 Ρ
576 1702 596 1726 P
610 1702 636 1727 n
650 1701 678 1726 N
690 1703 716 1728 Ω
729 1702 769 1727 Ν.
803 1691 1021 1731 mmmmm
1035 1696 1181 1730 Κολωνίαις
1197 1695 1356 1739 Καρρηνῶν.
1393 1690 1553 1730 Astrum
1571 1689 1611 1729 in
1631 1688 1822 1730 crescente
1837 1687 1960 1729 Luna.

148 1767 237 1822 Jam
256 1777 438 1807 notarunt
456 1765 670 1819 Antiquarii
693 1766 818 1806 Erizzi
834 1782 999 1808 errorem
1019 1784 1103 1824 pag.
1124 1772 1212 1819 508.
1231 1770 1270 1809 in
1288 1784 1365 1824 qua
1382 1769 1586 1824 conjungit
1614 1782 1641 1808 1<
1654 1782 1717 1808 οΛ
1730 1783 1755 1808 K
1773 1782 1797 1808 A
1811 1782 1833 1807 P
1847 1782 1955 1811 Ρηνωι,
1984 1770 2023 1807 &
2039 1768 2210 1821 populos

100 1824 138 1863 in
158 1823 308 1863 Graecia
326 1821 598 1861 Colcharrinos
616 1823 751 1874 quaerit
763 1849 774 1868 ,
803 1825 890 1862 cum
909 1824 1165 1878 dispeseende
1184 1825 1256 1865 fint
1272 1839 1389 1865 voces
1404 1852 1416 1870 ,
1446 1829 1486 1864 δε
1502 1838 1684 1864 nummus
1701 1824 1845 1878 spe&et
1869 1825 1918 1864 ad
1938 1823 2105 1865 Carrhas
2123 1825 2211 1863 Me-

99 1879 321 1933 sopotamiae
341 1877 550 1916 Coloniam
566 1903 577 1922 ,
605 1876 644 1915 in
665 1891 779 1930 quam
798 1878 968 1920 Callium
986 1882 1070 1933 post
1087 1880 1207 1920 Crassi
1225 1881 1370 1920 caedem
1389 1881 1425 1921 se
1444 1880 1626 1935 recepisse
1643 1891 1768 1920 narrat
1787 1879 2013 1920 Plutarchus
2032 1880 2071 1919 in
2087 1879 2208 1920 Crass.

98 1949 184 1989 pag.
208 1939 295 1984 561.
332 1935 407 1969 Anici
426 1939 448 1984 »ὲ
467 1934 607 1976 Ram&
621 1933 674 1979 pff>
691 1939 845 1979 ἐπανῆλθεν
860 1941 897 1974 εἰς
914 1940 1029 1985 Koip'p‘oa
1045 1940 1142 1974 πάλιν.
1180 1935 1319 1976 Veritm
1338 1936 1482 1986 Cassius
1503 1936 1637 1975 retulit
1645 1935 1694 1987 se
1709 1935 1892 1975 Carrhas.
1932 1934 2117 1976 Crescens
2134 1936 2211 1975 Lu-

96 2004 147 2029 na
161 2016 172 2035 ‚
199 1990 362 2044 vulgaris
383 1990 436 2030 est
456 1990 556 2029 urbis
576 2002 688 2043 typus
706 2017 717 2036 ‚
747 2004 864 2043 quem
883 1994 919 2031 in
944 1993 1002 2031 M.
1022 1993 1179 2032 Aurelio
1196 2019 1208 2037 ‚
1237 1992 1434 2032 Caracalla
1453 1995 1492 2031 &
1508 1992 1586 2032 aliis
1603 2019 1614 2038 ,
1644 1990 1694 2030 ad
1711 1991 1788 2030 Dei
1811 1991 1910 2030 Luni
1929 1991 2075 2030 cultum
2095 1991 2211 2044 perti-

96 2058 188 2086 nere
204 2045 390 2092 diximus,
419 2046 528 2097 cujus
549 2058 627 2085 erat
647 2045 935 2087 celeberrimum
954 2048 1056 2099 apud
1077 2046 1300 2087 Carrhenos
1317 2048 1518 2101 templum.
1549 2047 1696 2086 Arabes
1709 2050 1747 2084 &
1763 2046 2058 2100 Mesopotamiae
2074 2046 2212 2100 populi

94 2101 148 2142 ita
166 2102 316 2141 Lunam
333 2102 633 2145 venerabantur,
665 2114 707 2141 ut
724 2102 829 2155 quasi
859 2104 1027 2143 Lunares
1051 2103 1144 2143 dieti
1169 2101 1289 2142 efflent
1305 2129 1316 2146 ,
1345 2101 1449 2155 apud
1471 2101 1707 2141 Bochartum
1730 2112 1823 2153 part.
1847 2115 1880 2140 1.
1900 2101 1964 2141 lib.
1985 2114 2021 2140 2.
2042 2115 2125 2154 cap.
2150 2116 2212 2152 19.*

95 2157 230 2208 Lunus
254 2168 382 2198 autem
407 2167 564 2197 vocatus
584 2156 637 2195 est
652 2183 664 2201 ,
692 2158 782 2209 quia
807 2157 915 2196 Luna
935 2172 1015 2196 mas
1031 2161 1068 2196 &
1091 2157 1251 2197 foemina
1268 2156 1580 2201 existimabatur3
1610 2159 1647 2194 &
1666 2155 1836 2196 crescens
1858 2156 2211 2204 Lunaoexhibetur,

95 2212 207 2266 quod
221 2211 282 2252 illa
298 2212 336 2253 in
355 2210 576 2252 Noviluniis
592 2210 692 2251 culta
713 2211 828 2257 esset,
858 2226 939 2265 quo
957 2225 1132 2267 tempore
1149 2214 1320 2260 dlxc'wia&
1337 2210 1500 2252 dicitur:
1529 2211 1825 2266 Mesopotamiae
1844 2213 1937 2252 vero
1953 2212 2112 2266 populi,
2140 2213 2210 2266 qui

93 2268 438 2309 Mahometismum
458 2280 708 2321 receperunt,
737 2268 857 2307 Lunae
872 2268 1018 2307 cultum
1033 2269 1096 2307 vix
1115 2267 1381 2313 excusserunt,
1410 2268 1448 2306 &
1467 2267 1616 2306 Lunam
1635 2280 1777 2306 novam
1799 2267 1947 2322 magnis
1963 2268 2209 2309 exclamatio-

92 2323 206 2364 nibus
224 2338 296 2376 pro
315 2324 461 2364 solenni
480 2323 578 2364 festo
593 2319 823 2362 celebrando
842 2322 1044 2375 aspeRant.
1086 2323 1244 2362 Astrum
1258 2321 1322 2362 seu
1340 2321 1405 2363 Sol
1424 2322 1465 2362 in
1477 2321 1685 2364 Crescente
1696 2322 1808 2363 Luna
1825 2321 2023 2377 appositus
2039 2323 2205 2373 videtur,

92 2379 202 2435 quod
220 2380 331 2420 Luna
350 2381 370 2419 a
389 2380 477 2420 Sole
493 2379 623 2419 lumen
639 2378 808 2431 recipiat.

104 2448 107 2451 ¹
147 2458 232 2500 Hic
247 2472 418 2500 nummus
432 2458 581 2499 minimi
597 2455 736 2499 moduli
756 2470 824 2496 nec
840 2469 950 2496 rarus
966 2469 1033 2495 nec
1053 2455 1191 2495 obvius
1211 2455 1271 2507 est.

698 2557 1611 2608 COILLU,velCOELLU.

90 3110 108 3137 1
119 3109 154 3136 M
168 3110 199 3135 p.
230 3109 253 3134 c
269 3107 294 3132 A
312 3107 336 3133 E
352 3106 386 3132 s.
418 3105 475 3132 M:
498 3105 525 3132 A
539 3104 570 3130 N
583 3105 620 3131 r.
651 3105 677 3132 G
688 3105 715 3132 o
729 3105 760 3132 R
772 3105 799 3131 D
811 3104 827 3131 1
841 3105 867 3131 A
882 3104 914 3130 N
926 3105 954 3131 v
967 3104 1002 3132 s.
1038 3091 1173 3146 Caput
1189 3090 1381 3132 Gordiani
1395 3089 1621 3132 laureatum.

145 3166 172 3192 A
188 3165 211 3190 E
224 3165 262 3190 L.
293 3160 328 3187 M
341 3162 367 3188 v
379 3161 410 3186 N
423 3161 438 3186 1
450 3162 485 3188 c.
517 3162 540 3187 c
550 3161 576 3187 o
589 3161 602 3186 1
615 3162 652 3187 L.
685 3161 712 3187 A
726 3160 770 3186 N.
799 3147 985 3194 QAElium
1001 3146 1258 3201 Minicipmm
1271 3146 1530 3188 Coillutanum
1540 3147 1860 3187 Antoninianum.
1895 3144 2044 3187 Silenus
2060 3144 2196 3190 dextr2

197 3205 321 3246 erecta
341 3215 463 3243 utrem
484 3202 672 3243 hircinum
691 3203 856 3243 humero
875 3202 1021 3243 finistro
1037 3203 1142 3257 gerit.

140 3284 272 3326 Coillu
291 3281 490 3323 Numidiae
507 3280 617 3326 urbs,
647 3285 686 3321 &
703 3281 986 3335 Municipium,
1015 3295 1198 3322 nummos
1212 3282 1263 3323 ad
1282 3280 1400 3322 fidem
1422 3284 1462 3321 &
1486 3280 1714 3335 obsequium
1744 3279 1948 3320 Gordiano
1973 3281 2194 3326 testandum

29 3379 42 3389 ,,
87 3339 291 3395 percuffit:
320 3338 359 3377 in
387 3336 517 3377 Africa
542 3335 644 3375 enim
669 3336 991 3392 Carthaginenses
1006 3362 1018 3380 2
1053 3337 1259 3378 Sabiniano
1282 3337 1521 3390 Imperatore
1544 3336 1738 3392 appellato
1762 3335 2064 3385 rebellaverant,
2098 3339 2195 3381 teste

32 3391 34 3393 Ι
89 3396 250 3436 Zofimo
266 3394 329 3434 lib.
345 3407 360 3432 1
371 3425 378 3432 .
411 3399 485 3431 Μετ’
503 3398 521 3429 8'
536 3393 607 3428 πλι)
620 3395 653 3429 δὲ
669 3399 692 3444 ἢ.)
710 3395 902 3443 Καρχηδόνιοι
916 3420 926 3436 ,
950 3396 978 3430 ‘2⁸
995 3393 1017 3433 ἔ
1031 3397 1183 3436 βασίλεως
1198 3397 1309 3434 όῢνοίας
1324 3397 1579 3440 αἶνλοτςιιιθέντες,
1595 3394 1768 3431 zoecwam'v
1781 3398 1820 3432 εἷς
1834 3394 1997 3437 βασιλείων
2013 3397 2191 3445 megy'yxm·

88 3451 184 3492 Non
203 3450 319 3491 multo
332 3448 409 3503 postz
437 3447 485 3492 &¹
511 3446 849 3503 Carthaginenses,
876 3448 900 3487 a
924 3448 1186 3488 benevolentia
1207 3450 1406 3502 Principis
1429 3451 1611 3496 alienati,
1640 3448 1890 3489 Sabinianum
1913 3448 1966 3490 ad
1987 3450 2192 3506 Imperium

87 3505 261 3556 efferunt.
289 3505 436 3546 Silenus
452 3505 489 3544 in
507 3516 669 3543 nummo
689 3503 745 3543 sui
767 3504 912 3544 cultum
933 3505 972 3542 in
989 3502 1062 3542 hac
1088 3503 1183 3544 urbe
1207 3505 1360 3545 indicat.
1398 3503 1555 3545 Plurimi
1579 3516 1706 3546 autem
1731 3504 1869 3558 populi
1891 3504 1997 3546 illum
2019 3509 2191 3551 venerati

86 3563 194 3608 sunt,
222 3560 331 3614 quod
348 3559 489 3600 Bacchi
504 3558 687 3614 Magister
706 3558 839 3604 fuerit,
868 3571 911 3600 ut
928 3558 1226 3611 traditJulianus
1241 3561 1280 3600 in
1298 3559 1410 3600 Caeff.
1426 3574 1510 3616 pag.
1526 3574 1589 3614 37.
1622 3565 1666 3597 οὐ
1682 3562 1721 3606 92
1737 3560 1759 3595 ᾰῖ
1777 3577 1846 3605 mq,
1874 3562 1949 3605 ἔφη,
1974 3568 1999 3615 ‚g
2017 3566 2053 3601 ov*
2067 3566 2188 3606 φιλόσυ-

87 3627 166 3667 qi&
181 3622 249 3655 ἐπ’
266 3624 322 3665 ὲμὲ
336 3622 465 3666 γέγονας.
496 3613 590 3655 Non
609 3611 656 3657 ὠ
672 3623 715 3654 tu
726 3641 737 3661 ‚
765 3613 877 3666 ofili,
903 3616 1030 3669 inquit
1043 3613 1127 3660 ille,
1154 3617 1195 3655 in
1203 3615 1474 3669 philosophicis
1488 3629 1631 3671 quoque
1644 3615 1852 3669 ddcqolinis
1867 3615 1892 3656 a*
1906 3618 2009 3658 nobis
2033 3632 2072 3657 es
2086 3617 2190 3665 insli-

87 3683 197 3714 tutus
215 3669 262 3715 <ly
281 3672 462 3711 eruditus.
491 3669 568 3711 Sed
586 3670 716 3723 potius
733 3669 858 3709 forsan
875 3683 963 3710 eum
981 3669 1206 3717 coluerunt,
1235 3670 1345 3725 quod
1365 3669 1426 3710 ille
1446 3671 1544 3713 vites
1559 3670 1772 3713 conseverit
1795 3686 1804 3712 ε
1830 3671 1872 3713 in
1888 3672 2064 3715 Deorum
2081 3673 2184 3715 enim

87 3741 290 3771 numerum
307 3726 348 3768 hi
363 3728 431 3782 qui
447 3726 668 3767 hominibus
687 3724 870 3766 beneficia
886 3725 1147 3774 contulerant,
1174 3724 1444 3768 referebantur.

141 3807 225 3848 Hic
245 3819 415 3846 nummus
432 3805 570 3859 infimae
588 3803 698 3846 molis
711 3817 819 3845 rarus
839 3803 901 3853 esi.
