2574 4214
928 250 937 261 ι
989 219 1038 264 Ν
1142 214 1177 262 E
1285 216 1328 263 R
1433 217 1493 261 O·
2158 235 2174 262 1
2194 236 2207 262 1
2223 237 2251 274 7

206 291 388 332 ‘Titulum
407 288 547 329 Patris
564 287 717 327 ‘Patriae
735 284 937 326 Neronem
954 284 1066 324 initio
1083 282 1239 336 Imperii
1257 278 1436 322 recusasse
1457 291 1580 321 narrat
1598 280 1900 335 Suetoniuscap.
1921 282 1956 320 8.
1988 280 2055 319 Ex
2075 281 2251 332 immensi}-

157 347 292 402 quibus
303 344 565 386 cumulabatur
579 341 800 387 honoribus,
820 340 974 380 tantum
993 339 1132 379 Patris
1141 340 1283 393 patriae
1299 341 1445 377 nomine
1458 336 1624 383 recusato
1637 344 1787 389 propter
1803 345 1966 376 aetatem.
2003 335 2254 377 Cassandren-

159 404 216 442 1es
238 400 477 441 Macedoni&
490 426 500 444 ,
531 398 597 451 qui
614 397 782 438 Claudio
795 423 806 442 ‚
837 407 878 436 ut
897 395 1042 435 dietum
1063 395 1137 440 est,
1165 395 1217 434 ob
1234 393 1471 447 provinciam
1488 391 1640 445 Populo
1658 391 1842 431 Romano
1861 389 2048 431 redditam
2068 392 2256 444 gratulan-

159 469 218 498 tes
234 484 247 503 ‚
276 468 455 495 nummos
476 454 699 493 dedicarunt
714 479 726 498 ‚
755 450 909 491 Neroni
931 464 1092 504 quoque
1116 449 1196 489 filio
1220 449 1303 502 ejus
1323 448 1511 501 adoptivo
1528 450 1567 486 &
1586 444 1782 486 successori
1801 446 2028 499 obsequium
2045 449 2181 498 pariter
2196 446 2256 487 his

159 508 419 552 monumentis
439 509 627 549 testantur.
656 507 763 559 Julii
777 506 956 546 dicuntur
970 506 1023 546 ob
1041 505 1246 546 dedustam
1263 504 1402 558 aJulio
1419 502 1566 543 Caesare
1579 501 1808 547 Coloniam·‚
1836 500 2049 554 Augustani
2064 501 2156 540 vero
2167 527 2178 546 ‚
2201 503 2253 541 ob
2295 544 2297 546 ‚

152 568 319 607 ‘colonos
343 567 391 605 ab
411 564 585 619 Augusto
608 563 744 602 iterum
771 562 811 601 in
829 575 912 601 eam
931 560 1159 602 transmissos
1172 587 1184 607 ‚
1213 561 1234 600 a
1251 573 1334 613 quo
1351 557 1476 598 forsan
1497 558 1591 610 juris
1609 557 1729 597 Italici
1750 555 1836 596 faeti
1858 557 1942 596 sunt
1961 584 1973 603 ,
2000 568 2043 597 ut
2060 570 2127 596 eos
2146 555 2256 596 fuisse

159 622 272 662 tradit
287 621 424 660 Paulus
440 620 502 659 lib.
524 633 558 657 2.
586 618 636 657 dc
654 616 869 657 Cenfibus:
898 617 946 656 In
962 618 1168 670 provincia
1188 613 1425 655 Macedoniae
1451 613 1698 665 “Dyrracheni
1716 639 1727 658 ‚
1756 611 2041 664 Caffandrenses
2057 639 2070 658 ‚
2101 611 2255 665 Philip-

152 676 308 732 penses,
337 675 527 726 Dienses,
557 672 773 724 Stobenses,
786 674 897 728 juris
914 670 1162 722 Italicifitnt.

213 765 296 807 Hic
312 778 482 805 nummus
497 765 643 805 minimi
660 761 823 809 moduli,
850 761 875 801 u
892 762 1041 802 Patino
1048 771 1137 815 pag.
1163 774 1178 800 1
1191 773 1206 799 1
1219 773 1250 811 5.
1271 759 1455 814 vidgatus
1472 786 1484 806 ,
1512 773 1579 801 nec
1595 773 1704 801 rarus
1720 769 1788 800 nec
1805 758 1938 799 obvius
1954 759 2014 810 est.

965 861 1457 906 CORINTUS.

163 1463 311 1497 NERO
343 1458 531 1496 eLavD.
563 1468 695 1495 emas
710 1468 794 1494 AR.
830 1453 965 1508 Caput
981 1453 1154 1495 Neronis
1171 1452 1250 1495 fine
1265 1453 1405 1494 laurea.
1660 1501 1662 1503 ¹

216 1526 239 1551 c
250 1525 276 1550 o
290 1525 330 1551 R.
363 1526 387 1550 τ
400 1525 427 1550 1.
460 1525 482 1550 c
494 1526 519 1550 L
533 1524 560 1550 A
574 1524 601 1550 v
614 1525 638 1550 D
648 1524 662 1550 1
674 1525 700 1549 o
732 1524 758 1549 o
771 1524 792 1549 P
805 1523 830 1549 T
843 1523 870 1548 A
884 1524 907 1548 T
920 1525 944 1549 0
966 1524 990 1561 ,1
1002 1524 1031 1549 1.
1051 1525 1078 1551 v
1090 1525 1104 1550 1
1117 1525 1158 1551 R.
1188 1510 1387 1556 Corinthi,
1407 1506 1558 1548 Tiberio
1573 1505 1733 1549 Claudio
1749 1507 1895 1563 Optato
1905 1506 2144 1548 ‘Duumviro
2176 1506 2262 1548 Bes

269 1565 461 1620 lerophon
478 1566 642 1620 capistro
656 1565 844 1620 Pegasum
860 1565 1037 1605 retinens.

213 1659 292 1699 Hic
307 1658 478 1699 Neronis
494 1670 675 1699 nummus
691 1673 780 1699 cum
797 1659 956 1700 Caesaris
976 1660 1134 1700 nomine
1154 1663 1193 1700 δε
1210 1659 1289 1702 sine
1307 1663 1453 1700 co‘rona
1475 1657 1496 1698 a
1513 1655 1726 1699 Corinthiis
1745 1655 1901 1696 vivente
1918 1653 2088 1696 Claudio
2111 1654 2264 1709 percus-

159 1713 219 1756 sus
239 1715 313 1760 est,
342 1714 545 1769 praesertim
562 1715 652 1754 cnm
670 1714 735 1755 sub
752 1714 893 1755 eodem
909 1715 1070 1756 Tiberio
1087 1715 1258 1756 Claudio
1274 1716 1427 1770 Optato
1448 1713 1670 1754 Duumviro
1686 1712 1780 1752 alter
1798 1711 1890 1751 huic
1911 1711 2138 1765 Imperatori
2157 1711 2265 1750 dedi-

159 1782 266 1811 catus
289 1769 341 1810 s1t.
380 1770 594 1810 Corinthus
619 1784 800 1810 nummos
824 1770 980 1811 Neroni
1003 1771 1133 1811 adhuc
1152 1771 1292 1812 Caesari
1315 1769 1511 1811 dedicavit
1534 1770 1586 1808 ob
1604 1768 1688 1822 ejus
1705 1767 1958 1821 adoptionem
1975 1794 1988 1814 ‚
2015 1770 2053 1806 &
2070 1766 2267 1806 matrimo-

159 1827 267 1866 nium
284 1839 372 1865 cum
389 1824 552 1865 oetavia
571 1825 726 1866 Claudii
743 1825 817 1866 filia
834 1848 850 1872 ,-
875 1839 1043 1880 quorum
1059 1827 1237 1868 meminit
1253 1826 1333 1866 Dio
1350 1826 1414 1866 lib.
1433 1830 1499 1865 60.
1518 1838 1600 1878 pag.
1624 1826 1716 1864 686.
1748 1826 1838 1861 οπέπ
1852 1827 1885 1860 δὲ
1898 1828 1914 1860 0‘
1928 1825 2093 1868 nadal&
2109 1827 2129 1859 >i
2147 1828 2266 1872 Νέρωνος

162 1887 184 1921 0}
200 1889 248 1932 q‘du
264 1889 356 1922 οευπῖς
370 1886 571 1926 κ’σῑπυιήσαπ,
593 1885 651 1920 νιέπ
665 1885 712 1931 w)
728 1885 857 1933 φαμέςδν
874 1886 1026 1926 ἐποιήσω.
1055 1882 1148 1937 Qo
1165 1891 1326 1936 tempore
1336 1880 1524 1921 Claudius
1535 1880 1723 1919 Neronem
1733 1879 1955 1933 Agrippinae
1960 1878 2090 1931 filium
2106 1878 2265 1932 adopta-

160 1941 246 1985 vit,
265 1951 445 1992 generum
462 1951 542 1976 eum
558 1952 700 1992 quoque
704 1938 781 1989 fibi
785 1939 902 1990 fecit.
934 1939 1031 1992 Jure
1049 1951 1179 1978 autem
1197 1937 1276 1977 hoc
1292 1936 1393 1976 civili
1411 1935 1624 1988 Imperium
1641 1933 1691 1973 ad
1703 1932 1909 1974 Neronem
1925 1934 2115 1988 speEtavit.
2144 1934 2265 1975 Tibe-

158 1994 238 2035 rius
251 1992 436 2032 Claudius
451 1993 623 2047 Optatus
640 1993 796 2033 Claudii
810 1993 966 2033 libertus
981 1992 1090 2033 fuisse
1105 1992 1256 2032 videtur
1272 2007 1280 2031 :
1307 1991 1419 2031 multi
1437 1991 1540 2030 enim
1556 1989 1706 2030 Tiberii
1721 1988 1880 2029 Claudii
1898 1989 2162 2045 cognominati
2177 1989 2264 2031 sunt

159 2047 266 2103 apud
283 2048 491 2087 Gruterum
508 2074 519 2093 ‚
549 2047 704 2087 Claudii
724 2048 970 2100 Imperatoris
988 2047 1111 2087 liberti
1124 2073 1136 2092 ‚
1164 2046 1413 2100 Optatusque
1433 2044 1558 2085 liberti
1573 2057 1792 2099 cognomen
1811 2044 1915 2098 apud
1931 2059 2022 2085 eum
2043 2044 2265 2099 perhibetut

189 2118 247 2158 ag.
264 2105 327 2154 64.
350 2116 380 2141 1.
411 2101 671 2156 Bellerophon
694 2107 783 2143 cum
805 2101 975 2156 Pegaso,
1002 2102 1052 2141 ad
1069 2101 1171 2140 urbis
1190 2102 1461 2154 antiquitatem
1477 2099 1724 2140 indicandam
1739 2125 1753 2146 ‚
1780 2099 1821 2140 in
1839 2113 2005 2141 nummo
2026 2100 2180 2141 caelatus
2195 2101 2266 2153 est}

159 2118 267 2202 elide
281 2158 321 2197 in
331 2155 449 2211 Julio.
1377 2179 1379 2182 -

213 2236 297 2278 Hic
311 2250 482 2278 nummus
497 2235 827 2291 minimaefhrmae,
846 2234 870 2276 a*
883 2234 1033 2277 Patina·
1045 2234 1088 2276 in
1099 2233 1277 2276 Suetonio
1281 2243 1377 2290 pag3
1391 2231 1687 2303 '2⁰99„vulg'at‚m
1694 2254 1708 2284 9
1727 2242 1796 2277 nec
1811 2239 1924 2276 rarus
1938 2248 2006 2292 nei·
2018 2233 2157 2277 obvim
2174 2233 2239 2291 ‘sti

167 2846 313 2873 NERO
345 2843 535 2872 cLAvD.
566 2843 714 2870 caes.
758 2829 1078 2883 CaputNeronis
1097 2829 1174 2870 fine
1191 2829 1328 2871 laurea.
1557 2868 1560 2870 ,
1601 2864 1604 2868 ⁴

221 2903 243 2929 e
254 2902 279 2927 o
292 2901 335 2927 R.
368 2902 403 2926 c.
431 2900 446 2926 1
457 2900 483 2926 v
495 2901 520 2925 L
531 2899 546 2924 1
559 2899 585 2925 o
618 2899 639 2924 P
651 2899 677 2924 o
689 2900 714 2925 L
726 2897 751 2924 Y
766 2899 793 2924 A
807 2899 830 2924 E
843 2898 873 2924 N
886 2899 912 2924 ο
944 2899 960 2924 1
973 2900 1000 2926 1.
1033 2899 1060 2926 v
1073 2899 1088 2924 1
1101 2899 1144 2926 R.
1181 2885 1358 2926 Corinthi
1374 2912 1386 2932 ‚
1415 2885 1508 2925 Caio
1525 2884 1637 2937 Julio
1662 2882 1840 2939 ‘Polyaeno
1860 2886 2099 2930 {Duumvira
2139 2889 2261 2931 Belle-

272 2942 427 2997 rophon
444 2941 606 2996 capistro
622 2939 807 2996 Pegasum
822 2941 998 2981 retinens.
1106 2942 1108 2946 ’

217 3028 364 3070 Eadem
385 3028 593 3081 epigraphe
610 3055 622 3074 ,
650 3029 688 3065 &
710 3038 827 3080 caput
852 3026 956 3067 idem
979 3026 1153 3067 Neronis
1178 3025 1353 3073 nudum,
1379 3026 1536 3067 vivente
1558 3026 1673 3067 etiam
1695 3026 1864 3068 Claudio
1885 3042 2086 3069 nummum
2107 3029 2263 3072 Neroni

164 3084 303 3125 Caesari
322 3083 536 3138 perculsum
552 3083 722 3122 indicant
735 3108 747 3128 ,
776 3085 814 3121 &
832 3082 989 3137 quidem
1007 3082 1148 3122 eodem
1165 3096 1269 3122 anno
1288 3082 1342 3122 U.
1359 3082 1406 3122 C.
1433 3084 1522 3133 807.
1542 3083 1631 3122 cum
1650 3081 1836 3123 Claudius
1861 3097 1875 3122 1
1888 3097 1902 3122 1
1915 3097 1946 3122 1.
1967 3084 2061 3124 Idus
2073 3084 2262 3127 Octobris

165 3151 338 3180 mortuus
359 3138 403 3180 fit
421 3165 433 3184 ,
463 3137 632 3179 Claudio
651 3137 803 3191 Optato
824 3142 863 3178 &
885 3137 982 3189 Iulio
1008 3138 1191 3191 Polyaeno
1215 3136 1324 3177 fimul
1347 3137 1574 3177 Duumviris
1591 3165 1603 3183 ,
1631 3150 1675 3178 ut
1698 3152 1744 3178 ex
1767 3137 2013 3191 sequentibus
2032 3140 2260 3193 conjicimus

162 3196 341 3236 nummis.
379 3193 452 3233 Alii
479 3192 819 3246 Bellerophontem
837 3192 976 3232 Glauci
995 3191 1115 3232 filium
1134 3203 1360 3232 memorant.
1389 3192 1573 3247 Hyginus
1594 3192 1667 3232 fab.
1692 3205 1706 3231 1
1720 3206 1778 3244 57.
1805 3207 1893 3232 eum
1912 3193 2095 3247 Neptuni
2115 3209 2162 3236 ex
2180 3197 2260 3238 Eu-

162 3264 325 3304 rynome
351 3248 450 3303 Nyfi
475 3249 548 3289 filia
572 3248 690 3288 filium
717 3248 860 3294 tradit3
887 3247 952 3287 sed
971 3247 1211 3302 Palaephatus
1235 3248 1286 3288 de
1303 3247 1336 3288 F
1338 3248 1397 3288 ab.
1419 3248 1482 3288 lib.
1506 3262 1538 3287 1.
1566 3247 1761 3289 historiam
1777 3259 1911 3287 narrat.
1943 3249 2083 3289 Verum
2099 3265 2182 3307 ergo
2198 3254 2258 3292 ita

163 3307 276 3346 habet
293 3333 305 3352 ‚
331 3305 631 3360 Bellerophontes
651 3303 847 3358 Phrygius
870 3304 934 3341 vir
959 3311 1041 3342 erat
1058 3317 1198 3357 genere
1220 3302 1369 3359 quidem
1387 3302 1612 3343 Corinthius
1630 3329 1641 3348 ,
1669 3302 1785 3342 bonus
1793 3302 2026 3359 pulcherque
2030 3305 2138 3356 satis
2153 3321 2165 3345 .·
2194 3308 2261 3348 hic

162 3361 246 3402 cum
262 3361 458 3414 navigium
461 3360 538 3411 fibi
547 3357 787 3413 praeparaffet
796 3385 808 3404 ‚
834 3359 1028 3397 maritima
1044 3361 1330 3414 circumquaque
1344 3358 1425 3398 loca
1440 3357 1724 3413 depraedabatur
1732 3377 1745 3404 3
1771 3370 1901 3397 nomen
1914 3367 2042 3399 autem
2052 3364 2168 3401 navis
2178 3363 2257 3403 Pe-

153 3416 273 3471 gasus
291 3425 396 3463 erat,
425 3424 468 3456 ut
484 3429 582 3455 nunc
597 3427 738 3470 quoque
752 3414 862 3463 suum
881 3412 1037 3453 cuilibet
1053 3416 1207 3468 navigio
1227 3427 1358 3454 nomen
1378 3414 1544 3454 inditum
1563 3412 1622 3463 cst.
1662 3411 1814 3451 Nomen
1830 3421 1958 3453 autem
1975 3414 2021 3454 id
2035 3415 2179 3471 Pegast
2189 3431 2255 3458 na-

161 3474 266 3526 vigio
280 3473 400 3526 magis
415 3471 526 3527 quum
543 3484 631 3525 equo
648 3478 778 3524 aptum
785 3467 906 3523 futffe
920 3467 1074 3508 videtur
1090 3496 1102 3515 ,
1130 3467 1208 3512 &a
1239 3483 1310 3524 quo
1329 3484 1378 3509 ex
1381 3468 1496 3522 fac‘io
1510 3466 1644 3518 fabula
1660 3466 1818 3520 conficJa
1834 3467 1894 3519 est.
1932 3468 2130 3512 Corinthii
2145 3472 2255 3519 fabu-

159 3527 280 3567 larum
298 3539 485 3568 amatores
502 3553 515 3573 ,
543 3525 882 3579 Bellerophontem
899 3524 1023 3564 civem
1044 3523 1153 3570 suum'
1166 3551 1178 3570 ,
1205 3524 1268 3564 seu
1286 3525 1407 3578 Regis
1426 3524 1480 3563 sui
1501 3523 1621 3563 filium
1633 3548 1644 3567 ‚
1673 3521 1740 3562 sibi
1757 3523 2016 3566 vendicarunt.
2064 3526 2112 3567 C.
2127 3527 2254 3581 Julius

160 3581 360 3635 Polyaenus
377 3582 568 3622 Duumvir
583 3581 768 3636 originem
785 3580 927 3620 habere
945 3578 1098 3619 videtur
1115 3580 1136 3618 a
1153 3578 1325 3632 quodam
1342 3580 1482 3619 Graeco
1493 3577 1587 3631 Julii
1604 3574 1763 3617 Caesaris
1780 3577 1917 3619 liberto
1934 3606 1945 3625 ‚
1972 3580 2084 3634 quod
2104 3595 2252 3636 praeno-

162 3650 251 3677 men
268 3642 306 3677 &
323 3652 465 3678 nomen
478 3638 590 3693 Juliae
608 3637 732 3693 gentis
749 3635 946 3676 denotant.
988 3633 1194 3686 Polyaenus
1218 3647 1437 3689 cognomen
1450 3661 1462 3680 ,
1488 3633 1528 3672 id
1547 3633 1600 3673 est
1619 3632 1741 3671 multa
1758 3632 1868 3673 laude
1885 3635 2032 3690 dignus.

217 3731 300 3770 Hic
321 3745 493 3772 nummus
519 3732 665 3772 minimi
688 3730 828 3771 moduli
853 3743 920 3770 nec
943 3741 1052 3768 rarus
1078 3741 1145 3767 nec
1170 3727 1305 3767 obvius
1327 3726 1376 3778 cst
1397 3754 1408 3773 ‚
1435 3725 1458 3765 ὰ
1477 3726 1627 3766 Patino
1642 3727 1684 3766 in
1704 3726 1880 3767 Suetonio
1891 3738 1982 3784 pag.
2004 3743 2094 3778 299.
2123 3730 2164 3768 in
2180 3727 2252 3784 quo

163 3786 354 3839 legendum
363 3787 456 3842 jam
483 3788 627 3828 monuit
647 3786 704 3827 P.
724 3785 957 3827 Harduinus
985 3798 1006 3824 P
1017 3796 1043 3822 o
1058 3797 1082 3823 L
1097 3796 1120 3821 Υ
1135 3796 1161 3821 A
1176 3796 1198 3821 E
1212 3795 1241 3820 N
1255 3796 1281 3821 o
1302 3793 1374 3835 pro
1405 3795 1426 3821 P
1438 3795 1464 3820 o
1476 3796 1502 3822 L
1516 3795 1540 3821 Y
1556 3795 1587 3822 R
1601 3796 1623 3821 E
1635 3795 1664 3821 N
1677 3795 1704 3821 o
1722 3808 1736 3828 ‚
1771 3792 1816 3822 ut
1839 3784 1944 3838 apud
1964 3783 2251 3825 Mediobarbum

1400 4033 1482 4086 ΡΞ
