2574 4214
363 232 453 271 218

359 770 386 806 ‚ti
403 769 441 794 v.
474 768 496 794 c
508 769 534 794 o
549 770 597 796 M.
628 771 653 796 A
671 770 699 795 N
714 771 785 796 ro.
817 770 844 795 A
860 770 884 795 v
898 769 937 796 G.
967 754 1101 808 Caput
1118 753 1332 795 Commodi
1347 753 1571 795 laureatum.

362 836 366 840 -
406 825 432 850 c
444 824 469 850 o
482 825 522 852 ι.
546 826 574 852 A
599 827 654 852 .A.
680 827 701 852 P
713 827 740 852 A
755 825 778 851 τ
794 825 836 852 a.
866 811 1019 853 Colonia
1028 809 1201 865 Augusta
1209 813 1313 851 Aroe
1323 810 1531 863 ‘Patr-eufis.
1559 809 1701 864 Aquila
1712 809 2111 866 legionariainterduo
2124 808 2227 866 signa
2236 810 2417 854 militaria.

409 890 597 934 Patrensis
620 892 798 934 Coloniae
814 891 926 932 situm
942 890 1117 932 describit
1134 890 1278 930 Plinius
1298 890 1359 929 lib.
1378 902 1414 941 4
1430 904 1518 942 cap.
1537 902 1572 940 4.
1605 890 1742 930 Patra
1763 890 1936 937 Colonia,
1964 892 2006 930 in
2020 889 2220 945 longiffimo
2237 890 2461 932 Pramum-

355 947 410 986 rio
439 947 687 1004 ‘Peloponnefi
702 949 880 995 condita;
909 962 958 988 ex
983 946 1140 999 adversa
1167 945 1364 993 QAEtoliae
1389 944 1436 988 ὠ
1453 946 1630 997 fluminis
1646 946 1785 986 Eveni.
1822 946 1890 986 Illa
1904 945 2008 1000 signa
2023 945 2216 993 militaria,
2243 947 2285 986 in
2301 947 2459 1001 originis

355 1002 536 1044 Coloniae
549 1019 599 1045 ex
617 1005 818 1045 veteranis
837 1004 1051 1044 constitutae
1066 1004 1292 1043 memoriam
1310 1001 1439 1042 caelata
1459 1002 1545 1042 sunt
1573 1022 1585 1048 ς
1613 1002 1832 1058 Augustum
1860 1003 2040 1043 emeritos
2055 1002 2238 1056 Legionis
2255 1001 2463 1057 vigesimae-
2559 1038 2569 1050 ,Ἀ

355 1058 532 1099 secundae
554 1061 691 1101 milites
715 1060 845 1101 Patras
868 1058 1073 1101 traduxisse
1092 1073 1163 1099 nos
1178 1059 1421 1099 edocuerunt
1435 1059 1585 1098 nummi
1601 1071 1691 1098 cum
1711 1058 1922 1114 epigraphe
1940 1072 1966 1097 x
1979 1072 2005 1097 x
2020 1072 2036 1098 1
2057 1072 2087 1098 1.
2108 1057 2220 1111 signis
2235 1059 2459 1100 militaribus
2563 1057 2574 1099 7.

355 1117 481 1155 ornati
499 1136 511 1162 3
542 1116 737 1171 Augustus
754 1116 882 1162 enim,
910 1115 979 1168 qui
995 1114 1135 1168 Lepidi
1155 1119 1195 1155 δε
1217 1114 1274 1154 M.
1295 1114 1458 1154 Antonii
1475 1114 1667 1168 Legiones
1684 1116 1824 1168 partim
1839 1116 1880 1154 in
1898 1113 1981 1154 suas
2003 1113 2231 1160 adsciverat,
2258 1114 2346 1168 post
2367 1128 2462 1169 pro-
2571 1110 2574 1117 '

353 1170 564 1211 vinciarum
580 1186 668 1211 cum
683 1171 833 1225 populo
849 1170 1097 1217 divisionem,
1127 1171 1312 1224 plurimos
1328 1170 1466 1210 milites
1482 1170 1763 1216 exanimavit,
1790 1171 1830 1210 in
1855 1169 2117 1225 Coloniasque
2136 1169 2318 1217 deduxit,
2343 1182 2389 1212 ut
2401 1183 2456 1211 ex

354 1224 526 1279 plurimis
543 1228 710 1267 nummis
726 1227 962 1282 colligimus,
989 1240 1158 1281 quorum
1174 1226 1333 1267 rariores
1349 1225 1463 1266 nobis
1480 1224 1699 1281 Legionum
1713 1227 1871 1270 nomina
1887 1226 2151 1267 exhibuerunt.

407 1305 492 1345 Hic
508 1320 682 1347 nummus
700 1308 827 1346 tertiae
839 1306 1117 1361 magnitudinis
1134 1308 1236 1347 inter
1249 1305 1381 1346 obvios
1393 1304 1609 1346 couocatur.

406 1852 433 1878 c
444 1852 471 1876 o
485 1851 521 1876 L-
552 1849 595 1874 Α.
626 1849 668 1873 Α.
700 1848 722 1873 P
737 1848 763 1873 A
777 1848 802 1873 r
813 1848 857 1873 n.
885 1832 1042 1874 Colonia
1061 1831 1236 1886 Augusta
1252 1831 1357 1871 Aroe
1377 1829 1585 1883 Patrensts.
1616 1830 1729 1885 Lupa
1746 1843 1833 1870 cum
1853 1829 2018 1884 puerulis
2036 1829 2212 1872 Romulo
2227 1834 2267 1872 &
2284 1829 2428 1873 Remo.

406 1915 586 1955 Coloniae
602 1913 792 1953 Romanae
810 1912 962 1967 Lupam
978 1924 1066 1951 cum
1087 1912 1279 1966 gemellis,
1306 1910 1356 1951 ad
1375 1911 1564 1966 originem
1583 1909 1826 1950 indicandam
1841 1936 1853 1955 ,
1889 1910 1929 1948 in
1959 1910 2125 1950 nummis
2139 1909 2282 1950 cudere
2299 1909 2459 1952 consue·

352 1983 512 2018 verunt,
540 1982 584 2011 ut
604 1969 742 2010 eadem
755 1969 842 2022 jura
864 1968 1004 2009 habere
1026 1967 1244 2010 dicerentur
1260 1981 1350 2008 cum
1364 1966 1518 2014 Roma,
1545 1979 1633 2021 quae
1654 1964 1870 2006 Romulum
1890 1965 1913 2004 ὲ
1930 1964 2042 2019 Lupa
2067 1965 2252 2009 nutritum
2268 1964 2458 2019 jaEAEabah

351 2025 404 2069 de
420 2041 503 2081 quo
523 2025 683 2066 Meffila
701 2025 896 2066 Corvinus
913 2024 975 2065 lib.
997 2022 1048 2064 de
1072 2025 1169 2078 Aug.
1207 2022 1397 2078 Progenie
1420 2022 1572 2077 inquit:
1602 2020 1724 2076 Regio
1744 2019 1866 2060 ediflo
1883 2021 1926 2060 in
1951 2019 2126 2075 Tybridis?
2141 2020 2251 2062 alveo
2264 2031 2458 2076 exponan-

350 2094 419 2126 tur
424 2083 578 2138 gemini.
606 2079 729 2122 Fama
747 2080 798 2129 eli
811 2082 853 2120 in
871 2080 1201 2135 Lupamgeminos
1214 2079 1462 2124 lambentem,
1491 2079 1634 2132 regium
1644 2076 1828 2131 pastorem
1843 2074 2061 2125 Faustulum
2086 2078 2176 2128 casu
2189 2075 2351 2134 quodam
2360 2078 2460 2118 inci-

350 2139 465 2192 dtffi’,
489 2139 558 2194 qui
583 2139 696 2177 uxori
723 2137 950 2177 Laurentia
970 2136 1189 2176 nutriendos
1212 2133 1328 2174 dedit.
1369 2133 1492 2173 Unde
1514 2135 1646 2174 Roma
1663 2146 1735 2186 pro
1755 2130 1891 2186 insigni
1914 2132 2066 2187 Lupam
2083 2146 2173 2175 cum
2188 2131 2356 2188 puerulis
2372 2132 2460 2187 ejti}

353 2197 473 2237 ubera
490 2193 713 2250 sugentibus
727 2191 923 2240 exhibuit,
951 2190 1002 2233 de
1016 2189 1159 2245 quibus
1174 2189 1356 2245 Virgilius
1370 2187 1424 2228 lib
1454 2191 1491 2229 8.
1512 2189 1552 2228 in
1572 2187 1711 2228 AEneae
1728 2187 1868 2241 clypeo
1886 2187 2049 2245 signatis.
2458 2203 2460 2205 ·

1315 2243 1492 2284 Geminos
1510 2243 1601 2283 huic
1616 2243 1731 2283 ubera
1745 2244 1887 2282 circum

1011 2300 1166 2342 Ludere
1169 2300 1378 2355 pendentes
1387 2309 1521 2354 pueros
1529 2327 1541 2347 ,
1568 2297 1615 2343 ὀ
1632 2298 1792 2339 lambere
1806 2306 1964 2340 matrem

1012 2356 1231 2412 Impavidos
1240 2383 1253 2402 ,
1280 2355 1388 2396 illam
1401 2357 1514 2395 tereti
1529 2357 1677 2395 cervice
1690 2353 1868 2407 reflexam

1012 2412 1184 2453 Mulcere
1197 2411 1366 2452 alternos
1385 2409 1585 2467 &fingere
1599 2421 1751 2466 corpora
1766 2408 1906 2466 linguei.

360 2541 362 2543 ,
408 2495 492 2537 Hic
507 2508 680 2537 nummus
693 2494 858 2535 minima
873 2492 981 2534 molis
989 2502 1060 2548 pro
1075 2491 1230 2547 vulgari
1245 2489 1443 2532 notandus.

353 3068 370 3094 1
382 3066 417 3093 M
429 3066 463 3091 P.
495 3062 542 3088 M.
574 3061 598 3086 c
609 3059 635 3085 o
649 3022 747 3083 M'M.
781 3056 806 3080 A
820 3053 849 3080 N
863 3054 886 3080 τ
901 3053 926 3078 o
939 3051 969 3078 N
983 3052 997 3077 1
1010 3051 1041 3077 N
1053 3051 1080 3077 v
1094 3050 1126 3076 s.
1163 3036 1297 3089 Caput
1311 3032 1527 3074 Commodi
1543 3031 1765 3091 laureatum.
2385 3086 2393 3094 .

410 3123 432 3148 c
445 3120 470 3145 o
485 3120 523 3144 L.
558 3116 598 3142 A.
633 3114 671 3138 A.
702 3113 723 3137 Ρ
739 3112 764 3137 Α
780 3112 804 3135 T
818 3111 860 3136 R.
897 3094 1054 3135 Colonia
1076 3090 1250 3145 Augusta
1274 3090 1378 3129 Aroe
1404 3085 1614 3148 Patrensis.
1650 3086 1791 3141 Figura
1806 3083 1985 3139 paludata
2002 3083 2150 3125 Coloffi
2169 3083 2250 3126 fere
2265 3098 2455 3142 magnitu-

462 3161 554 3201 dine
570 3156 680 3211 supra
696 3153 916 3194 columnam
935 3148 1011 3189 basi
1029 3146 1205 3187 rotundae
1221 3149 1260 3184 &
1280 3142 1493 3200 praegrandi
1509 3140 1695 3197 imposita.

409 3238 578 3280 Colonia
594 3231 781 3274 Patrensis
798 3229 847 3270 ab
866 3226 1043 3284 Augusto
1063 3224 1231 3265 dedus&
1247 3223 1322 3270 est,
1349 3221 1441 3263 ideo
1462 3221 1681 3263 columnam
1707 3219 1807 3259 hanc
1830 3218 1900 3273 ipfi
1924 3218 2088 3259 dicatam
2112 3216 2281 3279 suspicati
2304 3219 2453 3269 sumus;

354 3296 420 3337 sed
441 3298 530 3334 ciim
549 3290 732 3345 plurimos
753 3284 949 3327 Patrenses
968 3282 1019 3322 illi
1035 3309 1048 3329 ‚
1078 3292 1121 3321 ut
1137 3284 1177 3320 ὃς
1192 3279 1360 3320 Claudio
1381 3282 1420 3318 ὃς
1440 3278 1622 3324 Neroni,
1649 3288 1829 3316 nummos
1849 3273 2061 3314 dedicarint
2077 3301 2090 3321 ,
2116 3288 2156 3314 in
2180 3275 2320 3328 quibus
2339 3287 2456 3331 typus

354 3351 417 3392 ille
443 3363 521 3388 non
544 3347 598 3386 est
614 3341 808 3399 percussus
823 3369 835 3388 ,
865 3338 1090 3380 Domitiano
1106 3337 1159 3376 ob
1176 3336 1385 3376 restitutam
1404 3333 1549 3375 Graecis
1565 3333 1777 3373 libertatem
1796 3331 1818 3371 ὲ
1837 3329 2072 3384 Vespafiano
2090 3342 2197 3383 patre
2212 3330 2454 3385 ademptam,

354 3405 508 3447 fortasse
527 3402 649 3441 erecta
669 3400 734 3439 est.
774 3396 920 3437 Graecis
935 3392 1164 3434 beneficium
1184 3392 1206 3431 31
1223 3391 1413 3432 Romanis
1431 3390 1510 3435 bis,
1539 3390 1619 3429 imo
1638 3399 1695 3429 ter
1711 3385 1943 3426 declaratum
1958 3385 2022 3425 est.
2051 3385 2295 3432 Plutarchus,
2325 3386 2454 3439 Qin-

355 3462 454 3506 tium
478 3457 735 3498 Flamininum
761 3458 801 3493 δε
824 3452 1030 3493 Neronem
1055 3449 1195 3489 liberos
1220 3447 1292 3487 suis
1312 3446 1461 3501 legibus
1487 3445 1571 3485 illos
1587 3441 1862 3500 pronuntiasse,
1893 3441 2099 3490 Quintium
2118 3441 2208 3481 vero
2225 3455 2292 3495 per
2308 3455 2451 3495 praeco-

355 3529 448 3558 nem
466 3541 479 3560 ,
507 3512 709 3552 Neronem
733 3511 826 3549 vcro
847 3522 919 3562 pro
939 3504 1116 3547 tribunali
1129 3504 1171 3543 in
1191 3501 1277 3542 foro
1293 3503 1524 3542 concionem
1539 3501 1589 3541 ad
1606 3496 2017 3559 populum-habentem
2031 3496 2148 3558 'tra-dit
2165 3511 2173 3536 :
2201 3495 2453 3549 Vespasianus

357 3570 448 3625 ipsis
471 3566 638 3608 infensus
663 3565 874 3605 libertatem
897 3561 1072 3607 abstulit3
1100 3559 1347 3601 Domitianus
1372 3558 1414 3598 iis
1436 3556 1645 3598 benevolus
1666 3553 1768 3593 illam
1794 3563 1929 3592 iterum
1954 3551 2113 3614 restituit
2129 3578 2141 3598 ,
2169 3554 2206 3590 ὅ(
2224 3552 2457 3593 Graecorum‘

357 3611 571 3668 imitatione
588 3647 599 3665 ‚
629 3620 767 3659 Romae
794 3619 906 3659 ludos
929 3617 1123 3658 constituit
1141 3642 1154 3662 ,
1184 3614 1277 3655 teste
1300 3613 1487 3654 Suetonio
1512 3626 1594 3667 cap.
1614 3623 1649 3662 4.
1680 3608 1855 3660 Instituit
1880 3607 1928 3650 &⁴
1945 3605 2219 3662 qumquennale
2241 3616 2452 3668 certamen,

359 3679 571 3732 Capitolino
589 3674 691 3727 Jovi
713 3673 877 3726 triplex,
904 3672 1097 3724 musteum,
1127 3668 1308 3726 equestre,
1327 3670 1557 3722 gymnicum.
1601 3665 1836 3720 Togamque
1861 3663 2087 3728 Graeeorum
2109 3660 2303 3729 assumpsit
2323 3677 2363 3702 in
2387 3676 2452 3729 eq·

357 3750 442 3777 rum
464 3730 717 3774 celebratione
735 3743 742 3766 :
771 3729 980 3768 Certamini
995 3725 1170 3779 praefedit
1186 3723 1401 3779 crepidatus
1413 3751 1425 3770 ,
1445 3721 1685 3776 ‘pupurecique
1703 3718 1867 3780 amiclas
1886 3727 1975 3778 toga
1996 3716 2227 3778 Graecanzcd
2271 3719 2335 3779 ᾼη
2358 3731 2452 3758 vero

356 3792 536 3832 columna
552 3787 633 3826 haec
650 3783 826 3837 Augusto
843 3782 1018 3822 Coloniae
1036 3780 1230 3821 fundatori
1246 3807 1258 3826 ,
1287 3779 1347 3820 vel
1365 3779 1591 3833 Domitiano
1606 3776 1787 3815 libertatis
1808 3773 1966 3813 Graeciae
1991 3771 2227 3833 restauratori
2249 3772 2449 3813 tribuenda

357 3834 422 3890 fit,
451 3845 571 3897 penes
587 3838 757 3879 eruditos
774 3836 816 3875 sit
828 3836 1036 3888 judicium,
1065 3849 1165 3890 opus
1182 3835 1344 3888 quidem
1356 3833 1452 3874 illud
1468 3832 1614 3887 infigne
1630 3829 1740 3870 fuisse
1758 3828 1930 3876 videtur,
1960 3839 2002 3869 ut
2016 3840 2057 3867 m
2068 3827 2330 3882 Augustorum
2341 3841 2452 3868 num-

357 3901 430 3942 mis
454 3895 746 3950 repraesentetur.

406 3964 490 4006 Hic
507 3959 858 4014 nummusstczmdae
874 3959 1149 4014 magnitudinis
1157 3967 1229 4012 pro
1245 3956 1423 4007 rariffimo
1443 3952 1717 4007 adfiribendus.

2566 3960 2571 3984 l
