2491 4219
766 184 1049 232 ALEX.
1137 184 1626 233 SEVERUS.
2175 203 2268 239 117

167 253 313 295 Mulier
330 254 390 294 illa
409 254 561 300 turrita,
592 253 744 295 Genius
759 253 835 297 est,
864 251 980 303 hujus
1001 251 1140 291 trastus
1162 252 1312 291 urbium
1333 252 1501 291 solemne
1521 250 1733 306 symbolum
1755 270 1767 297 ς
1795 251 1916 304 spicas
1938 251 2053 305 gerit,
2083 250 2132 289 ad
2152 251 2271 290 deno-

166 309 324 350 tandam
345 309 524 348 frumenti
543 324 579 348 in
595 324 689 363 ngr»
706 307 773 347 suo
793 307 1067 347 abundantiam
1090 322 1098 345 ;
1127 306 1284 346 Carrhae
1304 319 1433 347 autem
1457 309 1547 347 urbs
1566 306 1687 347 Craffi
1707 306 1815 347 clade
1838 311 1877 347 Sc
1902 318 1998 346 nece
2018 304 2174 346 celebris
2192 305 2267 354 est,

167 364 219 405 de
236 378 314 418 qua
330 365 555 404 Plutarchus
575 365 612 403 iii
632 363 714 416 ejus
735 364 823 402 vita.

218 441 303 488 Hic
316 442 672 494 nummussecundae
693 439 989 496 magnitudinis,
1008 451 1081 495 pro
1097 439 1275 491 rarissimo
1288 438 1497 479 habendas.

955 554 1459 598 COILLU.

159 1156 178 1187 1
188 1158 226 1186 M
238 1159 272 1185 P.
306 1159 340 1184 c.
373 1157 398 1183 A
413 1157 438 1184 L
450 1157 473 1182 E
487 1157 511 1182 x
526 1157 553 1182 A
567 1155 597 1182 N
608 1157 635 1182 D
646 1157 669 1182 E
683 1156 725 1182 R.
756 1142 891 1196 Caput
917 1141 1126 1183 Alexandri
1142 1143 1273 1184 Severi
1289 1144 1512 1185 laureatum.

215 1215 244 1242 A
257 1215 278 1240 E
288 1210 329 1241 L.
361 1213 397 1239 M
409 1212 434 1238 v
450 1213 476 1238 N
492 1213 504 1238 1
519 1213 540 1238 c
556 1213 581 1237 1.
613 1213 635 1238 c
648 1212 673 1237 o
686 1213 700 1237 1
712 1213 749 1238 L.
780 1211 823 1238 A.
854 1199 1040 1245 QAElinm
1064 1199 1324 1254 Municipium
1349 1200 1607 1240 Coillntanum
1634 1197 1954 1239 Antoninianum.
1993 1197 2113 1239 Prora
2139 1195 2249 1239 navis
2259 1216 2275 1245 5

269 1255 430 1309 desuper
449 1254 720 1308 Cornucopiae.

213 1334 342 1375 Coillu
360 1333 449 1373 urbs
470 1332 605 1373 Africae
625 1347 670 1373 ex
687 1333 889 1387 praecipuis
908 1332 1128 1379 Numidiae,
1156 1332 1206 1373 ad
1229 1333 1395 1373 confinia
1413 1332 1655 1379 Mauritaniae
1670 1333 1934 1380 Caesariensis,
1965 1347 2148 1374 nummos
2165 1332 2275 1380 suos,
2323 1363 2326 1366 -

156 1402 201 1431 ut
227 1390 332 1430 Alex.
358 1389 500 1429 Severo
527 1389 755 1442 obsequium
784 1389 891 1429 suum
917 1390 1135 1435 testaretur,
1166 1390 1255 1428 cum
1287 1388 1414 1429 Africa
1431 1389 1637 1429 rebellione
1652 1389 1889 1436 turbaretur,
1920 1388 2045 1429 forsan
2064 1388 2242 1444 percussit
2259 1408 2274 1435 ·,

153 1446 399 1499 Lampridius
415 1445 516 1484 enim
536 1446 573 1484 in
593 1444 673 1497 ejus
693 1445 770 1485 vita
789 1459 846 1484 res
869 1459 988 1484 novas
1005 1445 1044 1484 in
1068 1445 1300 1484 Mauritania
1319 1444 1394 1484 esse
1417 1444 1648 1498 compressas
1664 1457 1800 1484 narrat.
1838 1445 1954 1485 Affiae
1970 1445 2060 1491 sunt
2077 1459 2137 1485 res
2141 1445 2276 1498 felici-

153 1511 235 1548 ter,
263 1500 310 1544 &¹
327 1515 366 1539 tn
386 1501 630 1539 Mauritania
647 1498 856 1554 Tingitana
867 1512 936 1553 per
952 1499 1109 1539 Furium
1131 1499 1289 1549 Celsitm.
1321 1501 1430 1540 Cave
1452 1515 1500 1539 ne
1517 1513 1721 1540 nummum
1740 1514 1830 1539 cum
1847 1500 1886 1539 P.
1906 1500 2115 1539 Harduino
2131 1513 2271 1553 p.,120.

153 1557 203 1597 ad
221 1556 384 1596 Caelium
401 1556 442 1594 in
460 1554 636 1594 Calabria
655 1554 760 1595 haud
777 1555 910 1608 procul
935 1554 1153 1595 Brundusio
1177 1569 1344 1595 revoces.
1381 1555 1596 1595 Coillutani
1620 1569 1772 1609 proram
1793 1556 1901 1595 navis
1919 1556 1958 1595 in
1977 1569 2140 1595 nummo
2158 1554 2208 1595 ad
2229 1553 2277 1594 fi-

146 1614 237 1654 'tum
260 1609 508 1651 indicandum
532 1609 723 1650 cuderunt
743 1631 754 1657 3
783 1609 906 1651 locata
923 1612 1024 1650 enim
1047 1622 1126 1651 erat
1146 1625 1281 1651 eorum
1301 1611 1390 1651 urbs
1406 1611 1454 1651 ad
1472 1612 1566 1652 ostia
1587 1611 1791 1666 Ampsagae
1814 1611 1944 1656 fluvii,
1973 1611 2011 1650 in
2030 1625 2096 1650 ora
2117 1610 2274 1651 littorali

152 1668 264 1708 maris
291 1666 585 1712 Mediterranei,
615 1678 730 1719 portu
757 1667 887 1720 capaci
913 1666 1109 1721 gaudens,
1138 1671 1176 1707 ὃς
1195 1667 1243 1707 ab
1261 1681 1304 1707 ea
1326 1666 1425 1707 finus
1442 1680 1583 1719 parvus
1599 1667 1780 1720 adjacens
1796 1667 1936 1707 dicitur
1952 1666 2074 1706 hodie
2095 1665 2209 1720 Golfe
2227 1665 2274 1706 de

143 1722 266 1765 Colle.
295 1722 557 1773 Comucopiae
575 1721 686 1774 supra
706 1736 881 1775 proram,
911 1723 1088 1762 omnium
1115 1737 1242 1763 rerum
1258 1724 1297 1762 in
1317 1737 1412 1777 agro
1428 1722 1497 1762 suo
1515 1723 1792 1763 abundantiam
1821 1722 1991 1762 denotat.
2030 1721 2164 1762 Cuillu-
2184 1735 2276 1776 pur-

151 1779 248 1834 pura
267 1779 456 1818 celebrem
473 1776 582 1816 fuisse
598 1777 711 1818 tradit
721 1778 875 1818 Solinus
891 1793 971 1832 cap.
987 1792 1006 1818 2
1016 1781 1050 1819 8.
1082 1778 1197 1818 ‘Dein
1214 1778 1325 1820 Cultu
1336 1778 1666 1833 purpurariofuco
1680 1778 1807 1832 Tyriis
1821 1777 2024 1818 velleribus
2038 1786 2271 1833 comparata.

150 1835 215 1876 De
233 1834 490 1874 Antoniniani
507 1833 743 1888 cognomine
759 1834 908 1873 distum
924 1834 978 1874 est
994 1834 1035 1874 in
1052 1834 1272 1890 Elagabalo.

137 1962 144 1966 ,
205 1911 290 1953 Hic
305 1925 477 1953 nummus
493 1910 802 1965 minimaefhrmae
818 1914 921 1953 inter
935 1926 1040 1953 raros
1055 1910 1298 1967 reponendus.

883 2025 1526 2071 ‘DEULTOM

146 2623 162 2656 1
173 2628 209 2656 M
220 2627 253 2654 P.
287 2627 322 2653 c.
354 2625 402 2652 M.
434 2625 461 2651 A
473 2624 500 2651 v
513 2626 555 2653 R.
587 2609 643 2652 s'ss
657 2626 696 2653 v.
728 2626 753 2652 A
768 2625 794 2652 L
807 2627 830 2653 E
843 2628 868 2654 x
883 2628 909 2654 A
923 2628 954 2654 N
965 2630 1004 2656 D.
1037 2629 1064 2655 A
1079 2629 1105 2656 v
1118 2629 1159 2655 G.
1189 2616 1325 2670 Caput
1340 2609 1448 2657 Aleic.
1466 2617 1595 2657 Severi
1611 2616 1834 2659 laureatum.

199 2684 306 2711 cor„
337 2683 360 2709 F
373 2683 411 2708 L.
444 2682 465 2707 P
480 2682 505 2707 A
520 2683 555 2708 c.
586 2682 646 2708 DE
659 2682 686 2706 v
700 2682 724 2707 L
737 2683 774 2709 r.
815 2670 972 2711 Colonia
993 2669 1136 2710 Flavia
1161 2671 1349 2722 ‘Pacensis'
1370 2672 1551 2712 Deulton
1581 2673 1636 2712 vel
1665 2674 1888 2714 Deultum.
1929 2674 2057 2718 Diana
2085 2678 2260 2722 venatrix

253 2724 451 2780 gradiens,
479 2723 597 2764 telum
619 2725 640 2764 ἐ
656 2723 834 2778 pharetra
851 2725 1068 2781 depromit,
1096 2726 1191 2766 lxv-21
1211 2737 1361 2774 arcum,
1393 2741 1466 2782 pro
1484 2729 1646 2783 pedibus
1665 2734 1769 2770 canis
1786 2729 1994 2772 venaticus.

195 2811 370 2858 Deulton
387 2816 476 2855 urbs
495 2814 692 2861 Thraciae,
721 2816 890 2857 Colonia
907 2817 928 2856 a
948 2815 1181 2871 Vespasiano
1202 2816 1390 2864 dedue‘ca,
1420 2817 1526 2858 unde
1543 2818 1691 2860 Flaviae
1709 2824 1747 2860 &
1767 2822 1948 2870 Pacenfis
1962 2826 2141 2872 nomina,
2169 2825 2260 2867 Fla-

138 2874 216 2913 viae
246 2871 405 2926 quidem
436 2872 457 2910 a
481 2883 596 2926 gente
625 2871 775 2918 Flavia,
806 2870 985 2921 ‘Pacenfi‘s
1008 2874 1102 2913 vero
1119 2873 1141 2913 a
1160 2873 1255 2913 Deae
1284 2874 1389 2913 Pacis
1419 2874 1546 2921 cultu,
1576 2875 1611 2915 in
1641 2875 1750 2929 cujus
1768 2877 1960 2918 honorem
1983 2879 2043 2919 ille
2064 2882 2253 2934 templum

139 2928 282 2970 Rom-„c
298 2927 416 2967 erexit
431 2926 729 2974 celeberrimum.
760 2927 852 2968 Vox
873 2927 1053 2979 ‘Pacenfis
1071 2928 1092 2967 Ξι
1113 2929 1154 2968 Ρ.
1179 2928 1387 2970 Harduino
1402 2930 1594 2972 vindicata
1614 2932 1668 2972 est
1683 2946 1755 2985 pro
1773 2933 1950 2983 ‘Pacifica
1975 2934 2022 2973 ab
2052 2935 2131 2975 aliis
2150 2938 2250 2979 male

138 2982 325 3036 usurpata.
371 2982 549 3022 Deultani
577 2980 798 3024 Alexandro
822 2982 965 3024 Severo
990 2985 1028 3023 δὲ
1053 2982 1158 3036 Iuliae
1186 2985 1402 3026 Mammaeae
1422 2986 1505 3040 ejus
1522 2988 1631 3028 matri
1647 3001 1827 3028 nummos
1844 2989 2020 3029 dicarunt
2037 2991 2089 3029 ob
2107 2991 2251 3034 benefi-

137 3039 240 3080 cium·
259 3036 378 3078 forsan
401 3038 447 3078 ab
465 3053 514 3078 eo
532 3049 742 3092 acceptum.
783 3038 1027 3093 Lampridius
1051 3051 1181 3081 autem
1208 3041 1248 3081 in
1272 3041 1355 3094 ejus
1381 3043 1478 3089 vita,
1506 3043 1612 3084 ill-um
1635 3046 1783 3085 urbium
1800 3045 1996 3100 vectigalia
2013 3045 2061 3084 ad
2085 3045 2248 3092 fabricas

139 3109 270 3136 earum
288 3094 538 3134 resarciendas
554 3092 772 3135 conceffiffe
789 3106 921 3136 narrat.
955 3095 1192 3150 Veliigalia,
1219 3098 1451 3138 civitatibus
1470 3100 1527 3140 ad
1532 3102 1709 3154 propriu
1709 3100 1893 3154 fabricas·
1909 3101 2122 3154 deputavit.
2154 3104 2248 3148 Dia·-

129 3164 188 3192 ·na
206 3151 256 3190 sui
277 3149 421 3190 cultum
443 3150 481 3189 in
498 3150 668 3190 Colonia
687 3150 922 3191 demonstrat
941 3166 949 3190 τ
977 3149 1059 3191 haec
1078 3153 1280 3194 venatricis
1297 3153 1434 3195 habitu:
1447 3155 1592 3211 signata
1609 3157 1682 3203 est,
1709 3157 1801 3210 quia
1817 3157 1981 3197 Dianam
2001 3157 2162 3210 primam
2179 3175 2245 3203 ve.

137 3206 304 3247 nationis
326 3205 575 3245 inventricem
591 3204 757 3247 tradunt.
799 3207 920 3247 Canis
943 3210 978 3246 ei
1003 3220 1134 3248 comes
1158 3207 1291 3256 datur,
1321 3210 1430 3264 quod
1446 3212 1500 3252 illi
1519 3213 1613 3253 Deae
1630 3213 1719 3252 sacri
1735 3212 1828 3259 sint,
1859 3213 1951 3253 teste
1964 3211 2167 3256 Phornuto
2188 3217 2240 3259 de

137 3263 223 3303 Nat
261 3262 374 3301 Deor.
407 3264 428 3301 ζ
440 3262 480 3300 ui
496 3263 662 3301 concinit
678 3260 726 3306 «θ’
742 3261 857 3309 illud,
887 3261 987 3318 quod
999 3262 1090 3303 huic
1104 3277 1216 3306 canes
1227 3265 1357 3317 sacros
1375 3267 1444 3320 isse
1452 3270 1657 3323 putarint,
1683 3270 1749 3323 qni
1764 3268 1820 3308 ad
1839 3277 2025 3310 venatum
2037 3282 2240 3314 accommo-

135 3317 304 3370 disunt,
330 3331 376 3356 ac
393 3318 448 3377 aas
457 3315 660 3370 custodiam
678 3316 725 3362 (θ’
743 3319 798 3358 ad
812 3318 1002 3358 latratum
1015 3320 1112 3360 nati«.
2033 3352 2038 3356 .
2234 3324 2238 3328 ’

190 3406 274 3451 Hic
289 3401 631 3461 nummmfi’cundi
642 3409 783 3452 moduli
803 3423 912 3451 rarus
929 3408 978 3464 ⁶st
992 3423 1062 3451 nec
1078 3410 1227 3456 obviusz
