2491 4219
634 91 1214 160 1’H1L1PPUS
1297 91 1714 144 SENIOR.
2174 104 2268 158 ,εξ

212 683 327 724 cor..
358 695 384 721 L
399 694 424 720 A
439 695 512 721 on.
531 680 569 721 in
587 680 667 722 aliis
685 694 711 722 L
727 695 855 722 nom
870 696 928 722 cu
944 695 1002 722 As
1032 696 1455 725 METROPOLEOS.
1473 684 1512 726 in
1529 698 1614 726 area
1629 695 1664 725 Δ.
1685 699 1723 726 Ε.
1762 684 1976 741 Templum
1999 686 2161 736 duarum
2190 689 2257 735 coss

268 738 504 784 lumnarum,
531 737 570 776 in
587 751 668 791 quo
688 737 829 790 Aquila
847 738 912 778 alis
929 738 1111 793 expansis.
2213 747 2216 750 ’
2250 739 2254 741 ’

151 787 156 798 “
178 788 180 791 ’
209 792 490 838 Resarciendus
517 793 572 835 est
594 803 637 837 ut
661 791 771 846 supra
796 791 922 841 fimilis
946 808 1128 835 nummus
1151 793 1255 849 apud
1278 793 1457 835 Patinum
1479 809 1564 852 pag.
1585 798 1677 851 382.
1695 810 1786 843 cum
1803 797 2014 854 epigraphe
2033 813 2059 848 1.
2073 813 2257 853 aomo..¹

151 843 220 892 ⁷3⁴8
237 863 271 888 M
285 863 313 888 A
329 879 335 887 .
347 857 374 890 ἶ,
387 869 414 890 zv
1230 893 1237 896 ,
1385 896 1388 899 ,

170 969 175 974 ,
209 924 464 973 Laodicenles
477 925 556 978 jam
574 925 650 965 hoc
665 923 876 980 Templum
897 926 934 965 in
953 926 1156 976 Caracallae
1172 933 1211 969 ὃς
1228 927 1420 985 Elagabali
1437 930 1603 970 nummis
1618 929 1890 979 exhibuerunt,
1919 932 2029 987 quod
2046 935 2104 974 vel
2123 935 2171 981 ad
2182 937 2256 990 Jo->

113 1016 116 1020 .
146 985 263 1029 ‘ver-n,
294 981 354 1021 vel
369 980 420 1021 ad
435 980 644 1034 Imperium
662 981 887 1030 Romanum
902 981 1067 1036 spe&are
1088 984 1266 1024 diximus.
1286 985 1440 1038 >Aquila
1454 985 1493 1024 in
1507 985 1618 1038 jovis
1635 987 1751 1026 tutela
1769 988 1844 1033 est,
1873 989 1981 1041 cujus
2001 989 2148 1034 caulam
2163 994 2251 1040 nar?

145 1046 210 1078 rat
220 1038 359 1077 Aratus
380 1037 418 1076 iri
428 1035 624 1084 Phaenom.
655 1036 752 1076 Cum
768 1037 950 1087 adversus
968 1039 1134 1080 Titanas
1145 1039 1439 1094 proficisceretur
1459 1038 1746 1092 &sacrificium
1757 1041 1932 1093 faceret,
1960 1044 2146 1099 Aquilam
2155 1047 2189 1084 ei
2205 1047 2248 1085 in

147 1091 314 1146 *auspicio
331 1090 557 1145 apparuiffe,
586 1090 815 1144 &fulmina
830 1091 1070 1144 ministr-affe,
1097 1106 1211 1148 quam
1229 1094 1319 1134 bono
1336 1098 1455 1135 omine
1471 1103 1655 1149 receptam
1672 1096 2017 1151 tutelaefitbjeciſjel
2057 1099 2140 1153 Ipsa
2155 1102 2251 1141 vero

99 1178 101 1180 -
134 1147 190 1188 “in
210 1147 322 1188 aditu·
334 1146 465 1202 templi
480 1147 689 1202 insculpta,
716 1146 810 1187 illud
827 1146 875 1186 ad
884 1147 1027 1200 Jovem
1042 1149 1232 1202 pertinere
1250 1149 1430 1196 denotat,
1460 1162 1503 1191 ut
1520 1152 1649 1191 videre
1666 1152 1720 1193 est
1734 1148 1904 1204 intDec'ii
1921 1156 2086 1201 nummis
2103 1157 2124 1195 Ξι
2142 1156 2251 1196 Rhe-

145 1202 313 1244 sainefiis
329 1202 501 1257 (ignatis,
527 1214 574 1244 ut
590 1202 800 1253 &Notum
816 1202 856 1242 in
871 1202 1023 1249 iisdem,
1053 1204 1214 1244 alterum
1224 1205 1412 1244 Minerva:
1429 1205 1686 1247 consecratum
1704 1208 1826 1261 arguit
1844 1223 1851 1248 ε
1874 1208 1938 1249 sed
1959 1210 2138 1264 Aquilam
2153 1225 2250 1264 praeq

144 1258 273 1300 sertim
289 1259 327 1298 in
342 1259 465 1309 obviis
480 1259 616 1321 Syriae,
643 1258 853 1298 Phoeniciae
876 1260 914 1297 &
938 1258 1234 1312 Mesopotamiae
1258 1260 1426 1304 nummis
1449 1261 1657 1314 Imperium
1679 1262 1903 1303 Romanum
1928 1263 2144 1319 designare,
2175 1267 2247 1307 rite

120 1321 292 1368 ‚norunt
305 1314 554 1369 Antiquarii3
583 1314 837 1368 quamobrem
856 1312 897 1352 id
914 1314 1100 1366 templum
1127 1314 1282 1368 Imperii
1309 1315 1492 1367 majestati
1514 1316 1772 1357 consecratum
1796 1318 1816 1357 a
1839 1319 2139 1360 Laodicenfibus
2158 1322 2246 1374 qui,

140 1369 236 1410 ‘dam
264 1369 499 1417 existimant,
527 1369 859 1424 quemadmodum
879 1367 1040 1422 plurima
1067 1368 1225 1409 delubra
1248 1370 1428 1410 novimus
1453 1372 1473 1410 a
1498 1372 1725 1424 quibusdam
1752 1371 1852 1412 Afiae
1878 1373 2046 1414 Minoris
2068 1376 2246 1429 gentibus

116 1471 124 1479 ·
140 1425 303 1470 Senatui
319 1428 358 1465 δε
378 1425 519 1467 Romae
535 1426 722 1466 dedicata.
751 1424 856 1466 Vide
871 1424 1026 1480 Seguini
1042 1425 1160 1464 nostri
1177 1439 1221 1465 ea
1237 1424 1288 1473 de
1307 1439 1348 1465 re
1363 1424 1586 1467 sententiam
1603 1425 1690 1481 pag)
1717 1440 1805 1467 120.

139 1491 153 1562 ζ
194 1498 284 1553 'Hic
302 1517 474 1554 nummus
485 1500 822 1559 mealioerirformae
831 1530 843 1550 ‚
872 1502 895 1549 a
913 1503 1159 1558 Patinopag.
1189 1506 1238 1557 38
1248 1517 1282 1544 2.
1298 1503 1504 1559 vtclgatus‚
1532 1518 1605 1546 uon
1621 1505 1757 1547 obvius
1773 1504 1842 1558 est,
1870 1505 1943 1546 imo
1958 1520 2079 1548 rarus.

817 1606 872 1648 N
896 1605 936 1646 E
963 1606 1079 1659 A1P
1109 1607 1146 1647 O
1175 1607 1214 1649 L
1243 1607 1274 1647 I
1294 1605 1326 1648 S
1376 1607 1569 1650 Samariae.

846 1781 848 1783 .
1052 1744 1306 1837 flffiq

1022 1770 1366 2037 &QLQQ
1408 1848 1413 1856 ⁴

1286 2032 1328 2067 Λ

1206 2060 1295 2096 ssst

695 849 704 867 i

130 2185 198 2216 {M
212 2185 247 2212 Ρ.
275 2184 327 2212 Μ.
356 2184 372 2210 1
383 2185 410 2212 v
422 2185 459 2212 1..
491 2184 512 2210 r
523 2185 550 2211 n
563 2183 577 2209 1
589 2184 614 2209 L
627 2182 642 2208 1
654 2183 676 2209 P
690 2184 712 2209 1>
725 2183 751 2210 v
763 2183 783 2210 s
816 2184 844 2210 A
856 2184 885 2211 v
897 2183 939 2210 G.
967 2171 1102 2226 Caput
1117 2172 1286 2227 Philippi
1300 2172 1521 2214 laureatum.

185 2244 210 2270 c
221 2242 247 2268 o
260 2241 300 2267 L.
329 2239 360 2266 N
373 2241 397 2266 E
412 2240 437 2266 A
452 2240 473 2265 p
486 2240 511 2264 o
526 2240 564 2265 L.
595 2225 748 2265 Colonia
765 2225 952 2281 Neapolis
969 2227 1030 2267 vel
1047 2227 1322 2283 Neapolitana.
1351 2229 1502 2282 Cybele
1518 2228 1653 2273 sedens
1666 2229 1766 2271 inter
1782 2227 1885 2271 duos
1902 2228 2076 2280 Leones,
2104 2231 2235 2279 dextra

239 2293 429 2337 pateram,
458 2280 600 2320 finistra
617 2281 852 2334 cymbalum,
883 2282 923 2320 in
942 2283 1085 2322 vertice
1100 2297 1212 2323 mons
1231 2297 1320 2323 cum
1343 2284 1501 2337 templo.
1524 2326 1527 2328 ,

179 2359 285 2409 Tam
311 2359 441 2400 multae
466 2358 551 2399 sunt
575 2357 688 2398 urbes
715 2356 898 2413 Neapolu·
924 2359 1083 2401 nomine
1107 2359 1316 2415 insignitae,
1344 2374 1388 2402 ut
1407 2377 1538 2407 earum
1556 2376 1759 2405 numerum
1778 2366 1973 2410 recensere
1992 2370 2134 2411 veritus
2151 2371 2232 2413 Sto..

124 2415 298 2471 plnum,
320 2415 521 2466 adjecerit,
548 2417 596 2462 ’2⁹35
612 2416 713 2456 amau,
730 2413 777 2456 ἐν
794 2414 889 2454 alc'ae.
931 2413 1076 2455 Nostra
1093 2417 1187 2455 vero
1206 2415 1394 2470 Neapolis
1407 2444 1418 2463 ,
1449 2430 1492 2459 ut
1509 2418 1545 2462 se
1563 2418 1610 2457 ab
1627 2419 1704 2459 aliis
1721 2420 1989 2476 distingueret,
2009 2426 2047 2466 se
2063 2427 2232 2480 primiim

123 2471 274 2517 Flavia
289 2470 446 2515 nornine
461 2470 645 2524 infignem
659 2498 671 2516 ,
699 2473 738 2509 &
755 2469 793 2513 in
811 2470 986 2515 Samariae
1003 2471 1160 2524 regione
1180 2470 1285 2514 fitam
1303 2472 1473 2519 ascribit,
1502 2474 1569 2513 sub
1593 2475 1771 2530 epigrage
1801 2489 1887 2515 ΦΛΑ
1899 2490 1966 2519 ογ,
1997 2493 2193 2524 ΝΕΑΠΟΛ
2204 2493 2228 2520 1,

123 2536 401 2568 ΣΑΜΛΡειΑΣ.
431 2524 573 2566 deinde
597 2527 637 2565 in
670 2525 939 2579 posterioribus
963 2526 1130 2566 nummis
1163 2526 1200 2566 se
1232 2529 1329 2568 inter
1356 2528 1472 2582 Syriae
1499 2529 1702 2575 Palaestinae
1736 2532 1847 2577 urbes
1875 2533 2093 2578 dinumerat
2108 2564 2120 2584 ‚
2153 2551 2227 2581 ΦΛ.

125 2597 158 2624 N
170 2596 194 2621 E
208 2597 234 2622 A
251 2596 273 2621 c
304 2595 366 2621 no
379 2595 406 2620 A
420 2595 443 2619 E
455 2593 483 2618 Ω
494 2596 516 2620 c
548 2593 602 2620 cr
615 2595 649 2620 P.
679 2594 708 2621 n
721 2594 747 2619 A
762 2593 803 2620 A.
833 2587 966 2621 maasiae
982 2587 1059 2622 Νέας
1075 2584 1193 2622 Πόλεως
1208 2585 1323 2627 Συρίας
1337 2588 1543 2627 mmmmm
1574 2585 1727 2626 tandem
1755 2586 1821 2627 sub
1845 2588 2027 2645 Philippo
2049 2594 2087 2633 se
2104 2593 2227 2635 Colo-

120 2639 224 2680 niam
245 2637 443 2678 nominat:
472 2635 536 2676 sed
554 2646 596 2675 ut
615 2636 714 2677 inter
734 2635 822 2676 alias
842 2637 1016 2678 noscatur
1031 2664 1044 2683 ,
1072 2637 1257 2691 templum
1284 2639 1384 2688 lovis
1409 2640 1697 2680 celeberrimum
1724 2641 1833 2696 supra
1854 2658 2027 2688 montem
2050 2648 2226 2692 Garizim

121 2693 352 2735 aedificatum
368 2719 380 2739 ‚
414 2690 464 2732 ad
490 2691 599 2745 cujus
624 2690 768 2732 radices
793 2704 872 2732 erat
897 2692 987 2739 fita,
1017 2692 1166 2746 semper
1181 2693 1220 2732 in
1238 2693 1366 2746 aliqua
1387 2696 1533 2735 nummi
1552 2708 1661 2749 parte
1678 2698 1865 2751 apposuit.
1906 2700 2012 2742 Prius
2030 2703 2132 2744 urbis
2151 2719 2224 2745 no-

118 2763 210 2790 men
227 2749 376 2789 Sichem
395 2758 475 2788 erat
490 2775 502 2794 ,
532 2747 625 2788 teste
643 2747 873 2793 Beniamino
892 2748 930 2788 in
947 2747 1073 2788 Itiner.
1096 2762 1181 2803 pag.
1202 2754 1265 2789 66.
1296 2748 1502 2802 Neapolis,
1531 2752 1618 2791 olim
1632 2750 1735 2791 aie‘t'a
1757 2753 1926 2800 Sishem,
1954 2758 2059 2797 intra
2078 2769 2224 2800 montes

119 2805 311 2858 Ephraim
328 2803 482 2843 condita
502 2830 514 2850 ,
541 2805 583 2842 in
600 2802 704 2842 valle
714 2803 829 2858 jacet
851 2804 951 2844 iuter
977 2811 1138 2842 montem
1161 2804 1336 2844 Gerizim
1357 2803 1404 2848 &a
1431 2813 1592 2846 montem
1616 2807 1731 2846 Ebal.
1779 2809 1877 2850 Haec
1891 2810 1959 2851 sub
1979 2811 2221 2867 Vespasianis

117 2859 222 2900 dieta
237 2859 292 2900 est
309 2858 494 2913 Neapolis
511 2884 523 2905 ,
552 2862 591 2898 &
605 2856 755 2899 Flaviae
778 2872 921 2899 nomen
941 2859 1112 2912 accepit,
1141 2859 1194 2899 ob
1214 2859 1327 2913 Syriae
1352 2860 1553 2901 Palaestinae
1580 2863 1756 2903 meritum
1780 2866 1819 2904 in
1841 2865 1940 2906 bello
1952 2866 2122 2918 Judai'co
2136 2896 2148 2916 ,
2177 2881 2222 2912 ut

116 2916 277 2956 innuere
293 2915 444 2956 videtur
460 2914 669 2955 Frontinus
685 2914 748 2954 lib.
767 2913 817 2954 de
833 2915 976 2954 Colon.
1007 2914 1115 2953 Inter
1134 2928 1225 2970 quos
1234 2915 1381 2969 postea,
1410 2912 1457 2959 ὢν
1485 2918 1591 2956 miles
1611 2917 1703 2971 Imp.
1724 2919 1806 2959 Titi
1825 2919 1925 2974 lege,
1954 2930 2100 2963 moaum
2110 2925 2222 2979 juge-

115 2973 277 3012 ratt'onis
298 2970 342 3010 ob
366 2970 539 3009 meritum
561 2971 717 3024 accepit.
764 2969 828 3022 Jus
853 2970 967 3010 etiam
990 2969 1163 3010 Italicum
1189 2970 1237 3010 ab
1261 2971 1305 3010 iis
1324 2971 1623 3024 imperatoribus
1641 2974 1807 3015 obtinuit
1821 3001 1833 3021 ‚
1863 2977 1971 3028 quod
1998 2979 2042 3018 iis
2064 2979 2217 3022 abstulit

115 3027 321 3080 Septimius
343 3026 504 3067 Severus
529 3024 634 3079 apud
660 3026 901 3080 Spartianum
926 3041 935 3066 :
972 3024 1242 3080 Neapolitanis
1261 3026 1587 3079 ‘Palaellinenstbus
1594 3030 1669 3084 jus
1692 3032 1870 3070 civitatis
1886 3032 1979 3071 tulit
1993 3059 2005 3079 ,
2035 3033 2137 3088 quod
2147 3046 2218 3088 pro

114 3081 243 3136 Nigro
259 3081 325 3121 diu
343 3082 460 3121 armis
463 3082 664 3132 steterant.
705 3079 825 3121 Unde
846 3095 957 3121 aeram
976 3082 1015 3120 in
1032 3082 1198 3121 nummis
1214 3081 1287 3121 suis
1307 3081 1616 3130 dinumerarunt,
1647 3084 1758 3126 testes
1777 3085 1846 3126 sint
1863 3088 2010 3127 nummi
2031 3090 2218 3131 Domitia*

114 3138 177 3184 ni,
204 3137 242 3176 in
261 3135 400 3190 quibus
421 3149 435 3175 1
449 3151 488 3176 A.
507 3150 567 3176 an.
594 3150 608 3176 1
629 3151 660 3176 1.
681 3139 720 3176 &
738 3136 794 3176 M.
807 3136 951 3178 Aurelii
963 3136 1149 3176 Faustinae
1165 3149 1254 3176 curn
1271 3136 1403 3177 litteris
1419 3140 1675 3180 numeralibus
1705 3152 1772 3179 uz.
1793 3152 1865 3179 ΠΗ.
1881 3153 1956 3182 rit-3.
1989 3146 2049 3194 87.
2073 3147 2132 3186 88.
2150 3148 2217 3195 89.

114 3193 184 3248 qui
203 3191 434 3231 asservantur
450 3191 489 3231 in
507 3191 708 3232 Thesauro
726 3192 857 3246 Regio
874 3212 886 3238 3
913 3205 986 3231 nec
1002 3190 1090 3230 urbs
1109 3191 1298 3245 epocham
1324 3192 1390 3231 sub
1413 3194 1590 3249 Augusto
1609 3195 1805 3238 inchoavit
1821 3224 1834 3243 ,
1865 3210 1907 3238 ut
1927 3199 2129 3240 contendit
2143 3199 2216 3244 Pa-

113 3259 172 3289 ter
187 3246 414 3287 Harduinus
430 3261 516 3301 pag.
537 3259 627 3298 342.
645 3260 692 3286 ex
709 3259 870 3286 nummo
888 3245 1053 3300 Collegii
1073 3246 1265 3287 Ludovici
1289 3247 1445 3302 Magni,
1473 3251 1511 3290 in
1529 3264 1610 3303 quo
1626 3250 1686 3293 ille
1707 3267 1730 3292 E
1743 3266 1780 3292 T.
1809 3265 1837 3291 Π
1849 3267 1880 3292 P.
1906 3266 1966 3293 an.
1989 3257 2075 3294 180.
2093 3255 2185 3311 legit
2199 3276 2215 3305 ς

112 3302 180 3348 fied
197 3303 351 3343 alteram
369 3301 455 3355 post
474 3315 501 3341 Π
519 3301 679 3342 litteram
695 3300 896 3356 diligenter
913 3302 961 3341 ab
981 3315 1029 3341 eo
1049 3316 1128 3343 non
1147 3302 1382 3344 observatam
1398 3305 1567 3346 existima
1575 3320 1668 3347 mus.
1710 3307 1918 3362 Neapolim
1941 3321 2069 3350 autem
2092 3312 2214 3353 Colo-⁴

112 3359 216 3403 niam
238 3358 258 3397 ἰι
275 3357 456 3410 Philippo
473 3355 610 3396 fatiam
628 3357 810 3397 evincunt
824 3371 905 3396 non
923 3356 1046 3397 modo
1062 3360 1210 3399 nummi
1229 3373 1316 3399 cum
1334 3359 1448 3413 hujus
1466 3362 1575 3402 titulo
1593 3360 1832 3416 frequentes,
1859 3364 1925 3418 ipli
1947 3368 1985 3405 &
2000 3366 2083 3419 ejus
2102 3366 2210 3409 fami-

112 3413 171 3457 liae
191 3413 331 3458 dicati,
359 3412 424 3452 sed
444 3411 654 3466 epigraphe
684 3422 754 3452 ΦΛ.
787 3425 816 3451 N
830 3426 853 3450 E
867 3426 891 3451 A
909 3426 932 3451 c
960 3423 1074 3454 ΠοΛ.
1107 3428 1209 3455 CTP.
1238 3426 1265 3453 Π
1280 3427 1391 3456 AAE.
1420 3417 1459 3456 in
1478 3417 1612 3473 Regiis
1634 3420 1799 3459 nummis
1829 3420 2013 3475 &agab-ali
2032 3442 2043 3469 5
2072 3423 2152 3464 imo
2166 3425 2207 3466 in

113 3468 304 3508 Gordiani
328 3467 495 3508 nummis
517 3468 556 3506 in
573 3465 740 3512 Cimelio
758 3466 874 3507 Card.
894 3467 1070 3507 Maximi.
1112 3469 1202 3510 Nec
1218 3481 1373 3511 moveat
1395 3471 1595 3514 Lestorem
1618 3487 1798 3515 nummus
1815 3475 1836 3515 εὶ
1852 3476 1967 3516 Com.
1986 3477 2210 3522 Mediobar÷

111 3523 166 3563 ‘bo
183 3537 220 3576 p.
242 3537 262 3575 3
277 3536 332 3574 ¹4·
359 3536 406 3563 ex
423 3522 586 3562 Occone
606 3537 644 3575 p.
661 3535 756 3575 403.
773 3522 904 3562 allatus
918 3549 931 3569 ,
958 3535 1077 3575 quem
1094 3523 1126 3564 is
1146 3525 1350 3580 Elagabalo
1370 3526 1499 3568 tribuit
1517 3542 1524 3568 ε
1552 3528 1614 3569 hic
1636 3543 1802 3584 namque
1821 3531 1999 3575 nutrimus
2017 3534 2067 3575 ad
2090 3533 2207 3574 Volus-

113 3577 259 3619 fianum
276 3578 461 3632 pertinet,
489 3589 531 3619 ut
547 3575 642 3617 infra
659 3577 896 3624 videbimus,
925 3577 1036 3629 cujus
1056 3588 1191 3632 typum
1207 3581 1268 3621 ille
1285 3581 1383 3622 male
1400 3581 1612 3637 descripsit,
1641 3587 1679 3624 &
1699 3586 1902 3642 Elagabalo
1917 3601 2119 3644 perperam
2138 3590 2202 3637 tris

113 3633 210 3675 buit.
249 3633 398 3688 Cybele
416 3645 458 3673 ut
474 3633 513 3672 in
530 3632 711 3687 superiori
726 3632 901 3673 Damasci
918 3646 1104 3679 nummo,
1131 3634 1303 3690 Neapoli
1321 3635 1376 3676 sui
1390 3637 1535 3682 cultum
1552 3639 1705 3689 indicat.
2192 3635 2202 3642 ”

167 3709 252 3754 Hic
266 3724 437 3754 nummus
447 3710 606 3763 secunde
622 3709 761 3755 moduli
769 3721 838 3767 pro
854 3724 939 3751 raro
956 3709 1004 3763 i&
1020 3710 1152 3769 instgm'
1167 3704 1360 3759 habeadus
1375 3715 1435 3768 est.

166 3903 272 3949 Tam.
301 3906 372 3948 II.
1343 3939 1347 3944 ·
1455 3909 1499 3965 ,Y
