2491 4219
107 240 198 299 ”pag
218 238 309 296 301.
338 237 548 283 Antiochia
574 254 702 284 autem
726 240 842 294 Syriae
861 241 999 281 Graece
1020 239 1107 281 suos
1130 255 1312 291 nummos
1336 256 1425 282 cum
1450 241 1683 296 Metropolis
1708 240 1820 282 titulo
1839 241 2016 284 inscribit.
2052 201 2223 294 Similezii

110 300 190 352 jam
208 310 407 338 nummum
426 297 704 338 Antiochenses
718 311 805 336 curn
823 297 941 336 Genii
960 308 1056 350 typo
1073 298 1169 350 patri
1183 297 1325 338 Severo
1340 297 1589 343 dedicarunt,
1617 296 1683 337 sed
1703 311 1792 338 cum
1811 310 1967 339 temone
1988 313 2060 352 pro
2076 313 2218 353 patera,

112 353 263 395 Genius
281 353 402 392 modo
420 353 487 393 sub
505 353 581 393 Dei
599 353 728 393 habitu
746 350 960 406 effingitur,
987 352 1110 405 modo
1128 352 1195 393 sub
1212 353 1306 394 Deae
1322 352 1471 407 effigio,
1499 352 1562 393 ille
1578 352 1854 406 Imperatorem
1866 381 1878 400 ,
1905 354 1990 394 haec
2002 356 2215 407 Augustam

110 407 352 463 repraesentat
392 409 529 461 Itaque
546 408 679 448 mulier
696 407 776 447 haec
792 406 860 447 sub
879 408 996 448 Genii
1010 407 1135 448 forma
1153 409 1191 449 in
1208 409 1350 449 Severo
1367 409 1612 449 &Caracalla
1629 407 1764 456 Iuliam
1783 409 1948 451 exhibet.
1978 409 2221 451 Antiochen-2

51 515 53 517 ι
110 464 167 504 ses
188 463 238 503 illi
256 477 324 517 per
343 468 500 503 uxorem
519 491 530 509 ‚
559 464 648 502 huic
670 477 737 515 per
757 474 916 504 matrem
942 463 1180 506 blandientes
1195 491 1208 512 ,
1236 465 1368 505 urbem
1388 463 1492 504 suam
1512 465 1552 505 in
1569 464 1753 520 Augustae
1771 465 1890 507 tutela
1906 465 2117 522 posuerunt
2132 473 2147 517 ,'
2174 467 2217 518 m,

109 519 220 572 cujus
236 519 290 559 rei
307 519 588 559 monimentum
608 519 758 572 utrique
776 518 1002 573 Imperatori
1021 534 1201 562 nummos
1216 520 1304 562 suos
1321 519 1557 562 dedicarunt.

165 609 249 650 Hic
264 624 434 652 nummus
450 613 597 652 minimi
612 611 752 652 moduli
766 612 902 653 obvius
917 611 978 666 est.

159 1284 190 1329 ‘c
201 1299 227 1339 o
239 1299 329 1381 raRc
343 1299 371 1324 A
383 1299 452 1382 Ess.
468 1299 513 1381 bn
527 1285 595 1384 NbT
607 1299 622 1325 1
632 1300 658 1326 o
668 1301 690 1326 c
701 1300 742 1326 H.
774 1286 810 1326 s.
841 1280 885 1327 iz,
923 1274 1080 1325 Colonia
1097 1272 1268 1337 Caesarea
1283 1279 1559 1339 Antiochensis.
1595 1288 1708 1344 Lupa
1732 1303 1822 1330 cum
1845 1280 2015 1344 puerulis
2038 1282 2219 1334 Romula

219 1345 257 1382 &
317 1354 406 1381 emo
441 1355 463 1380 u
506 1355 546 1381 ar
575 1355 649 1382 ore.

160 1432 340 1474 Colonia*
359 1432 550 1473 Romana:
573 1447 644 1488 pro
667 1432 842 1487 symbolo
868 1433 907 1473 in
932 1431 1100 1472 nummis
1117 1431 1346 1486 plerumque
1364 1433 1515 1488 Lupam
1532 1443 1621 1475 cum
1638 1435 1809 1490 puerulis
1826 1434 1876 1476 ad
1893 1434 2138 1476 indicandam
2158 1436 2221 1478 ur&

23 1499 41 1530 «¹
105 1489 164 1531 bis
181 1488 370 1550 originem
387 1488 592 1544 signabant.
633 1491 782 1535 Arbor,
810 1488 904 1529 ficus
929 1499 1009 1528 erat
1031 1487 1092 1527 illa
1119 1487 1336 1540 Ruminalis
1352 1515 1364 1535 ,
1389 1491 1499 1543 juxta
1515 1504 1634 1544 quarn
1655 1491 1854 1532 Romulus
1872 1494 1911 1530 &
1931 1491 2081 1533 Remus
2095 1492 2220 1547 Lupae

21 1543 33 1557 '
106 1544 223 1585 ubera
239 1549 416 1598 lugentes
428 1571 439 1590 ,
468 1544 614 1584 inventi
634 1543 719 1584 sunt
730 1572 742 1591 ,
771 1550 815 1585 ut
833 1543 948 1585 tradit
965 1543 1193 1583 Plutarchus
1210 1543 1249 1583 in
1266 1544 1444 1585 Romulo
1464 1560 1501 1600 p.
1524 1560 1582 1596 19.
1614 1559 1653 1584 Ην
1669 1550 1689 1596 {3
1704 1553 1826 1591 πλησίον
1842 1549 1949 1591 {wale
1963 1577 1974 1591 ‚
2001 1549 2028 1586 ἓν
2046 1544 2217 1598 Ρεμινοίλιου

106 1604 251 1639 ὁκοίην..
264 1632 271 1638 .
283 1628 310 1638 ..
337 1606 467 1645 {maffia
481 1605 514 1638 δὲ
529 1613 581 1639 amre
596 1605 724 1651 βρέφεσι
739 1600 874 1648 κωμὶζύοις
892 1602 945 1638 τίιύ
960 1618 988 1637 π
1005 1602 1147 1637 mmm
1164 1608 1268 1650 ῑςυρςσι
1283 1600 1504 1651 θηλαζομὲύὰμ.
1540 1602 1647 1643 Erat
1651 1604 1782 1659 juxta
1793 1602 1891 1651 ficus
1904 1629 1916 1650 ‚
1945 1616 2058 1658 quam
2076 1604 2217 1644 Rumi-

13 1659 40 1706 ’ζ’
105 1656 228 1699 nalem
244 1654 422 1695 dicebant
427 1688 512 1695 .....
543 1656 616 1696 Ad
618 1667 756 1710 pueros
772 1657 826 1695 ibi
828 1657 1010 1712 jacentes
1031 1656 1181 1710 Lupam
1199 1656 1361 1696 tradant
1377 1656 1586 1698 laetantem
1602 1658 1920 1713 cursitmflexiffe.
1960 1659 2067 1699 Cilm
2085 1671 2215 1700 autem

34 1703 37 1706 ’
103 1711 174 1767 ipsi
201 1713 300 1752 inter
326 1711 363 1750 se
385 1711 435 1751 de
460 1710 664 1752 condenda
691 1712 784 1752 urbe
807 1712 1036 1758 trastarent,
1064 1712 1337 1766 Romulusque
1358 1712 1471 1753 vellet
1496 1713 1547 1755 de
1569 1715 1730 1756 nomine
1745 1715 1848 1755 illam
1867 1714 2042 1755 Romam
2058 1729 2216 1762 vocare,

104 1768 256 1814 Remus
273 1778 401 1806 autem
422 1767 647 1807 Remuriam
664 1767 855 1820 appellare
871 1794 882 1813 ,
912 1781 971 1808 res
989 1767 1028 1807 in
1046 1767 1209 1808 Romuli
1233 1768 1394 1822 gratiam
1417 1769 1590 1823 auspiciis
1615 1771 1768 1826 pera&a
1784 1771 1840 1812 est
1855 1797 1869 1819 ³
1897 1771 2112 1831 Romaque
2128 1771 2220 1816 urbs

29 1874 37 1880 .
102 1837 176 1884 pro
194 1822 329 1877 insigni
344 1822 495 1876 Lupam
513 1836 601 1862 cum
615 1823 784 1877 puerulis
801 1823 1004 1877 usurpavit.

161 1913 243 1957 Hic
259 1927 431 1955 nummos
440 1916 573 1970 primae
589 1914 865 1970 magnitudinis
884 1916 926 1955 in
946 1916 1130 1955 rariorum
1139 1914 1242 1967 serie
1259 1917 1538 1966 numerandas„

829 2037 874 2079 A
900 2036 942 2079 P
971 2039 1019 2081 A
1042 2037 1101 2079 M
1120 2038 1161 2082 E
1189 2039 1234 2081 A
1287 2039 1493 2092 Bithynia.

101 2734 151 2766 Μ.
185 2733 211 2759 A
228 2732 254 2759 v
266 2732 295 2758 R
307 2732 331 2757 E
343 2729 382 2757 L.
414 2730 442 2756 A
456 2729 487 2755 N
501 2729 525 2755 T
538 2729 564 2755 o
577 2728 608 2755 N
622 2729 636 2755 1
651 2728 679 2755 N
694 2729 719 2755 v
733 2729 767 2755 s.
798 2729 830 2755 P.
863 2709 898 2755 ir.
932 2729 959 2756 A
974 2729 1000 2755 v
1013 2730 1052 2756 G.
1091 2710 1225 2769 Caput
1242 2715 1448 2757 Caracallae
1464 2708 1690 2759 laureatum.
1901 2766 1905 2769 Α

155 2791 178 2817 c
190 2789 216 2815 o
229 2789 266 2815 L.
297 2788 313 2812 1
325 2787 351 2812 v
363 2787 401 2812 L.
432 2788 454 2813 c
465 2785 490 2810 o
504 2785 534 2810 N
547 2787 583 2811 c.
616 2786 642 2810 A
658 2786 677 2811 P
694 2785 718 2810 A
735 2785 784 2811 M.
818 2785 843 2810 A
859 2785 886 2810 v
899 2785 938 2811 G.
969 2786 1007 2811 D.
1030 2786 1066 2811 D.
1107 2771 1264 2811 Colonia
1275 2771 1393 2824 Julia
1405 2773 1615 2814 Concordia
1627 2773 1827 2828 Apamena
1839 2774 2014 2830 Augusta
2026 2802 2038 2824 a
2059 2775 2210 2821 ‘Decress

207 2840 247 2872 to
265 2829 538 2870 Decurionum.
579 2827 720 2881 Aquila
736 2827 939 2881 legionaria
958 2828 1059 2868 inter
1079 2826 1161 2867 duo
1180 2826 1284 2882 figna
1302 2828 1485 2869 militaria.

153 2922 325 2975 Apamea
351 2918 540 2972 Bithyniae
566 2919 654 2958 urbs
675 2922 713 2958 ὅτ
732 2919 903 2959 Colonia
929 2919 1006 2971 jam
1034 2932 1237 2960 nummum
1259 2920 1369 2974 Juliae
1389 2921 1557 2962 Domnae
1576 2921 1717 2963 obtulit
1733 2948 1746 2969 ,
1773 2921 1826 2963 fic
1843 2925 1883 2963 &
1898 2923 2104 2966 Caracallae
2118 2927 2209 2970 suos

95 2974 249 3017 dedicat
265 3002 276 3021 ‚
303 2973 463 3029 quando
487 2973 609 3014 forsan
635 2974 695 3014 ille
718 2973 964 3015 Nicomediae
991 2975 1182 3029 Bithyniae
1211 2976 1426 3031 Metropoli
1451 2989 1623 3018 moratus
1647 2978 1726 3024 est,
1754 2990 1798 3019 ut
1816 2979 1897 3019 Dio
1918 2980 2031 3021 tradit
2053 2981 2116 3021 lib.
2137 2997 2204 3035 77.

97 3046 182 3088 pag,
201 3034 291 3083 878.
319 3032 397 3073 l’lffliv
419 3032 439 3077 {3⁸
460 3035 571 3077 οἰπτὶροα
595 3032 655 3066 Son?
680 3034 898 3079 Νιωμηὸεἷοις,
922 3036 1032 3078 οἱγῶνοι
1046 3036 1239 3079 μονομαχίοις
1256 3038 1287 3069 ἐν
1309 3038 1388 3081 οἱυτῇ
1405 3039 1450 3069 ἐπὶ
1467 3044 1519 3071 πῖς
1533 3040 1626 3071 {ow-n?
1640 3036 1790 3080 ἾΩμεθλίοις
1808 3041 1938 3077 ἐποίησεν.
1975 3037 2203 3079 Antoninus

95 3096 297 3140 antequam
315 3086 507 3126 excederet
524 3085 750 3126 Nicomedia
761 3114 771 3132 ,
798 3086 906 3127 ludos
916 3086 1171 3141 gladiatorios
1173 3086 1279 3140 fecit
1286 3088 1361 3141 fito
1378 3088 1504 3129 natali
1519 3089 1589 3128 die.
1629 3088 1866 3130 Nicomedia
1886 3102 2015 3131 autem
2034 3095 2056 3132 a
2075 3091 2121 3132 N
2121 3094 2202 3136 ico-'

96 3142 209 3184 mede
230 3140 418 3195 Bithyniae
435 3141 547 3195 Rege
567 3155 709 3182 nornen
726 3141 863 3189 habet,
893 3145 931 3182 δε
955 3145 1127 3196 Apamea
1147 3143 1196 3182 ab
1212 3140 1363 3197 Apama
1379 3144 1462 3197 ejus
1478 3158 1619 3192 uxore,
1649 3145 1744 3185 teste
1760 3146 1961 3186 Eustathio
1979 3147 2018 3186 in
2039 3147 2200 3205 Dionys?

94 3199 240 3251 Perieg.
276 3198 338 3235 At
353 3195 476 3237 veluti
493 3198 660 3250 Apamia
677 3223 689 3244 ‚
715 3211 828 3251 quam
848 3197 1032 3237 excellens
1049 3196 1275 3239 Nicomedes
1291 3199 1461 3240 condidit
1478 3227 1490 3247 ,
1519 3213 1651 3240 nomen
1665 3202 1809 3255 accepit
1825 3200 1848 3240 a*
1865 3201 2018 3242 muliere
2032 3205 2201 3259 quadam

94 3256 259 3309 Apama.
290 3251 353 3291 De
368 3253 656 3306 Apamenorum
673 3253 876 3308 privilegiis
892 3265 1017 3294 narrat
1033 3253 1176 3295 Plinius
1192 3255 1310 3310 Epist.
1324 3256 1388 3296 lib.
1404 3269 1461 3296 10.
1480 3255 1530 3296 ad
1539 3255 1760 3309 Trajanum.
1825 3255 1923 3298 ,uiam
1938 3257 2075 3300 vellem
2089 3261 2201 3316 Apa-

93 3323 181 3350 meae
196 3337 209 3356 ,
236 3308 408 3347 ‘Domine
421 3335 432 3353 ,
461 3307 670 3360 cognoscere
680 3307 849 3360 publicos
866 3308 1048 3348 debitores
1061 3336 1073 3356 ,
1102 3307 1150 3354 ό
1167 3313 1329 3353 reditum
1342 3338 1355 3358 ‚
1384 3308 1635 3366 &impendia
1646 3338 1658 3358 ,
1687 3311 1814 3365 respon
1833 3313 1896 3351 itm
1911 3312 1962 3366 est
1975 3314 2073 3356 mihi
2087 3343 2100 3363 ,
2129 3333 2198 3359 cu..

82 3375 173 3418 pere
189 3363 336 3419 quidem
352 3361 546 3414 universos
557 3390 569 3409 ‚
598 3371 641 3401 at
656 3362 680 3402 (ὶ
696 3377 752 3402 me
768 3365 933 3419 rationes
945 3364 1108 3404 Coloniae
1124 3365 1355 3421 legerentur,
1383 3381 1573 3422 nunquam
1587 3375 1715 3407 tamen
1727 3365 1796 3419 effe
1810 3367 1931 3408 lectas
1945 3369 1995 3410 ab
2010 3370 2085 3411 ullo
2095 3374 2196 3414 Pro·

92 3419 300 3468 consulum,
327 3416 494 3470 habniffe
509 3417 778 3473 privilegium,
806 3415 853 3462 ὅγ’
871 3418 1152 3469 vettcst‘r'ffimum
1174 3435 1334 3467 morem,
1363 3423 1524 3463 arbitrio
1529 3421 1603 3472 fito
1621 3421 1906 3476 Rempublicam
1921 3424 2191 3479 administrare.

92 3475 233 3530 Aquila
247 3474 452 3529 legionaria
470 3476 508 3511 ὅτ
528 3472 630 3528 figna
650 3474 821 3514 militaria
834 3501 845 3520 ‚
874 3473 1130 3513 deductorum
1147 3475 1185 3515 in
1199 3476 1407 3516 Coloniam
1420 3476 1702 3517 Veteranorum
1719 3476 1878 3532 insignia
1893 3478 1998 3527 sunt,
2027 3482 2077 3522 ad
2092 3484 2191 3524 illius

91 3530 356 3583 antiquitatem
380 3528 613 3583 arguendam
640 3529 838 3583 percussa3
869 3528 933 3568 sed
959 3542 1005 3568 ex
1029 3542 1108 3583 qua
1130 3529 1305 3586 Legione
1326 3530 1519 3572 transmissi
1544 3530 1618 3572 fint
1635 3531 1716 3580 illi,
1743 3533 1967 3588 ignoratur,
1995 3537 2065 3578 nisi
2086 3538 2188 3585 forti:

91 3584 246 3627 fortuna
260 3584 354 3624 alius
374 3598 553 3624 nummus
570 3584 667 3624 illius
681 3598 826 3625 nomen
842 3584 1032 3624 exhibeat.

146 3679 227 3720 Hic
245 3692 416 3720 nummus
420 3680 541 3734 primi
556 3678 699 3720 moduli
705 3705 717 3726 ,
744 3677 768 3718 ιΞ
787 3677 893 3720 nobis
911 3676 1101 3731 Thcssauro
1116 3679 1237 3733 Regio
1252 3677 1410 3721 additus
1421 3706 1435 3727 ,
1460 3680 1661 3733 rariffimus
1679 3678 1728 3726 ὢ
1744 3682 2027 3738 elegantffmus
2042 3684 2104 3741 est,

142 4008 243 4052 Tam.
274 4004 344 4056 II.
1375 4008 1417 4054 D
1444 4006 1469 4063 2
