2491 4219
254 134 351 192 ἐκ,
411 191 414 194 Α
631 189 635 194 ι
885 123 943 173 :A
979 126 1012 172 1.
1049 126 1084 171 E
1122 124 1226 170 x.
1272 125 1300 171 s
1338 126 1372 172 E
1409 126 1762 187 VJERUS,

306 224 307 227 ’
396 211 402 216 ’
596 208 599 209 ⁷
862 206 876 228 ⁹
1017 223 1592 289 PTOLETMAJS.

258 799 275 829 t
287 799 323 827 M
336 800 371 826 P.
400 800 436 827 c.
467 798 516 825 M.
548 798 575 824 A
589 799 617 824 v
628 797 671 824 R.
705 797 732 823 A
747 797 772 824 L
783 797 806 823 r.
816 795 841 823 x
853 796 878 822 A
891 795 922 822 N
932 796 967 823 n.
1002 796 1029 822 A
1043 795 1070 822 v
1081 796 1120 823 G.
1160 783 1294 836 Caput
1312 773 1418 822 Alex.
1437 780 1564 821 Severi
1581 780 1804 823 laureatumss

315 857 338 882 c
350 856 376 882 o
389 858 412 882 L
424 856 449 881 0
464 855 490 880 N
508 855 520 879 1
538 855 560 880 A
595 855 616 880 P
631 855 654 880 r
669 853 694 879 o
707 855 732 879 L
746 854 769 878 E
781 853 816 878 Μ
830 853 856 878 A
871 852 885 877 1
899 852 932 878 s.
962 839 1118 878 Colonia
1138 838 1363 878 Ptolemais.
1404 837 1616 892 Imperator
1641 838 1770 892 Eques
1796 834 2045 891 pacificatoris
2069 837 2200 880 habitu
2217 865 2230 886 ,
2256 839 2349 895 dex-j
2403 855 2406 861 ·

368 909 463 938 tram
481 896 640 950 erigens.

311 975 517 1016 Ptolemais
533 975 620 1014 urbs
636 972 842 1013 Phoeniciae
855 999 866 1018 ,
896 972 1062 1012 Colonia
1080 971 1101 1011 a
1122 969 1291 1011 Claudio
1308 962 1473 1011 dedueia
1492 999 1503 1018 ,
1534 970 1619 1011 suos
1636 972 1748 1011 etiam
1769 973 1875 1011 Alex.
1895 972 2035 1012 Severo
2051 954 2351 1027 gratulabunda,

255 1030 309 1070 ob
325 1030 452 1071 Persas
472 1030 588 1083 longe
605 1029 758 1082 lateque
775 1027 964 1081 repulsos,
993 1027 1155 1067 dedicat.
1195 1026 1287 1078 Ejus
1311 1027 1474 1066 vistoriae
1499 1027 1710 1067 luculentus
1732 1027 1833 1067 testis
1850 1027 1902 1067 est
1920 1027 2159 1081 Lampridius
2178 1030 2217 1069 in
2231 1029 2349 1082 ipfius
2400 1029 2402 1033 ’

257 1087 344 1127 vita.
383 1089 644 1125 Artaxerxem
665 1085 806 1139 Regem
821 1082 1109 1136 potentiſjimum
1128 1083 1228 1122 vicit
1247 1096 1258 1120 .·
1289 1085 1326 1120 &
1345 1082 1460 1135 paulo
1481 1082 1565 1134 post
1582 1109 1593 1128 ,
1624 1081 1670 1126 ὅγ’
1689 1083 1736 1122 de
1745 1082 1877 1136 praeda
1899 1095 2011 1137 quam
2029 1083 2150 1132 Persis
2170 1085 2352 1139 diripuit,
2416 1087 2419 1097 ³

244 1143 363 1195 suum
387 1142 535 1180 dita-vit
558 1142 773 1179 exercitum.
815 1138 955 1193 Figura
976 1138 1159 1191 equestris
1184 1136 1434 1191 pacificatoris
1456 1137 1585 1178 habitu
1605 1164 1616 1183 ,
1643 1139 1730 1178 cum
1745 1138 1822 1190 jam
1846 1137 1985 1178 eodem
2006 1138 2126 1179 modo
2146 1139 2285 1195 signata
2304 1139 2351 1180 stt

256 1198 295 1237 in
314 1197 477 1235 nummis
494 1195 697 1234 Caracallae
720 1208 805 1249 pag.
828 1207 894 1245 4¹-
918 1208 996 1233 non
1015 1193 1063 1233 ad
1084 1193 1341 1233 Alexandrum
1369 1193 1533 1246 spcftare
1554 1192 1722 1239 videtur,
1750 1193 1813 1233 led
1831 1194 1959 1245 potius
1977 1194 2025 1232 ad
2041 1194 2197 1235 statuam
2218 1194 2352 1249 eques·
2394 1200 2395 1203 ’

258 1263 354 1292 trem
380 1253 416 1291 in
434 1249 636 1290 Caracallae
659 1249 847 1290 honorem
872 1254 893 1289 a
919 1249 1285 1290 Ptolemaidensibus
1304 1248 1463 1302 positam
1478 1275 1489 1294 ,
1519 1263 1634 1302 quam
1657 1249 1707 1288 illi
1725 1262 1906 1303 tanquam
1925 1248 2002 1288 filio
2021 1262 2164 1304 gratam
2183 1251 2223 1290 in
2240 1264 2353 1292 num·

254 1308 329 1346 mis
345 1306 603 1353 exhibuerunt
619 1319 626 1344 :
660 1304 872 1346 Alexander
888 1305 988 1345 enim
998 1304 1125 1345 Severi
1139 1319 1280 1345 nomen
1301 1305 1339 1344 in
1355 1305 1415 1344 avi
1428 1304 1578 1358 suiSept
1606 1305 1733 1345 Severi
1750 1305 1970 1344 memoriam
1987 1318 2182 1359 acceperat
2190 1317 2248 1353 ,ut
2257 1305 2352 1346 dixi*

250 1352 365 1408 inus,
395 1366 434 1402 &
451 1357 488 1400 se
509 1359 711 1400 Caracaliae
732 1359 848 1400 filium
874 1360 1116 1407 nominabat,
1145 1359 1484 1401 testeHerodiano
1501 1360 1560 1399 lib.
1581 1366 1606 1400 6
1643 1375 1727 1415 pag.
1752 1363 1840 1412 578.
1873 1365 1933 1397 Aa<
1949 1370 1974 1398 οἱ
1988 1360 2350 1412 μᾸίὸπεεσεόπροιῦμόν,
2412 1359 2414 1364 ’

257 1419 450 1465 ᾁ-ιπμνήπιπ
467 1420 574 1455 {aava}
594 1417 739 1459 ‘teoffem'wv
761 1418 783 1454 οἳ
804 1420 847 1464 p&
863 1419 972 1465 Σεὲἦρε
988 1444 998 1460 ,
1022 1418 1070 1464 Ui
1086 1423 1218 1455 Αντωνίνε
1240 1417 1261 1458 ξ
1283 1424 1341 1466 {pei
1362 1418 1472 1458 πατζδς
1487 1418 1627 1464 ἡγεέπλαπ
1649 1419 1773 1455 mimium
1789 1420 1824 1466 effi
1839 1419 2010 1467 βαςέοίρων.
2041 1417 2117 1457 Sed
2132 1419 2351 1474 quicumque
2408 1436 2416 1442 .

243 1472 493 1524 ᾔῇίονεέίβὶί
507 1472 641 1524 adestis
659 1500 671 1519 ‚
699 1473 892 1513 admonete
909 1475 1180 1527 quamprimum
1197 1471 1304 1511 illum
1320 1481 1538 1525 tropaeorum
1554 1499 1566 1518 ,
1595 1486 1676 1528 quae
1683 1474 1851 1527 plurima
1867 1471 2049 1526 adveifits
2064 1473 2261 1521 barbaros,
2287 1471 2351 1525 Se,

255 1530 366 1575 vero,
394 1532 512 1584 a't'que?
524 1531 721 1568 Antonino
730 1536 888 1583 parente
905 1541 982 1568 meo
999 1528 1155 1567 ducibus
1166 1554 1178 1573 ,
1207 1527 1412 1578 excitastis.

255 1596 266 1647 ‚⁵
288 1604 394 1662 ..Hit
410 1620 584 1648 nummus
589 1605 769 1658 ficundae
781 1605 1056 1662 magnitudinis
1071 1607 1172 1645 inter
1189 1607 1347 1645 rariores
1363 1603 1605 1645 collocandus.

1049 1708 1570 1750 RHESAINA.

257 2312 285 2341 A
297 2312 322 2341 Υ
333 2311 369 2338 τ.
403 2311 444 2338 Κ.
477 2280 524 2336 Μ’.
555 2307 583 2335 A
598 2307 625 2335 A
638 2308 661 2334 E
673 2307 695 2334 Ξ
707 2306 733 2333 A
747 2306 779 2333 N
791 2304 815 2332 Δ
827 2305 848 2332 Ρ
859 2305 885 2332 o
898 2305 932 2332 c.
964 2305 987 2332 c
998 2303 1036 2330 E·
1075 2289 1208 2344 Caput
1226 2291 1333 2330 Alex.
1355 2291 1484 2332 Severi
1504 2289 1728 2332 laureatum:

310 2369 332 2395 Ρ
345 2368 374 2395 H
387 2368 409 2393 c
423 2367 449 2393 A
463 2365 478 2392 1
490 2365 519 2392 N
532 2365 561 2391 H
572 2365 594 2391 c
607 2364 622 2390 1
633 2365 660 2390 Ω
672 2363 714 2389 Ν.
753 2347 1080 2396 Rhelainesz'orum.
1122 2345 1300 2387 Colonus
1325 2347 1402 2402 agit
1421 2347 1538 2387 boves
1556 2373 1568 2394 ,
1594 2347 1706 2400 juxta
1726 2342 1903 2387 vexillum
1918 2368 1931 2391 ,
1959 2343 2000 2384 in
2017 2357 2098 2399 quo
2126 2357 2185 2385 LE
2198 2358 2238 2386 G.
2267 2356 2284 2386 1
2294 2357 2311 2386 1
2321 2347 2354 2388 12

279 2410 282 2412 ’
368 2423 395 2449 G
409 2423 435 2448 A
449 2423 487 2448 L.
521 2407 638 2460 Legio
657 2406 787 2445 Tertia
809 2403 970 2443 Gallica.
1160 2404 1161 2407 ’

309 2477 508 2519 Secundus
526 2475 729 2515 Rhesainae
744 2486 924 2513 nummus
941 2470 1108 2526 pertinet
1126 2468 1175 2509 ad
1189 2469 1296 2522 Traj.
1312 2469 1490 2510 Decium.

309 2563 503 2605 Rhefaina
524 2555 621 2602 urbs*
637 2561 691 2601 est
717 2558 1009 2613 Mesopotamiae
1032 2557 1128 2597 circa
1148 2555 1369 2596 Chaboram
1392 2555 1553 2596 fluvium
1580 2556 1620 2596 in
1644 2555 1880 2610 Euphratem
1907 2554 2123 2595 illabentem
2148 2554 2241 2602 fita,
2269 2568 2351 2598 non

256 2622 395 2675 longe,
426 2630 468 2659 ut
488 2617 656 2662 videtur,
684 2616 705 2654 a
722 2615 878 2655 Carrhis
891 2641 902 2660 ,
932 2626 1028 2667 quas
1045 2611 1093 2652 ad
1113 2612 1217 2651 hunc
1238 2610 1399 2650 fluvium
1418 2611 1560 2665 pofitas
1578 2611 1765 2658 diximus,
1793 2623 1948 2652 remota.
1992 2610 2135 2651 Coloni
2155 2622 2269 2664 typus
2289 2625 2351 2652 ut·-

257 2677 344 2717 bcm
363 2674 569 2715 Coloniam
590 2671 664 2711 effe
681 2670 822 2711 indicat
839 2697 851 2717 ,
879 2669 969 2709 licet
985 2668 1162 2708 Coloniae
1187 2680 1330 2706 nomen
1351 2681 1431 2707 non
1457 2667 1654 2721 praeferat,
1684 2680 1801 2720 quam
1822 2668 1842 2706 ἓι
1861 2667 1961 2720 Sept.
1981 2666 2122 2706 Severo
2145 2662 2352 2708 dedustam

256 2746 328 2773 nos
346 2730 512 2770 edocent
527 2727 683 2780 Trajani
704 2726 813 2766 Decii
835 2724 983 2765 nummi
1002 2738 1088 2764 cum
1111 2726 1264 2772 Σετῆιμίως
1281 2729 1425 2764 Κολωνίας
1446 2722 1761 2777 appellationibus
1780 2736 1787 2760 :
1817 2721 1880 2762 sed
1900 2721 1962 2761 hic
1978 2720 2194 2762 Veteranos
2211 2721 2352 2776 Legio-

257 2785 474 2832 nisTcrtiae
493 2782 648 2823 Gallicae
666 2781 844 2822 Colonos
869 2781 908 2821 in
931 2780 1034 2820 illam
1051 2779 1209 2820 denotat
1229 2778 1337 2819 fuisse
1355 2777 1580 2819 transmissos
1598 2805 1610 2824 ,
1638 2777 1746 2832 cujus
1764 2777 1917 2818 alteram
1939 2787 2085 2830 partem
2101 2775 2252 2830 Tyrum
2268 2777 2353 2818 Co-

255 2842 398 2883 loniam
417 2841 437 2879 ἐι
458 2839 494 2879 se
511 2839 623 2879 etiam
641 2837 882 2877 constitutam
900 2835 1086 2882 traduxit,
1103 2847 1158 2875 *ut
1173 2834 1340 2888 praeclari
1356 2834 1451 2874 illius
1467 2834 1612 2874 nummi
1631 2834 1945 2874 demonstrarunt.
1985 2830 2218 2871 Rhesainefii
2238 2846 2351 2875 num-

258 2911 343 2937 mos
368 2893 585 2935 Alexandro
601 2893 780 2933 dedicant
800 2904 981 2946 tanquam
1005 2891 1101 2945 grati
1117 2890 1233 2930 animi
1255 2901 1570 2936 monumentum,
1600 2889 1708 2943 quod
1726 2889 1807 2929 illos
1827 2890 1847 2928 a
1868 2886 2058 2928 Persarum
2078 2887 2351 2930 vastationibus

256 2951 438 2996 liberarit,
469 2950 518 2989 de
542 2963 622 3002 quo
647 2959 770 2987 narrat
800 2947 1004 3000 Eutropius
1027 2946 1088 2984 lib.
1106 2959 1144 2994 9.
1187 2943 1432 2999 susceptoque
1448 2945 1630 2997 adversus
1649 2945 1794 2992 ‘Persas‘
1809 2943 1920 2989 bello,
1950 2946 2209 2982 Artaxerxem
2227 2955 2351 2983 eorum

259 3010 401 3062 Rsgem
414 3004 657 3060 gloriosiflimi
680 3005 792 3042 vicit.
822 3002 1000 3042 Colonus
1015 3000 1157 3039 civium
1181 2999 1424 3053 Togatorum
1449 2999 1614 3054 insigne,
1643 2999 1822 3041 vexillum
1840 3000 2120 3042 Veteranorum
2134 2997 2350 3053 symbolum

256 3064 322 3104 est.
356 3063 515 3116 Qanta
531 3061 642 3116 igitur
666 3057 844 3098 Historiae
863 3058 926 3097 lux
944 3057 965 3096 ὲ
983 3055 1149 3095 nummis
1167 3055 1176 3095 Ξ
2347 3077 2351 3081 -

270 3129 276 3132 ⁶
311 3141 394 3182 Hic
409 3137 761 3191 nuimnasficundae
779 3134 1053 3191 magnitudinis
1062 3144 1132 3189 pro
1147 3131 1322 3186 rariffimo
1340 3131 1541 3174 habendus.

263 3714 409 3756 Eadem
428 3712 645 3768 epigraphe.
675 3712 893 3756 Alexander
909 3714 1095 3755 laureatus
1113 3711 1243 3754 medio
1259 3726 1423 3768 corpore
1442 3724 1575 3758 tenus,
1602 3710 1733 3752 dextra
1751 3710 1956 3766 spiculum,
1983 3711 2079 3753 laevo
2092 3711 2256 3756 humero
2272 3707 2349 3772 ely-⁵

402 3784 487 3809 CUU]
517 3782 609 3808 *eslf-

321 3839 343 3864 Ρ
355 3785 415 3864 ripe
430 3840 455 3864 A
472 3840 482 3862 1
498 3785 565 3864 ,3³11
577 3837 600 3870 c
612 3837 627 3862 1
638 3835 664 3860 Ω
675 3837 715 3862 N.
748 3838 773 3863 L
786 3839 808 3863 E
821 3839 858 3864 G.
891 3839 906 3865 1
920 3840 934 3866 1
945 3839 973 3865 1.
1006 3838 1033 3865 c,
1048 3839 1073 3864 A
1087 3838 1126 3864 L.
1165 3823 1483 3876 thfczinefiorum
1495 3822 1614 3877 Legio
1629 3821 1758 3862 Tertia
1773 3822 1923 3861 Gallica
1935 3850 1947 3869 ,
1976 3823 2035 3863 vel
2059 3806 2237 3880 legionis
2256 3826 2349 3878 Ter-j

371 3889 437 3919 tzae
455 3879 623 3920 Gallicae.
652 3878 796 3920 Mulier
813 3881 943 3922 turrita
954 3881 1124 3923 &velata
1137 3879 1304 3937 insidens
1321 3880 1499 3934 rupibus,
1517 3879 1657 3932 quibus
1672 3877 1766 3919 laeva
1781 3879 1974 3926 innititur,
1987 3880 2120 3922 dextra
2128 3882 2321 3935 Aquilam.

2181 3949 2348 4004 Imperaq
