2491 4219
140 177 240 211 ,202
467 168 469 171 ’
707 159 1724 211 ETRUSCILLA.

143 222 302 278 integrae
321 223 402 264 fere
419 224 656 279 explicantur
677 234 866 276 Δημαςχκῆς
888 231 1012 273 egaeae
1027 253 1036 270 ‚
1065 240 1154 267 nam
1173 226 1392 269 Tribunitia
1416 231 1583 284 potestas
1599 229 1764 284 Principi
1786 229 1956 271 foeminae
1974 230 2135 273 minime
2151 233 2264 276 tribui

148 279 276 333 potest
293 299 306 326 3
334 279 399 319 sed
425 281 513 320 cum
538 294 610 334 pro
637 279 836 333 plebiscito
854 291 973 321 'notas
999 295 1079 322 non
1100 282 1286 324 haberent
1303 284 1497 332 Romani,
1527 287 1586 326 his
1604 286 1658 325 usl
1674 285 1758 325 sunt
1778 285 1905 326 Graeci
1924 300 1959 326 Δ.
1980 301 2018 326 E.
2047 287 2265 330 Tribunitia

141 334 350 395 potestate,
379 333 511 388 quod,
539 346 582 374 ut
598 335 725 389 inquit
743 338 791 375 A.
808 335 958 396 Gellius
973 336 1033 376 lib.
1054 351 1115 388 15.
1133 352 1216 392 cap.
1239 352 1301 390 27.
1318 338 1833 396 Plebiscita-appellarentur,
1863 355 1951 396 quae
1967 341 2077 384 Trib.
2093 343 2193 398 pleb.
2209 344 2266 386 fe-

150 389 323 430 rentibus
340 402 499 443 accepta
520 389 649 430 essent.
688 390 751 430 De
769 390 912 444 Aqulla
930 391 1063 445 paffim
1081 393 1226 433 dietum
1246 394 1309 434 est.
2263 396 2266 399 ’

204 466 290 507 Hic
303 480 479 509 nummus
483 466 663 519 ftezmdae
680 468 980 522 magnitudinis,
1006 470 1031 526 ᾁ
1053 472 1204 512 ‘Patina
1221 467 1407 526 vagatus
1414 484 1506 529 pag.
1526 485 1617 526 402.
1639 474 1773 515 obvius
1789 474 1850 528 cst.

925 573 1472 616 CREMNA.

149 1210 180 1245 n
191 1216 214 1243 E
228 1215 258 1243 R
271 1215 294 1241 E
306 1214 350 1242 N.
381 1215 405 1240 Ε
419 1214 443 1241 T
459 1214 489 1242 R
502 1215 529 1242 v
543 1215 562 1242 s
578 1216 600 1242 c
613 1216 629 1242 1
640 1217 666 1243 L
679 1216 705 1243 L
718 1215 758 1243 A.
791 1200 819 1242 Α
831 1214 859 1243 ν
872 1216 911 1244 e.
953 1203 1088 1258 Caput
1102 1201 1312 1244 Herenniae
1327 1199 1542 1242 Etruscillae.

208 1272 231 1298 c
241 1272 267 1298 o
277 1272 314 1297 ι..
347 1269 362 1296 1
376 1270 403 1296 v
416 1271 451 1297 L.
486 1271 512 1297 A
527 1272 553 1298 v
567 1271 605 1298 G.
639 1272 662 1298 F
677 1273 713 1299 n.
746 1273 769 1299 c
780 1272 810 1298 R
823 1273 846 1298 E
859 1272 896 1298 Μ
908 1271 937 1297 Ν
953 1262 999 1298 Α.’
1021 1258 1177 1300 Colonia
1192 1257 1310 1310 Julia
1328 1258 1501 1313 Augusta
1517 1255 1631 1296 Felix
1645 1257 1816 1297 Cremna.
1847 1257 1991 1312 Aquila
2006 1258 2073 1300 alis
2089 1260 2265 1311 extentis,

259 1313 300 1353 in
317 1312 457 1353 vertice
473 1314 543 1354 tria
559 1314 704 1368 capita,
735 1327 902 1368 quorum
919 1314 1092 1359 medium
1109 1315 1253 1355 corona
1271 1312 1415 1354 radiata
1431 1325 1610 1353 ornatum
1629 1313 1695 1354 est.

144 1432 149 1437 ,
205 1391 378 1432 Cremna
390 1391 480 1433 urbs
495 1391 644 1432 Pisidiae
661 1393 700 1433 in
719 1392 955 1447 Pamphyliae
975 1392 1167 1439 confinio,
1195 1391 1301 1446 apud
1319 1391 1478 1432 Ptolem.
1497 1390 1520 1430 l.
1537 1404 1569 1442 5.
1584 1405 1667 1445 cap.
1685 1403 1716 1439 5.
1734 1391 1902 1431 Colonia
1914 1392 1962 1432 ab
1974 1407 2044 1440 eo,
2072 1399 2194 1445 Κρέμναι
2209 1402 2267 1435 Kal

147 1454 258 1488 λωνίω,
279 1446 546 1488 &aStrabone
557 1448 619 1488 lib.
636 1462 744 1502 12.p.
761 1454 848 1498 569.
868 1448 1100 1501 perhibetur.
1131 1451 1198 1486 riu>
1211 1451 1265 1497 μὲζὰ
1283 1449 1314 1485 ἓν
1327 1450 1464 1498 Κξνῖμνοω
1481 1454 1617 1498 Ῥωμαίων
1634 1450 1743 1488 dmm
1760 1451 1872 1497 ’ἔχεο-ιν.
1902 1450 2099 1489 Cremnam
2109 1450 2266 1494 Colonia

146 1502 406 1542 Romanorum
428 1501 640 1556 occupavit.
670 1503 872 1544 Nummus
898 1517 983 1543 eam
1008 1518 1078 1557 per
1092 1503 1206 1557 Juliae
1230 1516 1375 1543 nomen
1399 1504 1421 1543 a
1447 1504 1546 1556 Julio
1569 1505 1816 1545 constitutam
1844 1505 1988 1559 arguit,
2015 1507 2063 1546 ab
2087 1507 2268 1562 Augusto

147 1557 243 1597 vero
261 1570 330 1610 per
347 1558 535 1612 Augusta:
551 1558 851 1612 appellationem
873 1557 1078 1599 Veteranis
1094 1558 1380 1612 frequentatam
1396 1558 1578 1606 denotat,
1608 1559 1718 1613 quod
1745 1559 1849 1615 signa
1874 1560 2044 1601 militaria
2067 1561 2106 1601 in
2133 1563 2269 1620 Elaga-

148 1613 237 1653 balo
260 1626 346 1667 pag.
381 1625 446 1663 79.
476 1613 717 1654 confirmant.
748 1613 843 1654 Tria
860 1615 986 1668 capita
1005 1615 1044 1654 in
1063 1615 1180 1668 partis
1194 1614 1331 1655 aversae
1349 1615 1499 1660 nummi
1514 1615 1655 1655 vertice
1665 1615 1876 1656 Etruicillae
1897 1616 2097 1664 maritum,
2125 1617 2269 1667 filium,

147 1671 188 1708 δε
209 1681 398 1723 generum
418 1668 708 1722 repraescntant,
738 1669 884 1710 Decius
901 1669 1062 1724 quidem
1080 1669 1295 1724 Imperator
1319 1671 1356 1710 in
1384 1671 1517 1711 medio
1545 1672 1688 1712 corona
1714 1670 1871 1726 insignis
1897 1671 1973 1717 est,
2003 1672 2182 1714 Etruscus
2202 1690 2270 1728 pa-

146 1735 246 1765 trem
267 1723 418 1778 aspicit,
448 1729 488 1764 &
508 1724 827 1779 paludamentum
844 1725 983 1773 habet,
1014 1724 1124 1780 quod
1142 1727 1340 1782 Augustus
1358 1725 1472 1768 fuerit
1492 1726 1540 1766 ab
1559 1727 1624 1767 illo
1649 1728 1893 1773 nominatus,
1921 1725 2046 1767 forsan
2069 1729 2159 1768 cum
2187 1731 2269 1772 De-

147 1782 230 1820 cius
247 1791 381 1820 contra
398 1780 559 1821 Gothos
579 1781 777 1835 profestus
795 1782 852 1823 est
869 1797 877 1822 :
906 1782 1147 1823 Hostilianus
1163 1784 1257 1823 vero
1274 1795 1458 1836 tanquam
1479 1782 1606 1823 Caesar
1625 1785 1664 1822 ὃ(
1681 1796 1797 1837 gener
1814 1795 1918 1836 pone
1935 1783 2099 1823 Decium
2116 1784 2271 1830 videtur

148 1836 368 1876 collocatus.
400 1837 564 1891 Aquila,
591 1837 751 1892 Imperii
771 1838 946 1880 Romani
961 1837 1107 1894 infigne
1131 1839 1206 1885 est,
1235 1838 1345 1893 quod
1366 1838 1547 1879 Coloniae
1565 1838 1732 1879 adinstar
1748 1838 1850 1879 urbis
1870 1837 2012 1878 Romae
2033 1838 2242 1894 fignabant.

202 1914 288 1954 Hic
313 1929 488 1955 nummus
498 1917 620 1970 primi
647 1916 788 1957 moduli
814 1919 966 1958 eximiae
990 1918 1170 1958 raritatis
1198 1915 1246 1962 ά
1269 1916 1488 1973 elegantia»,
1524 1917 1613 1959 olim
1639 1918 1681 1960 in
1700 1915 1835 1970 Museo
1867 1917 2049 1961 Grimano
2075 1918 2272 1971 Venetas,

147 1984 249 2014 nunc
263 1971 369 2026 apud
379 1971 534 2014 March.
550 1972 802 2016 Melchiorem
819 1974 859 2016 ,Y
854 1973 932 2028 esta
947 1973 1177 2028 affervatur.
2074 1973 2090 1976 r
2101 1974 2112 1977 ’·
2135 1974 2138 1975 ’
2160 1974 2177 1976 -
2214 1975 2218 1977 -

948 2075 1478 2136 REEMINA2

154 2709 180 2738 Ε
194 2705 446 2736 ΡΕΝΝῙΑΝ
475 2703 571 2732 nrt>
589 2705 612 2731 A
627 2702 688 2731 CK
704 2700 853 2730 AAAA
867 2702 899 2729 N
931 2700 1036 2729 can.
1069 2686 1204 2742 Caput
1219 2685 1430 2728 Herenniae
1445 2686 1661 2728 Etruscillae.

202 2758 236 2790 ‘c
248 2763 272 2789 E
284 2761 321 2787 ri.
354 2762 375 2787 1>
389 2761 416 2787 H
431 2762 452 2788 c
466 2761 493 2787 A
508 2760 523 2785 1
536 2759 566 2786 N
578 2760 608 2786 H
621 2761 642 2786 c
655 2760 671 2785 1
682 2759 752 2786 ΩΝ
785 2760 824 2786 L.
854 2760 883 2785 H
896 2758 910 2784 1
922 2758 957 2785 1³.
995 2746 1150 2792 Σενῆιμίων
1167 2745 1362 2785 rammam.
1375 2744 1584 2788 undem&
1600 2745 1664 2786 ω’.
1698 2740 1816 2782 Anno
1843 2755 1859 2781 1
1871 2743 1932 2782 18.
1968 2740 2114 2783 Mulier
2138 2741 2271 2784 turrita

266 2802 433 2843 insidens
453 2802 631 2856 rupibus,
659 2800 802 2855 quibus
817 2800 911 2841 laeva
930 2798 1126 2846 innititur,
1156 2798 1297 2839 dextra·
1307 2798 1446 2853 spicas,
1477 2812 1549 2853 pro
1565 2797 1730 2853 pedibus
1751 2797 1782 2838 F
1785 2798 1921 2838 luvius.

209 2880 449 2923 Rhesainefii
466 2879 785 2933 Mesopotamiae,
813 2890 916 2932 quos
932 2878 1061 2918 Decio
1077 2890 1258 2918 nummos
1273 2877 1483 2924 cuderunt,
1511 2876 1668 2917 eosdem
1689 2875 1893 2918 Etruscillae
1909 2875 1993 2929 ejus
2016 2875 2172 2931 conjugi
2201 2873 2271 2917 de-
2327 2907 2332 2912 .

154 2939 305 2984 dicant,
335 2936 460 2976 forsan
490 2935 602 2989 quod
626 2934 710 2987 ejus
739 2933 1079 2974 commendatione
1108 2933 1324 2986 Imperator
1349 2931 1440 2985 ipfis
1469 2930 1757 2974 confirmaverit
1784 2931 1914 2973 tributi
1940 2930 2194 2972 remiffionem
2221 2931 2272 2972 ab

153 2993 359 3034 Hadriano
377 2990 614 3036 concessam,
642 2991 663 3029 εὶ
681 3003 763 3043 quo
783 3001 894 3028 aeram
918 2989 958 3027 in
974 2988 1144 3027 nummis
1163 2998 1414 3040 computant,
1446 2991 1485 3027 &
1500 3002 1577 3042 pro·
1592 2989 1690 3043 grati
1713 2989 1828 3029 animi
1848 2999 2103 3028 monumento
2122 2987 2161 3026 in
2178 2985 2270 3040 ipfis

154 3058 398 3090 renovarunt.
429 3047 574 3088 Mulier
591 3045 744 3090 turrita,
774 3044 926 3083 Genius
942 3043 996 3083 est
1013 3041 1116 3082 urbis
1133 3062 1145 3088 ;
1173 3041 1311 3082 insidet
1329 3043 1568 3090 monticulis,
1600 3043 1711 3083 fitum
1732 3044 1771 3083 in
1790 3043 1890 3084 clivo
1910 3042 2023 3082 Massi
2045 3042 2186 3082 montis
2201 3041 2270 3082 de-

154 3117 295 3145 notans
312 3124 323 3150 ;
351 3103 472 3156 spicas
487 3103 606 3158 gerit,
634 3099 685 3140 ad
706 3098 888 3139 frumenti
906 3098 1183 3138 abundantiam
1203 3097 1244 3136 in
1265 3112 1357 3153 agro
1376 3098 1445 3139 suo
1465 3097 1736 3139 denotandam.
1774 3099 1916 3153 Figura
1938 3097 2049 3140 fluvii
2066 3097 2270 3139 Chaboras

156 3160 212 3201 est
226 3173 273 3201 ex
288 3158 430 3200 eodem
447 3169 583 3200 monte
602 3155 731 3196 Masio
752 3153 952 3201 defluens,
981 3154 1092 3209 cujus
1113 3153 1289 3196 meminit
1305 3153 1537 3196 Ptolemaeus
1552 3153 1617 3195 lib.
1643 3167 1675 3207 5.
1694 3168 1778 3210 cap.
1801 3158 1863 3195 18.

210 3238 294 3283 Hic
310 3251 484 3282 nummus
505 3235 700 3279 mediocris
704 3233 845 3290 formae
851 3243 924 3290 pro
941 3247 1026 3275 raro
1049 3232 1249 3276 notandus.

165 3860 190 3891 ε
201 3860 223 3888 P
235 3859 260 3888 E
272 3859 303 3887 N
316 3859 347 3886 N
360 3859 376 3886 1
390 3860 417 3887 A
450 3859 476 3887 Ε
488 3858 514 3887 ’,ι-
528 3858 550 3886 P
561 3857 588 3885 0
599 3857 625 3887 r
636 3857 694 3886 ci<
707 3856 723 3885 1
734 3857 761 3886 Λ
775 3858 802 3885 Λ
816 3858 859 3886 A.
890 3856 915 3886 c
925 3859 949 3886 E
962 3859 998 3887 Β,
1029 3843 1163 3898 Caput
1178 3839 1383 3883 Etruscillae
1403 3850 1492 3881 cum
1515 3837 1625 3878 Luna
1641 3836 1830 3878 crescente
1850 3835 1946 3876 circa
1964 3834 2162 3876 humeros.
2235 3889 2244 3898 0

218 3919 243 3946 c
254 3918 277 3945 E
289 3916 328 3942 n.
360 3917 382 3942 1>
394 3918 422 3943 H
434 3917 457 3943 c
468 3916 494 3942 A
510 3916 526 3942 1
536 3915 567 3942 N
577 3916 605 3942 H
618 3915 641 3942 c
653 3915 668 3940 1
679 3915 706 3940 Ω
717 3915 759 3940 Ν.
793 3916 832 3942 L.
862 3916 891 3941 H
904 3915 919 3941 1
929 3916 965 3943 P.
995 3905 1150 3952 Σετὶῐιμίων
1167 3902 1366 3946 Ρησοιινησίων,
1393 3899 1600 3941 undenum&
1617 3896 1680 3940 esti.
1709 3892 1889 3935 colonus
1917 3905 2034 3948 agens
2063 3892 2204 3938 boves,
2231 3902 2273 3930 m

272 3958 414 4000 vertice
434 3957 576 4014 Aquila
595 3956 716 4000 rostro
734 3969 931 3998 coronam.
2139 4013 2171 4042 A
2191 4013 2217 4040 Y
2230 4013 2256 4041 Τ
