2574 4214
179 269 632 304 CAESARAVGVST.
663 269 809 297 rina.
840 269 1062 317 ΡοΤΕεΤ.
1100 256 1233 309 Caput
1253 255 1418 315 Augusti
1436 255 1598 295 nudum.
2216 211 2268 255 ὃς

235 329 271 354 Ρ.
302 326 565 354 CARISIVS
594 326 710 352 Lac„
742 325 996 352 Avevsn.
1027 325 1069 353 m
1089 324 1174 354 area
1195 324 1390 369 nummii(

233 392 313 433 Hic
332 403 535 435 nummus,
566 390 654 442 quia
671 389 849 431 Emeritae
866 388 1061 442 percussus
1077 388 1134 432 'est
1151 415 1162 434 ,
1191 388 1291 432 inter
1303 388 1398 440 ejus
1411 399 1592 442 nummos
1605 386 1836 434 recensetur.
1877 382 2034 427 Publius
2054 388 2221 429 Carisius
2238 389 2278 429 in

179 447 279 487 bello
298 441 531 486 Cantabrico
556 443 723 499 Legatus
748 444 911 499 Augusti
936 444 1090 483 Astures
1111 442 1254 482 difficili
1279 443 1410 496 praelio
1436 442 1646 495 superavit,
1675 441 1784 494 cujus
1804 441 1979 481 meminit
2003 441 2139 483 Florus
2158 444 2219 482 lib.
2238 457 2282 495 4.-

180 503 437 543 Pra’mvnitus
458 500 619 549 Carisius
636 514 720 538 cum
736 501 906 538 exercitu
923 498 1132 542 adveniens
1149 525 1160 544 ,
1189 497 1356 552 oppreffit
1375 496 1559 550 Asturum
1574 494 1721 547 corfilia
1741 522 1752 541 ,
1767 495 1826 546 sic
1845 506 1973 536 tamen
1991 510 2063 536 non
2085 500 2279 537 incruento

178 561 382 597 certamine
399 555 577 608 reliquias
595 553 678 606 caest
686 555 876 593 exercitus
894 553 1112 603 validiffim'i
1129 555 1277 593 civitas
1294 551 1447 591 Eau'cia
1465 553 1626 604 excepit.
1658 551 1748 590 Con
1755 550 1857 591 Festo
1876 551 1977 591 bello
1992 553 2187 607 Augustus
2201 554 2279 593 Ca-

177 612 304 652 risium
323 611 362 649 in
379 609 568 649 Lusitania
585 609 774 664 Legatum
797 623 870 662 pro
889 608 1054 648 Praetore
1073 609 1267 649 constituit
1284 634 1295 653 ‚
1326 619 1369 646 ut
1388 607 1593 646 Antistium
1613 605 1773 645 alterum
1791 607 1980 660 Legatum
1999 607 2278 648 Tarraconensi

178 667 384 720 provinciae
403 664 572 718 praefecit
592 679 598 703 :
637 663 862 717 Hispaniam
883 664 985 701 enim
1004 665 1042 702 in
1063 675 1137 701 tres
1150 663 1230 715 jam
1251 661 1426 702 diviserat
1442 661 1658 715 provincias
1676 681 1687 707 ;
1718 661 1866 701 Boetica
1885 663 2018 714 populi
2035 675 2115 703 erat
2134 663 2279 703 Roma-

176 723 216 761 ni
236 749 248 767 ‚
276 734 392 773 quam
412 718 618 758 Proconsul
639 718 921 758 administrabat
937 745 949 763 ,
977 717 1046 770 qui
1073 717 1261 772 Legatum
1289 721 1328 756 δε
1345 717 1587 766 Quaestorem
1610 716 1796 762 haberet3
1833 718 2028 770 Augustus
2045 717 2279 758 Lusitaniam

175 781 216 816 &
231 774 553 816 Tarraconensem
572 774 744 818 retinuit,
773 773 810 812 in
832 786 929 825 quas
945 772 1113 827 Legatos
1130 786 1202 825 pro
1221 772 1389 816 Praetore
1405 771 1525 817 misit,
1554 771 1604 811 de
1624 771 1764 824 quibus
1785 771 1936 811 erudite
1952 771 2084 812 Illustr.
2106 772 2279 827 Spanhe-

175 833 275 872 mius
302 830 394 870 Diss.
414 835 448 869 6.
468 843 552 884 pag.
577 842 665 878 559.
707 828 875 867 Emerita
899 826 1051 867 videtur
1070 826 1272 867 Lusitaniae
1298 827 1433 882 Legati
1453 826 1583 873 sedes,
1613 840 1660 866 ex
1683 840 1846 866 nummo
1866 838 2050 882 argenteo
2071 828 2110 867 P.
2134 827 2272 868 Carisii

174 887 355 942 Augusto
374 885 502 924 dicato
514 912 526 930 ‚
556 883 594 922 in
613 884 719 937 cujus
737 882 863 922 aversa
881 894 988 936 parte
1007 893 1118 936 porta
1137 882 1239 922 urbis
1255 881 1438 928 cusa'est‚
1467 896 1556 922 curn
1578 881 1789 936 epigraphe
1818 896 1841 921 E
1860 896 1895 922 M
1909 896 1931 920 E
1947 895 1971 921 R
1989 895 2004 921 1
2018 896 2041 921 T
2056 896 2083 921 A
2114 883 2152 923 in
2174 883 2278 924 frona

175 955 226 984 te.
257 940 420 982 Carisius
436 940 518 980 Titi
539 939 775 993 praenomine
795 938 899 990 apud
924 937 1095 977 Dionem
1114 936 1337 992 insignitur,
1366 935 1432 977 sed
1451 938 1600 977 nummi
1624 951 1709 987 ejus
1735 937 1840 977 obvii
1864 937 2080 979 constanter
2097 938 2279 981 Publium

175 998 348 1038 clamant.
386 995 543 1035 Fulvius
565 993 725 1034 Ursinus
745 993 782 1033 in
799 993 932 1033 Famil.
951 993 1070 1033 Rom.
1091 992 1268 1034 Publium
1286 992 1392 1033 hunc
1407 991 1492 1034 Titi
1508 992 1662 1035 fratrem
1679 992 1789 1034 fuisse
1805 993 2002 1034 existimat.

229 1075 311 1115 Hic
326 1086 496 1115 nummus
514 1074 706 1114 mediocris
710 1071 850 1126 forma
866 1074 966 1113 inter
983 1066 1093 1123 raros⁵
1103 1064 1352 1131 computatur.

170 1730 324 1763 Dlvvs
352 1726 640 1758 Avasrvs
673 1718 864 1758 PATER.
902 1713 1430 1772 CaputAugustiradiatum.
1573 1764 1576 1767 Ι
2208 1764 2210 1766 q

225 1789 250 1815 c
261 1787 287 1813 o
299 1783 347 1813 1„ss
374 1787 400 1812 A
413 1786 440 1812 v
453 1787 478 1812 G
492 1786 519 1812 v
531 1786 549 1811 s
564 1786 588 1812 τ
603 1786 629 1812 Α
663 1786 686 1811 E
698 1785 736 1814 M
749 1779 772 1814 'E
785 1788 816 1813 R
828 1786 844 1812 1
856 1786 880 1811 T
895 1787 936 1812 A.
974 1772 1129 1812 Colonia
1147 1771 1320 1825 Augusta
1341 1771 1528 1813 Emerita.
1566 1769 1682 1810 Porta
1702 1769 1805 1810 urbis
1829 1781 1920 1808 cum
1939 1767 2096 1809 duobus
2115 1767 2270 1809 fornici-

280 1829 373 1874 bus,
400 1831 437 1867 &
454 1828 546 1868 turri
565 1827 655 1867 hinc
675 1831 713 1867 &
733 1827 836 1869 inde.
873 1828 919 1868 In
937 1827 1016 1868 aliis
1036 1827 1192 1879 majoris
1210 1827 1344 1867 formae
1355 1854 1368 1873 ‚
1397 1838 1512 1880 typus
1528 1825 1652 1870 idem,
1681 1824 1746 1864 sed
1761 1823 1866 1864 deest
1883 1823 2046 1865 Coloniae
2059 1823 2212 1871 titulus,
2227 1827 2268 1865 δε

278 1882 488 1937 epigraphe
504 1884 603 1923 circa
618 1883 805 1923 ambitum
818 1910 830 1930 ,
856 1884 896 1922 in
913 1882 1040 1923 fronte
1057 1883 1151 1922 vero
1167 1882 1270 1921 urbis
1300 1895 1328 1920 A
1342 1895 1369 1921 v
1383 1895 1409 1921 G
1420 1895 1471 1921 vs
1483 1895 1507 1920 T
1520 1895 1547 1920 A
1581 1895 1604 1919 E
1616 1893 1652 1919 Μ
1665 1893 1687 1918 E
1700 1893 1731 1920 R
1744 1892 1759 1918 1
1772 1893 1796 1918 Τ
1810 1893 1852 1919 A.

222 1959 350 2001 Variae
367 1959 451 1999 sunt
467 1959 515 1999 de
536 1959 612 1999 hoc
632 1959 793 2000 aedificio
812 1959 918 2014 apud
939 1958 1190 2013 Antiquarios
1210 1957 1411 1999 sententiae.
1450 1957 1583 1998 Illustr.
1605 1956 1863 2011 Spanhemius
1882 1970 1969 2012 pag.
1987 1969 2006 2009 3
2012 1969 2081 2008 95.
2107 1958 2146 1997 &
2164 1956 2271 2011 Equ.'

168 2014 326 2056 Patinus
341 2028 425 2067 pag.
447 2027 508 2064 71.
526 2015 688 2054 castrum
705 2015 934 2055 arbitrantur
945 2035 958 2061 5
987 2028 1088 2068 pons
1107 2013 1259 2054 videtur
1275 2014 1392 2061 Com.
1411 2012 1675 2053 Mediobarbo
1692 2016 1731 2052 &
1747 2012 1800 2053 R.
1819 2012 1861 2052 P.
1881 2012 2060 2052 Cattanei
2073 2040 2084 2058 ‚
2112 2012 2181 2066 qui
2197 2026 2269 2052 nu-

167 2083 239 2124 per
254 2069 355 2108 urbis
374 2068 529 2124 vestigia
543 2068 724 2109 lustravit.
761 2070 870 2109 Anas
889 2080 1019 2108 autem
1035 2070 1119 2122 ejus
1134 2069 1278 2108 moenia
1294 2067 1481 2115 alluebat,
1509 2068 1560 2109 de
1571 2081 1654 2122 quo
1664 2066 1894 2110 Prudentius
1905 2068 1947 2110 in
1957 2067 2109 2123 Dauyl.
2120 2067 2171 2110 de
2181 2067 2270 2119 Vir}

165 2138 258 2181 gine
271 2122 437 2165 Ecclesia
453 2137 462 2164 2

752 2177 875 2219 Nunc
890 2176 992 2217 locus
1009 2176 1188 2218 Emerita
1204 2175 1255 2229 cst
1270 2177 1414 2218 tumulo

752 2233 868 2275 Clara
886 2232 1041 2274 Colonia
1060 2234 1250 2273 Vettoniae
1261 2258 1275 2279 ‚

748 2289 884 2343 Qam
902 2288 1152 2329 memorabilis
1166 2290 1292 2329 amnis
1306 2287 1424 2329 Anas

750 2344 960 2390 Praeterit,
988 2341 1036 2388 ἔν’
1055 2343 1251 2384 viridante
1266 2354 1392 2398 rapax

752 2400 935 2454 Gurgite,
963 2402 1098 2440 maenia
1108 2399 1273 2454 pulchra
1289 2399 1415 2440 lavat.
1975 2449 1977 2452 .
2213 2449 2215 2452 .

165 2452 324 2510 Pighius
345 2454 447 2494 Ann.
467 2466 502 2508 3.
525 2453 589 2494 lib.
613 2455 674 2494 18.
692 2467 778 2511 pag.
804 2468 892 2506 512.
927 2457 966 2494 δε
981 2455 1119 2495 Paulus
1137 2451 1290 2495 Merula
1306 2455 1510 2510 Cosmogr.
1535 2463 1632 2509 part.
1651 2468 1687 2496 2.
1708 2455 1771 2498 lib.
1795 2470 1830 2497 2.
1850 2469 1882 2496 c.
1904 2469 1968 2507 25.
1993 2466 2144 2511 portam
2163 2455 2266 2497 urbis

166 2511 381 2550 existimant
396 2537 408 2556 ,
437 2508 579 2564 quibus
596 2508 813 2551 assentimur
829 2530 842 2557 3
870 2510 1081 2566 epigraphe
1099 2510 1259 2565 quidem
1283 2509 1382 2550 circa
1402 2511 1589 2551 ambitum
1610 2512 1659 2551 ad
1677 2511 1884 2553 Coloniam
1903 2511 2176 2567 designandam
2199 2526 2265 2566 ap-

165 2564 290 2619 posita
314 2565 391 2611 est,
418 2564 484 2604 sed
507 2578 652 2605 nornen
679 2566 780 2607 urbis
805 2566 997 2606 moenibus
1019 2580 1069 2606 ne
1089 2565 1167 2606 hoc
1183 2564 1388 2606 :edificium
1406 2566 1456 2606 ad
1471 2566 1574 2606 aliud
1594 2580 1796 2608 revocetur
1813 2595 1824 2613 ‚
1853 2567 2082 2621 insculptum
2100 2567 2261 2607 videtur.

166 2621 277 2660 Alios
297 2620 448 2658 urbium
467 2633 646 2660 nummos
670 2634 759 2661 cum
783 2620 964 2661 similibus
1008 2633 1176 2662 ortarum
1195 2619 1296 2675 typis
1315 2622 1355 2660 in
1376 2622 1430 2661 rei
1445 2622 1667 2663 nummariae
1689 2622 1942 2664 studiosorum
1959 2623 2114 2663 cimeliis
2132 2622 2264 2662 videre

167 2674 223 2713 est
235 2700 248 2719 ‚
275 2684 375 2726 quos
397 2674 437 2712 in
456 2682 703 2714 nummorum
721 2676 946 2715 Graecorum
992 2676 1218 2730 escriptione
1235 2675 1445 2729 aliquando
1467 2677 1719 2731 vulgabimus.
1756 2677 2008 2717 Emeritenses
2029 2677 2079 2716 ad
2097 2677 2262 2730 Augusti

166 2728 377 2768 conditoris
393 2727 634 2780 apotheosim
651 2729 895 2770 indicandam
911 2742 1026 2784 caput
1046 2728 1128 2783 ejus
1144 2729 1334 2770 radiatum
1351 2744 1398 2771 ex
1418 2740 1494 2770 una
1508 2743 1616 2785 parte
1634 2759 1648 2779 ‚
1676 2727 1715 2771 δὲ
1731 2731 1782 2772 ad
1798 2742 1982 2773 :eternum
2001 2732 2102 2773 urbis
2123 2744 2264 2773 monu-

166 2794 362 2830 mentum,
390 2783 472 2837 ejus
491 2783 733 2838 prospestum
752 2798 799 2825 ex
815 2784 931 2826 altera
945 2782 1229 2840 consignarunt.

219 2860 304 2902 Hic
316 2874 489 2904 nummus
492 2861 655 2915 secundi
670 2861 809 2904 moduli
826 2862 963 2904 obvius
972 2889 984 2909 ‚
1001 2861 1082 2914 sed
1092 2864 1271 2918 majoris,
1298 2862 1498 2915 rariffi'mus
1513 2862 1576 2917 est.

953 2965 1460 3009 ERGAVICA.

169 3532 197 3561 A
211 3533 238 3561 v
249 3535 276 3562 G
288 3535 315 3560 v
328 3534 347 3561 s
361 3534 386 3563 Τ
397 3535 425 3561 v
436 3534 456 3562 s
486 3531 513 3562 D
525 3534 541 3561 1
553 3535 579 3562 v
591 3535 607 3562 1
638 3532 675 3562 Τ.
710 3521 844 3575 Caput
860 3518 1022 3576 Augusti
1037 3515 1265 3563 'laureatumi

217 3590 255 3616 M
267 3589 294 3617 v
306 3591 350 3617 N.
380 3591 404 3616 E
417 3591 448 3618 R
459 3591 484 3617 G
498 3591 525 3617 A
541 3591 567 3617 v
580 3591 596 3617 1
608 3592 630 3617 c
644 3590 684 3617 A.
714 3577 969 3631 Municipium
984 3577 1195 3632 Ergavica.
1237 3578 1328 3619 Bos.

162 3706 165 3709 .
216 3653 414 3709 Ergavica
430 3656 518 3696 urbs
534 3655 588 3696 est
600 3655 882 3697 Celtiberorum
898 3655 938 3695 in
948 3655 1131 3709 Hispania
1138 3650 1434 3700 Tarraconensi,
1462 3652 1572 3706 cujus
1587 3653 1763 3695 meminit
1777 3652 1908 3694 Livius
1924 3646 1986 3694 lib.
1999 3658 2034 3693 6.
2045 3650 2192 3693 Decad.
2208 3658 2243 3703 ς.

163 3709 231 3750 Ab
248 3709 318 3750 hoc
329 3710 458 3766 praelio
474 3710 673 3751 Gracchus
691 3711 806 3752 duxit
831 3712 885 3751 ad
904 3710 1196 3765 depquulandum
1211 3709 1452 3750 Celtiberiam
1471 3708 1629 3762 legiones
1644 3736 1657 3756 ‚
1685 3705 1733 3753 &¹
1749 3709 1835 3749 cum
1850 3710 1977 3764 ferret
1994 3707 2094 3762 paffi
2106 3708 2244 3747 cunft'a

164 3772 279 3819 atque
294 3775 440 3820 ageret,
459 3766 661 3821 populique
679 3766 748 3807 alii
767 3767 987 3812 voluntate,
1014 3767 1086 3806 alii
1104 3775 1205 3805 metu
1208 3765 1351 3820 jugum
1365 3773 1607 3818 acceperunt,
1634 3774 1784 3805 centum
1803 3768 1882 3805 tria
1897 3764 2029 3818 oppida
2039 3765 2245 3816 intrapau-

164 3833 227 3859 cos
241 3818 318 3859 dies
325 3823 491 3876 ’ἀει-φὴ.
507 3854 535 3862 ..
551 3855 558 3861 .
588 3821 788 3876 Ergavica
807 3821 894 3861 inde
910 3820 1046 3861 nobilis
1061 3817 1251 3874 &potens
1268 3821 1433 3866 civitas,
1462 3818 1620 3860 aliorum
1634 3819 1959 3874 circapopulorum
1978 3817 2149 3858 cladibus
2170 3826 2245 3856 ter-

164 3875 245 3914 rita
257 3901 269 3920 ,
285 3884 423 3929 portas
442 3877 628 3917 Romanis
643 3879 802 3931 aperuit.
838 3876 945 3917 Urbs
965 3877 1013 3917 ab
1031 3890 1080 3916 eo
1100 3888 1275 3930 tempore
1291 3874 1387 3915 circa
1405 3889 1550 3915 annum
1568 3876 1621 3916 U.
1636 3875 1685 3915 C.
1709 3889 1797 3926 574.
1814 3870 1965 3915 videtur
1981 3872 2242 3926 Municipium

165 3928 287 4026 faEJp
314 3929 472 4027 se{.s¹¹¹<³
490 3931 668 3987 suffragio
679 3958 693 3980 ‚
721 3941 764 3976 ut
776 3936 815 3975 ὃς
827 3944 959 3975 caetera
971 3931 1116 3987 oppida
1131 3957 1145 3979 ,
1173 3944 1260 3985 quae
1274 3929 1435 4027 ΡΠῃίυέ
1433 3929 1495 3970 lib.
1516 3944 1553 3984 3.
1570 3944 1652 3985 cap.
1669 3943 1705 3984 3.
1723 3930 1823 3972 Latii
1838 3929 1974 3971 veteris
1990 3929 2076 3982 jure
2092 3928 2241 4020 tgntum

255 3999 325 4027 om.
381 4014 389 4029 .
1464 3998 1485 4025 2
2126 3992 2249 4022 ..onata
