2574 4214
851 205 1508 254 L.VERUS.
2123 218 2217 261 197

133 279 290 323 Caesaris
308 290 450 319 nomen
470 288 654 330 tanquam
676 273 831 316 secundi
847 272 983 328 fastigii
999 270 1150 313 titulum
1169 285 1249 311 non
1266 272 1420 317 habuit,
1448 271 1539 311 ideo
1556 270 1649 311 nulli
1663 269 1778 324 ipsius
1795 270 1942 310 nummi
1959 281 2045 310 curn
2063 269 2221 309 Caesaris

131 335 288 379 nomine
313 332 643 375 Senatusconsulto
675 327 856 385 percusfi,
885 342 956 369 nec
983 326 1088 368 aurei
1109 340 1180 367 nec
1205 327 1374 381 argentei
1389 327 1635 379 reperiuntur.
1673 326 1855 379 Aquilam
1873 324 2033 378 Imperii
2052 324 2221 364 Romani

133 389 348 447 symbolum
372 389 410 428 in
436 388 498 428 M.
526 386 685 428 Aurelio
708 385 894 431 diximus,
919 383 1011 424 ideo
1031 381 1308 424 Antiochenses
1325 381 1426 422 illam
1442 381 1557 422 etiam
1572 382 1612 422 in
1631 380 1738 422 Vero
1759 381 1926 436 signant,
1955 390 1999 419 ut
2015 389 2222 436 utrumque

134 445 288 501 Imperii
307 444 530 499 participem
546 442 746 483 denotent.

187 522 269 564 Hic
287 521 497 563 nummulus
515 519 559 561 ob
579 519 739 573 Caesaris
754 531 884 559 nomen
899 519 1000 557 inter
1016 529 1121 556 raros
1134 514 1370 571 reponendus.

788 636 823 674 C
849 635 941 682 ωε
969 635 1000 674 s
1025 635 1071 675 A
1095 634 1136 673 R
1166 633 1204 673 E
1232 633 1277 673 A
1349 608 1573 682 Palaestinaess

135 1288 243 1324 xmp.
273 1289 421 1318 cans.
451 1290 487 1320 L·
519 1291 600 1318 Av.
631 1289 828 1318 VERVS.
860 1291 981 1319 AVG.
1011 1278 1145 1332 Caput
1164 1278 1209 1320 L.
1228 1276 1323 1322 Veri
1344 1277 1421 1325 fine
1441 1277 1579 1321 laurea.

134 1388 136 1390 Ι
188 1346 300 1374 con.
333 1345 526 1374 PRIMA.
559 1346 634 1373 FL.
666 1346 786 1373 Ave.
816 1346 1119 1374 CAESAREA.
1148 1335 1283 1388 Caput
1303 1335 1494 1388 Serapidis
1511 1334 1647 1376 modio
1662 1334 1818 1390 infigne.

188 1423 420 1464 Caesarenses
447 1423 650 1464 Palaestinae
675 1437 855 1466 nummos
883 1423 992 1466 Vero
1012 1424 1264 1480 gratulantes,
1293 1426 1403 1478 quod
1420 1426 1459 1465 in
1475 1427 1580 1480 Syria
1596 1427 1645 1467 ad
1662 1427 1803 1467 bellum
1820 1425 2039 1466 Parthicum
2054 1425 2234 1473 veniss‘et,

135 1479 277 1520 cudiffe
294 1478 483 1520 videntur.
514 1480 578 1520 De
596 1480 662 1519 illo
682 1481 762 1520 Dio
781 1480 842 1520 lib.
859 1493 920 1531 71.
939 1494 1025 1536 pag.
1050 1483 1142 1520 802.
1177 1492 1202 1518 o
1218 1482 1250 1518 ἓν
1268 1485 1389 1526 Aius&
1403 1485 1502 1521 ἐλθών
1516 1489 1555 1522 εἰς
1571 1487 1760 1532 Ανπόχικων,
1786 1486 1834 1531 χρὴ
1852 1485 1973 1522 meki«
1989 1486 2148 1531 ςραπώτας
2163 1497 2235 1520 συλ-

134 1536 241 1576 λέξας,
267 1537 291 1585 »ᾖ
309 1534 362 1570 'rtis‘
376 1533 485 1575 οἰός-ες
500 1538 525 1568 ss
540 1534 677 1582 ἦγμόνων
693 1537 744 1576 ὑφ’
758 1534 855 1569 {cumina
871 1535 948 1581 ’ἔχων
960 1559 969 1575 ,
995 1535 1080 1570 auide
1094 1533 1148 1579 512«)
1163 1539 1193 1571 ἐν
1207 1541 1244 1584 τῇ
1259 1536 1327 1576 m'rtq‘
1342 1537 1457 1577 ἐκάθητο
1476 1538 1636 1583 ᾏζριπίῆον
1652 1539 1759 1577 gnam,
1784 1539 1831 1584 rja
1848 1539 1901 1573 πὶς
1915 1543 1953 1572 ‘ri
1968 1542 2076 1583 πελὲμε
2091 1542 2234 1584 χορηγία

131 1588 290 1634 ἁθροίζων.
319 1583 487 1630 Lucius,
515 1592 560 1622 ut
584 1585 695 1623 venit
726 1584 999 1630 Antiochiam,
1025 1593 1240 1636 comparato
1264 1588 1430 1624 maximo
1454 1587 1620 1626 militum
1642 1601 1812 1633 nurnero,
1842 1585 1889 1628 &r
1908 1589 2057 1635 optimis
2078 1587 2238 1626 ducibus·

132 1637 307 1684 delestis,
335 1637 411 1692 ipse
432 1640 473 1678 in
493 1637 622 1692 oppido
637 1638 832 1690 remanfit,
861 1647 904 1678 ut
920 1640 1008 1679 inde
1023 1639 1260 1691 constitueret
1280 1642 1426 1686 omnia,
1456 1640 1503 1684 εἴ]
1522 1651 1767 1681 commeatum
1785 1641 1973 1681 militibus
1996 1650 2238 1696 compararet.

132 1694 282 1747 Serapis
305 1692 440 1734 modio
465 1705 620 1734 ornatus
647 1693 686 1733 in
710 1707 874 1733 nummo
899 1693 1091 1748 percussus
1119 1695 1195 1741 est,
1223 1706 1266 1735 ut
1292 1695 1398 1735 Deus
1415 1697 1662 1736 veneratione
1684 1696 1858 1752 lingulati
1876 1696 1980 1750 apud
2005 1696 2240 1737 Caesarenses

133 1749 276 1796 cultus,
296 1762 414 1802 quem
431 1763 478 1788 ex
495 1749 674 1804 AEgypto
691 1761 889 1802 receptum
908 1750 948 1789 in
969 1749 1196 1790 Domitiano
1214 1750 1397 1796 diximus,
1419 1753 1507 1791 cum
1526 1751 1781 1806 Vespasianus
1799 1752 2012 1792 Caesaream
2031 1753 2241 1793 Coloniam

133 1804 224 1846 fecit
235 1832 247 1851 ,
275 1803 398 1844 forsan
414 1804 467 1844 ob
482 1818 602 1859 aegros
622 1804 691 1858 qui
709 1804 759 1844 ad
777 1818 866 1844 eum
881 1804 1072 1858 Serapidis
1090 1806 1241 1845 monitu
1260 1818 1467 1852 venerant,
1496 1806 1662 1853 lanatos,
1692 1807 1743 1847 de
1760 1821 1842 1861 quo
1858 1807 2019 1847 Tacitus
2036 1808 2182 1847 Histor.
2200 1822 2238 1859 4.

132 1860 204 1902 Ex
222 1859 328 1914 plebe
355 1859 624 1899 Alexandrina
648 1859 802 1913 quidam
824 1858 1013 1900 oculorum
1037 1860 1127 1900 tabe
1149 1868 1280 1906 notus,
1300 1874 1429 1915 genua
1457 1862 1538 1916 ejus
1555 1861 1803 1908 advolvitur,
1834 1862 2036 1902 remedium
2053 1865 2242 1902 caecitatis

130 1915 328 1968 exposcens
335 1916 484 1968 gemitu
497 1941 509 1960 ,
537 1916 682 1954 monitu
702 1914 896 1967 Serapidis
910 1916 1000 1954 Dei
1007 1943 1019 1961 ,
1045 1929 1155 1970 quem
1171 1915 1302 1956 dedita
1308 1915 1639 1970 superstitionibus
1645 1931 1743 1972 gens
1758 1926 1849 1957 ante
1864 1917 1959 1956 alios
1974 1917 2064 1957 colit
2076 1944 2088 1963 ,
2109 1929 2244 1971 preca·

132 1969 315 2026 baturque
331 1969 572 2022 Principem,
587 1977 631 2008 ut
637 1983 761 2022 genas
779 1967 827 2012 ἐν
846 1969 1030 2010 oculorum
1046 1969 1151 2010 orbes
1165 1969 1386 2025 dignaretur
1405 1969 1610 2025 respergere
1624 1974 1700 2012 oris
1715 1980 1962 2012 excremento.
1990 1972 2111 2013 Alius
2128 1986 2241 2013 manu

132 2037 249 2079 aeger,
274 2022 398 2064 eodem
418 2023 510 2064 Deo
530 2024 702 2070 afflare,
730 2033 775 2064 ut
784 2022 882 2078 pede
896 2038 942 2064 ac
961 2024 1057 2077 vesti
1080 2026 1116 2064 io
1137 2025 1300 2077 Caesaris
1319 2025 1553 2072 calcaretur,
1581 2027 1725 2067 orabat.
1754 2027 2011 2080 Vespasianus
2032 2040 2074 2068 ut
2093 2028 2160 2068 sibi
2176 2029 2242 2069 Se-

130 2079 304 2133 rapidem
331 2078 381 2118 de
403 2078 558 2134 Imperii
581 2077 760 2139 firmitate
774 2079 986 2133 propitium
1002 2039 1203 2125 redderet,
1230 2079 1455 2119 consuluiss'e
1474 2092 1599 2121 narrat
1618 2081 1824 2122 Suetonius
1841 2083 1881 2121 in
1901 2082 1985 2135 ejus
2003 2083 2080 2122 vita
2098 2098 2181 2137 cap.
2201 2098 2239 2136 7.

131 2134 216 2176 Hic
230 2133 315 2174 cum
331 2133 377 2173 de
384 2132 576 2186 firmitate
593 2133 749 2187 Imperii
769 2143 948 2188 capturus
963 2134 1193 2187 auspicium,
1212 2133 1327 2174 eedem
1344 2134 1538 2189 Serapidis
1546 2161 1562 2190 ,μ
1562 2135 1757 2189 submotis
1772 2136 1944 2179 omnibus
1955 2137 2083 2191 ,filus
2099 2139 2245 2196 intras}

118 2189 216 2246 fit:
244 2203 290 2230 ac
299 2190 507 2245 propitiato
526 2187 688 2229 multum
704 2189 816 2235 Deo,
845 2187 1001 2229 tandem
1008 2187 1058 2240 fi’
1073 2187 1333 2241 converttffet,

189 2273 273 2317 Hic
287 2288 458 2317 nummus
466 2274 638 2328 fiecundae
653 2273 929 2332 magnitudinis
946 2288 1014 2316 nec
1029 2288 1140 2316 rarus
1156 2288 1224 2315 nec
1242 2274 1380 2315 obvius
1395 2276 1456 2330 est.

951 2385 1401 2435 CARRHQAE.

138 3004 157 3028 A
170 3002 234 3031 r‘r.
256 3001 290 3029 K.
316 3001 350 3027 A.
377 3001 432 3028 ΑΥ
442 3001 470 3027 r.
497 3000 557 3028 or
567 3002 589 3026 H
600 3000 650 3027 ro
664 3004 697 3028 c.
727 2991 861 3045 Caput
874 2990 982 3032 Lucii
998 2991 1094 3033 Veri
1109 2991 1328 3034 laureatum.

180 3059 288 3088 κοΛ.
322 3058 374 3086 ΑΥ
385 3059 412 3084 1².
443 3058 705 3087 ΚΑΡΡΗΝΩΝ.
754 3054 885 3086 Κολωνίω
907 3050 1035 3098 Αυρῆλιω
1055 3053 1216 3098 Κοιρᾷηνῶν.
1273 3047 1430 3089 Colonia
1453 3049 1612 3090 Aurelia
1649 3050 1934 3090 Carrhenomm.
1991 3051 2152 3093 Astrum
2192 3053 2231 3094 in

243 3102 431 3144 crescente
448 3104 567 3144 Luna,

186 3181 350 3222 Carrhas
367 3181 434 3222 sub
451 3182 631 3237 Augustis
649 3182 708 3222 M.
729 3182 887 3222 Aurelio
903 3184 942 3220 &
960 3179 1004 3222 L.
1022 3180 1133 3222 Vero
1151 3181 1325 3222 fratribus
1346 3182 1554 3223 Coloniam
1573 3182 1626 3222 ob
1645 3184 1807 3224 Aurelia:
1825 3197 1967 3223 nomen
1984 3185 2232 3226 constitutam

126 3236 206 3290 jam
222 3237 312 3277 ante
327 3236 513 3283 diximus,
541 3238 657 3278 ambo
673 3238 775 3278 enim
793 3237 967 3290 adoptati
983 3236 1068 3276 sunt
1083 3236 1122 3275 in
1141 3237 1335 3277 Aureliam
1354 3239 1545 3278 Antonini
1561 3238 1616 3277 Pii
1632 3251 1786 3292 gentem
1798 3266 1810 3284 ,
1839 3240 1899 3277 illc
1913 3252 1959 3277 ex
1978 3240 2106 3280 Annia
2125 3239 2233 3280 fami-

128 3291 197 3338 lia,
227 3292 290 3332 hic
315 3306 362 3332 ex
391 3292 556 3332 Ceionia
580 3292 707 3333 senex
723 3293 826 3332 AElia
841 3302 966 3346 gente.
1007 3291 1196 3331 Carrheni
1211 3293 1250 3332 in
1271 3293 1363 3347 grati
1385 3293 1502 3333 animi
1520 3305 1813 3333 monumentum
1832 3294 1985 3346 utrique
2002 3294 2231 3350 Imperatori

129 3360 310 3387 nummos
336 3345 606 3400 percusserunt.
645 3347 831 3389 Crescens
855 3348 964 3386 Luna
992 3347 1042 3386 ad
1067 3346 1144 3387 Dei
1161 3347 1262 3388 Luni
1279 3347 1424 3388 cultum
1445 3349 1602 3389 Carrhis
1620 3348 1861 3388 observatum
1882 3348 2047 3402 spcstat,
2076 3351 2126 3391 de
2146 3366 2228 3405 quo

127 3401 344 3459 Spartianus
361 3403 399 3442 in
417 3402 624 3443 Caracalla.
652 3403 713 3443 Et
727 3403 903 3460 quoniam
919 3401 1006 3441 Dei
1021 3401 1129 3441 Luni
1134 3402 1304 3456 fecimus
1319 3406 1541 3444 mentionem
1551 3427 1571 3449 ,-
1580 3402 1778 3457 sciendum
1793 3403 2006 3454 doffr't'ffi'mis
2022 3407 2225 3463 quibusque

124 3455 171 3498 ia'
182 3459 362 3497 memoriae
381 3457 589 3504 traditum,
615 3466 728 3514 atque
747 3460 806 3499 ita
822 3470 921 3498 nunc
938 3469 1080 3512 quoque
1102 3456 1126 3496 a*
1143 3458 1348 3498 Carrhenis
1357 3458 1542 3512 praecipue
1560 3457 1712 3501 haberi,
1740 3467 1782 3497 ut
1797 3461 1863 3513 qui
1882 3459 2036 3500 Lunam
2041 3462 2222 3515 foemiueo

125 3513 271 3552 nomine
286 3527 330 3552 ac
338 3513 437 3563 sexu
451 3514 654 3567 putaverit}
670 3512 980 3568 nuncupandam,
1006 3514 1042 3551 is
1056 3511 1234 3552 addicens
1249 3514 1463 3554 mulieribus
1472 3513 1617 3565 semper
1634 3513 1821 3564 infhrviat
1842 3529 1854 3552 .·
1881 3523 1925 3554 at
1945 3517 2034 3556 verb
2057 3521 2123 3572 qui
2139 3532 2219 3558 ma-

125 3580 203 3607 rem
226 3567 361 3608 Deum
386 3567 453 3621 effe
476 3567 677 3609 crediderit
690 3596 701 3615 ,
728 3571 763 3609 is
785 3568 995 3609 dominetur
1020 3567 1152 3613 uxori,
1181 3581 1297 3623 neque
1320 3568 1420 3608 ullas
1442 3567 1637 3607 muliebres
1654 3571 1831 3622 patiatur
1857 3569 2020 3619 infidias.
2066 3576 2096 3611 A
2105 3573 2217 3613 strum

127 3622 276 3661 veroin
292 3623 480 3664 crescente
489 3624 621 3671 Luna,
649 3624 712 3666 Sol
730 3623 806 3664 effe
821 3623 992 3669 videtur,
1019 3622 1040 3661 ἐι
1051 3634 1132 3674 quo
1142 3622 1250 3662 Luna
1267 3623 1396 3663 lumen
1413 3623 1570 3677 accipit,
1597 3622 1921 3680 idcoaTragicis,
1940 3627 2066 3681 inquit
2074 3627 2218 3668 Theon

128 3677 168 3717 in
183 3690 389 3720 comment.
409 3679 458 3720 ad
478 3682 662 3727 Aratum,
689 3680 786 3720 Solis
805 3677 900 3725 filia,
928 3678 1039 3718 Luna
1054 3689 1190 3717 vocata
1205 3678 1270 3717 est.

182 3769 265 3814 Hic
278 3785 447 3814 nummus
466 3773 773 3829 minimaeformae
787 3775 891 3823 inter
905 3773 1065 3813 rariores
1081 3771 1341 3812 numerandus.

1351 4015 1467 4070 Bb3
