2574 4214
286 188 375 241 roz
931 174 975 220 C
1043 173 1086 221 A
1154 168 1189 219 L
1259 168 1281 222 Ῐ
1350 172 1394 221 G
1463 169 1511 220 U
1580 171 1615 220 L
1685 166 1745 222 A:

277 782 312 807 c.
338 780 361 806 c
374 779 400 805 A
415 779 438 805 Ε
451 778 470 804 s
485 778 512 804 A
526 778 571 806 R.
602 778 628 804 A
643 779 670 804 v
682 778 720 805 G.
753 779 779 805 G
793 778 856 805 ER
870 777 904 804 M
917 778 944 803 A
958 776 989 803 N
1001 777 1017 804 1
1029 777 1051 804 c
1064 772 1122 803 vs
1160 776 1175 804 1
1191 777 1227 804 Μ
1241 776 1276 804 Ρ.
1313 763 1448 819 Caput
1464 762 1649 818 Caligulae
1666 761 1889 805 laureatum.

329 835 366 861 c.
391 835 424 861 c.
451 834 494 860 A.
525 835 552 860 L
568 834 582 860 1
599 835 621 860 c
638 834 651 859 1
669 834 699 859 N
716 834 730 860 1
746 834 856 860 ANO
888 832 950 859 ET
981 832 1262 862 GERMANO
1296 833 1312 859 1
1331 833 1363 859 1.
1398 834 1420 859 v
1436 833 1452 859 1
1471 834 1512 858 R.
1543 819 1879 872 ColoniaCaesarea
1896 818 2012 874 Augu
2043 833 2076 859 a.
2107 817 2372 866 Liciniano&

388 876 574 916 Germano
588 876 837 916 Duumviris.
878 874 1022 928 Aquila
1036 874 1245 928 legionaria
1261 874 1360 914 inter
1376 873 1458 913 duo
1476 873 1581 929 figna
1598 874 1782 916 militaria.

331 953 631 1008 Caesaraugusta,
661 953 831 994 Colonia
848 954 896 994 ab
915 953 1094 1008 Augusto
1111 951 1297 999 deducta,
1325 951 1489 993 colonos
1505 966 1550 991 ex
1571 953 1686 993 trium
1711 966 1768 993 1v.
1785 960 1850 993 vr.
1870 955 1909 992 &
1926 966 1960 993 Χ.
1979 947 2194 1009 Legionum
2211 954 2378 996 Vetera?

273 1011 334 1051 nis
356 1010 525 1063 accepit,
553 1020 595 1050 ut
614 1023 686 1050 nos
701 1010 785 1063 ejus
799 1009 1044 1063 Imperatoris
1063 1008 1212 1049 nummi
1230 1007 1446 1049 docuerunt
1458 1027 1470 1054 3
1496 1007 1642 1048 idcirco
1659 1007 1758 1063 figna
1779 1009 1951 1049 militaria
1969 1008 2007 1048 in
2027 1012 2217 1056 nummis,
2248 1010 2297 1049 ad
2321 1010 2378 1050 in·

275 1066 480 1107 dicandam
499 1065 677 1105 Coloniae
695 1066 881 1121 originem
898 1090 910 1110 ,
939 1064 1201 1118 percusserunt
1218 1078 1227 1103 ε
1256 1061 1323 1113 sed
1343 1065 1430 1104 cum
1449 1063 1558 1117 supra
1578 1063 1762 1104 colonum
1781 1065 1901 1105 boves
1916 1076 2116 1118 agentem,
2143 1067 2284 1107 civium
2303 1065 2375 1106 de-

276 1121 480 1162 ductorum
498 1119 645 1175 infigne
665 1147 677 1166 ,
707 1120 810 1175 figna
834 1121 927 1160 vero
944 1146 955 1165 ,
984 1119 1148 1160 militum
1168 1118 1383 1174 symbolum
1405 1119 1636 1165 dixerimus;
1663 1119 1754 1160 ideo
1774 1120 1977 1160 Duumviri
1998 1121 2218 1162 alterutrum
2238 1133 2377 1176 typum

274 1176 325 1217 ad
342 1176 568 1217 colonorum
584 1175 773 1231 originem
790 1175 894 1215 suam
912 1171 1175 1216 denotandam
1193 1174 1340 1230 fignare
1356 1173 1538 1215 solebant.
1585 1171 1707 1215 Porro
1727 1185 1773 1216 ex
1793 1174 1949 1215 diverfis
1971 1175 2098 1217 coloni
2123 1179 2159 1216 &
2180 1176 2376 1233 lignorum

275 1232 491 1272 militarium
508 1231 704 1277 iconibus,
733 1231 893 1273 alterum
911 1244 958 1271 ex
975 1230 1199 1271 Duumviris
1218 1232 1239 1270 a
1258 1230 1405 1271 civibus
1422 1229 1600 1270 deductis
1617 1258 1628 1277 ,
1656 1231 1815 1272 alterum
1835 1232 1928 1271 vero
1948 1232 1970 1271 a
1985 1232 2174 1272 veteranis
2192 1230 2376 1272 transmiss

275 1286 323 1327 fis
339 1300 460 1341 genus
477 1285 624 1326 traxisse
639 1286 876 1341 suspicamur.
919 1285 1150 1326 Licinianus
1173 1296 1318 1326 nomen
1335 1282 1389 1326 est
1407 1286 1563 1326 Liciniae
1578 1287 1703 1342 gentis
1720 1285 1964 1342 productum.
2005 1287 2214 1328 Germanus
2229 1291 2376 1344 cogno-

274 1355 386 1389 men,
415 1355 465 1382 an
481 1355 528 1382 ex
546 1342 720 1398 germine
736 1342 969 1389 deductum,
998 1341 1059 1382 vel
1075 1355 1121 1382 ex
1139 1342 1348 1382 Germania
1365 1339 1623 1396 desumptum.

330 1419 415 1462 Hic
429 1435 602 1462 nummus
608 1424 745 1477 primae
763 1420 1062 1476 magnitudinis,
1089 1420 1137 1460 ab
1156 1419 1216 1460 Ill.
1233 1419 1456 1475 Spanhemio
1471 1420 1610 1474 differt.
1630 1434 1662 1461 2.
1668 1431 1762 1477 pag.
1784 1435 1871 1462 120.
1892 1420 1942 1461 'ab
1957 1420 2031 1477 Eq.
2047 1422 2196 1462 Patina
2203 1432 2292 1477 pag.
2305 1426 2376 1472 92.

276 1473 326 1521 (J
340 1478 382 1517 in
400 1491 436 1517 2.
457 1477 546 1517 edit.
559 1477 764 1532 Angelonii
780 1478 829 1518 ab
845 1476 992 1517 erudito
1008 1478 1093 1516 viro
1112 1474 1182 1529 JO.
1196 1476 1318 1517 ‘Petro
1332 1475 1477 1517 Bellori
1490 1478 1532 1517 in
1548 1475 1754 1518 Emendat.
1763 1487 1857 1533 pag.
1873 1491 1935 1532 37.
1953 1476 2161 1532 vulgatus,
2185 1479 2287 1519 inter
2312 1489 2376 1517 ra-

271 1531 427 1584 rffmos
445 1532 693 1574 collocandus.

244 2088 319 2119 ἐ.
349 2068 584 2116 cassan]
621 2067 748 2110 'Avess
783 2076 1179 2125 GERMA'vas.
1219 2076 1336 2110 1Mt’.
1373 2075 1561 2108 aaran
1597 2073 1869 2106 parmas.
1925 2063 2059 2119 Caput
2084 2061 2271 2120 Caligulae
2300 2057 2383 2108 sme’

495 2140 528 2167 a.
763 2158 767 2162 .
1377 2149 1380 2152 Α
2338 2146 2354 2151 .,

272 2189 293 2213 «“
334 2128 500 2228 algu?
534 2193 785 2223 TlrvLLo
815 2192 878 2220 1-21·
908 2190 1204 2219 MONTANQ
1234 2189 1290 2218 11.
1322 2187 1443 2217 v1R.
1478 2174 2022 2230 ColoniaCaesareaAugtsta,
2048 2174 2383 2228 Tiiullo&Mon2

388 2246 480 2278 tana
495 2236 748 2278 Duumviris.
786 2233 964 2275 Colonus
977 2246 1094 2289 agens
1111 2233 1244 2274 boves.

333 2316 396 2357 En
412 2315 574 2356 colonus
591 2315 731 2356 iterum
748 2310 798 2353 ad
807 2311 990 2354 Cae'fiireae
1006 2311 1186 2353 Coloniae
1208 2310 1387 2353 deductae
1409 2310 1596 2366 originem
1617 2309 1861 2351 indicandam
1879 2309 1946 2351 sub
1962 2309 2113 2351 Titullo
2129 2314 2168 2351 δε
2185 2304 2383 2365 Montano

274 2371 506 2418 Duumviris
522 2370 737 2425 percussus;
764 2367 830 2408 sed
850 2369 939 2409 etim
956 2369 1108 2410 tantum
1125 2366 1198 2408 fint
1214 2367 1472 2422 cognomina,
1499 2379 1634 2407 eorum
1651 2365 1810 2408 familias
1827 2365 1981 2407 noscere
1997 2380 2075 2406 non
2093 2365 2202 2407 facile
2217 2366 2282 2407 est.
2315 2367 2382 2406 Ti<-

277 2428 399 2472 tullus
416 2439 635 2482 cognomen
653 2424 708 2466 est
726 2424 915 2464 Munatiae
931 2425 1055 2479 gentis
1070 2422 1176 2478 apud
1191 2423 1403 2464 Gruterum
1418 2435 1505 2477 pag.
1517 2424 1538 2463 8
1548 2434 1608 2473 52.
1622 2434 1657 2462 2.
1676 2425 1714 2462 &
1724 2421 1850 2463 Vibiae
1867 2433 1953 2477 pag.
1967 2424 2057 2475 863.
2089 2422 2301 2462 Montanus
2316 2434 2382 2462 ve*—

274 2488 325 2526 10
338 2483 503 2530 Curtiae,
533 2481 658 2535 Juliae,
680 2479 811 2535 Juniae
825 2506 837 2526 ,
865 2484 904 2520 δε
920 2479 1087 2520 Vatiniae
1102 2478 1208 2532 apud
1225 2477 1511 2531 Glandorpium
1528 2478 1568 2517 in
1582 2477 1785 2518 Onomast.
1817 2477 1945 2531 Julius
1962 2477 2176 2518 Montanus
2191 2476 2309 2517 Poeta
2329 2476 2381 2518 cia

278 2550 381 2580 tatur
404 2537 509 2592 apud
533 2537 726 2577 Ovidium
748 2535 799 2577 de
820 2534 935 2576 Pont.
973 2535 1030 2575 Hi
1050 2537 1144 2575 vero
1165 2533 1372 2574 Duumviri
1388 2546 1571 2575 nummos
1594 2533 1645 2575 ad
1667 2533 1892 2576 memoriam
1915 2534 2100 2589 Agrippae
2118 2531 2380 2574 renovandam

280 2608 370 2636 cum
386 2593 469 2647 ejus
488 2591 616 2647 effigie
635 2606 721 2648 pag.
744 2603 832 2643 140.
850 2590 1122 2644 percusierunt.

332 2672 416 2714 Hic
430 2685 603 2717 nummus
617 2670 813 2714 mediocris
822 2669 960 2726 formae
976 2682 1044 2710 nec
1061 2681 1170 2709 rarus
1188 2681 1256 2709 nec
1273 2666 1408 2720 obvius
1423 2665 1482 2719 ss.

288 3259 325 3289 c.
350 3246 581 3286 cansam
610 3256 733 3285 Ave.
764 3246 1144 3284 Gnkmantcv's
1175 3248 1291 3280 ῙΜΡ.
1326 3238 1461 3293 Caput
1477 3234 1901 3293 Caligulaelaureatum;
2341 3268 2344 3271 .

343 3316 377 3342 c.
400 3316 432 3341 c.
457 3311 496 3341 A.
529 3311 807 3341 SCIPIONE
838 3311 900 3338 ET
930 3308 1205 3338 MONTANO
1242 3310 1257 3337 1
1276 3309 1309 3336 1.
1333 3308 1392 3335 v1
1410 3308 1453 3334 R.
1483 3286 2379 3346 ColoniaCaeſsareaAugusta,Scipione&Mona

397 3364 488 3395 tano
506 3356 756 3396 ‘Dunmviris
792 3353 972 3394 Colonus
988 3352 1067 3408 agit
1086 3352 1217 3392 boves.

338 3432 555 3474 Montanus
574 3433 612 3472 in
626 3431 920 3486 Caesaraugusta:
938 3430 1106 3471 nummis
1122 3429 1243 3470 modo
1263 3440 1352 3469 cum
1363 3427 1514 3469 Titullo
1524 3454 1536 3474 ,
1563 3426 1686 3468 modo
1705 3440 1794 3468 cum
1810 3425 1991 3479 Scipione
2009 3424 2202 3466 Duumvir'·
2217 3425 2378 3478 conjun-

285 3489 409 3544 gitur;
435 3486 526 3526 ideo
537 3487 704 3528 Titullus
719 3487 909 3540 Scipioni,
937 3496 1003 3527 aut
1018 3485 1150 3539 Scipio
1161 3484 1311 3525 Titullo
1327 3484 1505 3525 suffetius
1521 3483 1682 3524 videtur.
1718 3481 1843 3536 Scipio
1859 3480 1930 3521 fuit
1945 3480 2217 3522 Corneliorum
2232 3495 2379 3536 cogno-

285 3557 377 3586 men
390 3568 402 3588 ,
427 3541 492 3594 ⁴cui
510 3540 551 3579 Ρ.
571 3542 775 3582 Cornelius
790 3541 941 3582 initium
957 3541 1090 3586 dedit,
1117 3539 1228 3595 quod
1245 3552 1391 3594 patrem
1411 3540 1619 3579 luminibus
1638 3537 1776 3579 orbum
1802 3536 1885 3577 vice
1904 3535 2081 3589 scipionis
2100 3547 2245 3590 regeret
2262 3555 2274 3581 ;
2303 3536 2379 3589 pri-

285 3612 372 3638 mus
394 3595 435 3636 id
455 3596 694 3650 cognominis
713 3597 767 3637 est
787 3597 962 3643 sortitus,
992 3600 1030 3636 ὃς
1050 3595 1231 3649 deinceps
1257 3595 1307 3635 ad
1333 3595 1506 3649 posteros
1530 3594 1617 3634 suos
1641 3590 1848 3634 transmisit.
1888 3591 2211 3646 Caefiaraugustani
2229 3590 2297 3630 sub
2318 3590 2379 3630 his

286 3651 510 3693 Duumviris
529 3663 708 3690 nummos
722 3652 762 3690 in
780 3651 1004 3692 memoriam
1016 3650 1181 3706 Augusti
1192 3677 1205 3697 ,
1235 3650 1417 3704 Agrippae
1428 3677 1441 3697 ,
1471 3648 1713 3695 Germanici,
1740 3651 1780 3687 δε
1798 3646 2020 3700 Agrippinae
2035 3646 2302 3692 restituerunt,
2331 3656 2376 3686 ut

285 3706 470 3761 Caligulae
490 3704 746 3744 blandirentur
761 3732 773 3750 ,
801 3707 935 3759 quiex
950 3718 1025 3746 una
1044 3718 1151 3760 parte
1169 3704 1358 3760 cujusque
1373 3717 1506 3745 eorum
1525 3703 1717 3759 effigiem,
1745 3705 1784 3742 δε
1803 3715 1850 3742 ex
1869 3701 1983 3742 altera
2007 3701 2110 3741 suam
2133 3707 2296 3755 excepto
2313 3699 2375 3741 M.

287 3762 461 3815 Agrippa
479 3772 555 3799 avo
573 3758 642 3799 suo
661 3760 897 3813 percusserat.
2207 3760 2214 3768 '

322 3837 423 3946 ffic
436 3848 616 3942 ssmmug
624 3835 818 3878 mediocris
833 3837 972 3878 moduli
987 3837 1122 3879 obvius
1137 3863 1151 3884 ,
1177 3837 1201 3877 ὰ
1213 3836 1458 3878 Mediobarbo
1467 3846 1554 3892 pag.
1568 3848 1631 3889 79.
1651 3836 1751 3876 inter
1766 3835 1913 3876 incerta
1930 3832 2133 3875 collocatus
2141 3859 2155 3881 ,
2182 3834 2374 3886 Caesarau-

277 3905 334 3949 gu
366 3905 397 3933 ιε
412 3905 450 3933 re
480 3899 585 3932 :tuen
612 3903 666 3930 us.
