2574 4214
962 221 995 262 P
1063 219 1098 261 R
1165 217 1223 259 AE
1290 216 1326 257 F
1387 215 1432 256 Α
1499 213 1536 254 T
1593 212 1616 252 I
1684 211 1730 252 Ο.

345 276 347 279 ¹
376 297 471 352 Q
491 297 801 357 Imperatorum
822 302 1028 332 nummos
1046 282 1247 330 haeftenus
1264 274 1556 326 describendos
1579 273 1840 339 susceperunt
1864 309 1875 328 ,
1914 270 2092 320 illorum
2119 275 2255 319 vitam
2284 270 2397 320 suma

315 368 463 411 marim
492 361 762 427 perstringere
790 353 1039 401 consuevere
1056 387 1069 406 ,
1108 367 1154 397 ut
1180 346 1381 414 cujusque
1406 345 1585 412 Augusti
1607 344 1720 409 gesta
1743 341 1938 412 quodam
1963 338 2103 388 modo
2131 358 2394 402 enarrarent3

314 432 403 479 haec
424 445 567 477 autem
587 426 726 492 saepius
748 422 962 470 decantata
986 417 1133 466 referre
1154 435 1329 484 aequum
1348 433 1441 462 non
1463 417 1707 480 putavimus
1729 448 1742 468 ,
1780 409 1848 458 sed
1872 408 2080 458 Colonias
2094 444 2108 464 ,
2145 406 2176 456 fi
2197 428 2302 477 quas
2325 409 2397 457 de-

313 498 507 546 duxerint
524 532 537 550 ‚
577 491 777 542 recensere
795 528 808 547 ,
846 488 1147 537 charaCkeribus
1171 482 1406 545 majusculis
1436 487 1482 530 iis
1506 499 1601 548 quae
1625 498 1835 527 nummos
1863 476 2162 526 fundatoribus
2189 477 2398 528 cuderunt

313 565 535 614 defionatis
559 583 568 609 ε
606 561 636 610 si
658 578 799 609 autem
820 562 1092 624 Imperatores
1117 553 1250 602 nullas
1268 550 1538 599 condiderint
1560 585 1573 605 ,
1610 552 1696 609 ejus
1717 553 1775 595 rei
1796 552 2008 595 rationem
2029 544 2229 613 indagare
2253 548 2399 595 statui-

316 609 434 692 musD3
472 630 533 679 vel
555 629 584 678 fi
605 629 664 677 illi
683 632 854 694 Imperii
870 629 1058 675 Romani
1074 622 1177 670 fines
1192 619 1425 675 dil-atatim,
1467 635 1538 666 aut
1557 636 1660 685 quas
1684 621 1891 683 Legiones
1912 616 2190 671 instituerint,
2229 635 2333 664 nam
2349 637 2399 665 ex

315 703 493 768 ipsarum
514 702 727 746 Veteranis
745 694 931 763 plerique
948 691 1147 747 Caestircs,
1185 690 1380 738 admixtis
1399 685 1653 756 quibusdam
1672 690 1826 751 togatis
1844 684 2029 740 civibus,
2070 683 2272 733 Colonos
2291 705 2397 734 con-

315 775 476 818 stituere
494 766 681 815 solebant
697 802 710 821 ,
749 783 844 832 qua:
867 762 958 810 sine
983 777 1268 808 monumenta
1290 759 1612 806 Historicorum
1633 753 1900 822 diligentiam
1921 752 2163 821 effugerunt
2182 790 2197 810 ,
2234 752 2301 803 sed
2326 775 2400 803 eo-

316 858 411 886 rum
432 841 689 884 memoriam
711 837 884 881 nummi
906 829 1126 897 praesertim
1153 839 1196 876 ἃς
1217 845 1434 875 marmora
1456 831 1632 893 antiqua
1652 823 2015 872 conservaverunt.

382 912 423 954 Si
436 903 636 974 quasdam
649 901 933 950 Coloniarum
948 904 1088 946 icones
1103 904 1148 945 in
1165 901 1409 944 Aut-rorum
1426 892 1538 940 libris
1551 899 1640 956 jam
1654 890 1812 940 caelatas
1823 929 1835 949 ,
1859 910 1931 940 aut
1943 897 1988 939 iis
2002 910 2094 940 non
2110 890 2318 941 absimiles
2332 899 2399 941 in-

313 974 436 1041 scalpi
452 978 708 1026 curavimuS,
729 989 878 1017 eorum
893 972 1090 1021 nomina,
1105 963 1259 1033 pagina
1274 962 1368 1010 libri
1383 961 1556 1028 signatsi,
1573 960 1714 1010 sedulo
1729 967 1997 1017 notavimus,
2017 978 2064 1009 ut
2078 960 2107 1010 si
2123 966 2298 1009 nummi
2310 967 2401 1024 jam

313 1044 506 1111 explicati
521 1041 599 1090 fint
610 1078 621 1096 ,
645 1042 796 1087 Lctsror
809 1056 959 1085 eorum
973 1039 1331 1103 interpretationes
1346 1051 1447 1080 cum
1463 1033 1613 1079 nostris
1627 1028 1819 1079 conferre
1829 1067 1842 1087 ,
1871 1041 1913 1079 &
1929 1029 2144 1099 quidquid
2158 1032 2270 1078 abiis
2284 1050 2403 1080 acce-

315 1119 456 1180 pimus
466 1149 478 1169 ,
495 1110 548 1172 dij
557 1108 719 1158 udicare
737 1105 882 1173 possit,
906 1124 1008 1154 nam
1022 1123 1122 1151 eum
1136 1121 1208 1171 per
1220 1120 1353 1169 quem
1367 1099 1652 1167 profecimUS,
1666 1104 1895 1148 nominare
1909 1101 2067 1160 justum
2081 1098 2269 1148 videtur:
2289 1100 2356 1149 sed
2371 1100 2404 1150 si

317 1199 436 1229 notas
451 1198 599 1228 eorum
613 1175 942 1243 expositionibus
956 1172 1188 1240 aliquando
1201 1171 1446 1232 adjecimus,
1462 1188 1534 1218 aut
1547 1188 1838 1218 nummorum
1851 1169 2110 1236 epigraphen
2124 1174 2402 1228 mutavimus,

317 1250 408 1298 illos
423 1247 528 1297 certe
544 1252 784 1311 integriores
800 1250 843 1292 in
857 1241 1049 1292 Cimeliis
1063 1242 1085 1289 a
1099 1243 1222 1289 nobis
1237 1239 1413 1288 lustratis
1427 1238 1753 1288 observavimus.
1793 1244 1836 1287 Si
1857 1238 2095 1287 istiusmodi
2111 1238 2290 1286 vocibus
2308 1242 2406 1288 male)

315 1330 361 1367 ὃς
371 1322 563 1383 perperdm
576 1300 794 1382 aliquoties
809 1313 868 1361 usi
883 1312 1022 1361 sumus
1032 1348 1044 1368 ,
1060 1310 1124 1359 vel
1139 1307 1347 1359 necessitas
1360 1314 1525 1376 coegit,
1540 1325 1612 1356 aut
1626 1306 1789 1356 easdem
1802 1313 1847 1356 in
1861 1313 1976 1356 notis
1990 1307 2067 1356 suis
2076 1306 2272 1356 adhibuit
2283 1308 2403 1358 idem

316 1387 487 1453 scriptor
507 1408 516 1433 :
555 1404 646 1433 non
659 1388 774 1431 enim
790 1381 876 1431 aliis
890 1381 1099 1429 doctiores
1112 1378 1243 1428 videri
1257 1378 1487 1446 quaerimus
1504 1415 1518 1434 ,
1554 1376 1631 1444 ipsi
1645 1396 1725 1425 nos
1740 1378 1948 1425 erroribus
1962 1376 2100 1426 forsan
2115 1379 2378 1443 gravioribus
2388 1417 2403 1437 ,

316 1455 424 1503 dum
446 1474 559 1503 nova
583 1464 624 1502 &
648 1450 834 1500 inaudita
855 1448 1109 1518 proferimus
1127 1485 1140 1506 ,
1179 1446 1421 1495 insimulare
1434 1466 1512 1495 nos
1526 1448 1709 1514 poffunt.
1750 1446 1839 1514 vSed
1852 1453 1947 1515 quis
1961 1445 2118 1495 librum
2135 1445 2222 1495 sme
2236 1447 2406 1497 mendis

315 1523 495 1591 scripsit?
532 1521 670 1571 nullus
683 1540 784 1589 ergo
798 1520 1008 1575 irascatur,
1030 1517 1059 1567 si
1075 1516 1296 1566 leviuscula
1313 1523 1358 1565 in
1376 1522 1422 1565 iis
1442 1522 1518 1584 qui
1536 1535 1747 1565 nummos
1759 1514 1985 1585 vulgavere
2004 1520 2292 1565 notaverimus
2309 1555 2323 1574 ,
2359 1518 2405 1566 id

316 1592 411 1642 sane
424 1598 536 1657 egini
543 1612 608 1648 us,
625 1609 670 1639 ut
684 1588 764 1647 illi,
780 1589 886 1638 dum
901 1607 1027 1656 opera
1042 1586 1109 1635 sua
1123 1585 1253 1654 praelo
1267 1592 1422 1634 iterum
1436 1585 1749 1641 submitterent,
1769 1584 1840 1634 illa
1852 1605 1949 1654 quae
1963 1603 2035 1633 aut
2046 1586 2330 1653 Typographi
2341 1593 2407 1635 in-
2420 1647 2423 1651 ι

316 1661 431 1711 curia
439 1646 461 1718 ,ι
473 1660 537 1710 vel
551 1678 839 1709 nummorum
853 1657 1103 1706 detritorum
1117 1655 1270 1718 injuriii
1282 1654 1374 1704 sunt
1387 1661 1612 1723 praeterita,
1637 1652 1797 1703 facilius
1811 1654 2037 1704 emendare
2050 1655 2229 1723 possent.

314 1760 318 1765 ·
386 1735 449 1779 Ut
467 1736 670 1779 omnium
688 1726 995 1777 numismatum
1016 1731 1154 1774 raritas
1172 1723 1319 1773 clarius
1336 1723 1633 1781 innotesceret,
1671 1721 1867 1791 plurimis
1885 1723 1946 1774 usi
1964 1724 2107 1774 sumus
2124 1726 2325 1782 vocibus,
2352 1727 2406 1775 ab

318 1806 365 1849 iis
382 1799 649 1856 inchoantes,
673 1799 812 1846 obvius
834 1807 876 1845 ἃ
896 1802 1039 1852 tritus,
1078 1793 1255 1863 quando
1270 1791 1340 1842 illa
1353 1792 1594 1863 frequenter
1614 1813 1866 1855 occurrunt3
1907 1804 1950 1843 ὃ(
1965 1792 2144 1864 quando
2161 1813 2248 1842 una
2260 1814 2409 1844 earum

316 1868 429 1917 deest
448 1907 461 1925 ‚
498 1867 601 1917 illud
618 1887 698 1935 pro
717 1886 808 1915 non
826 1884 915 1914 tam
932 1863 1142 1932 frequenti
1159 1862 1408 1912 habendum
1436 1885 1445 1911 :
1482 1869 1676 1931 primum
1703 1881 1848 1912 autern
1873 1862 2091 1933 elegantiae
2115 1862 2297 1931 gradum
2319 1883 2408 1913 vox

317 1937 407 1986 haec
425 1957 537 1985 rarus
554 1937 733 1996 indicat3
771 1933 948 2003 quando
966 1932 1115 1981 adiunt
1133 1953 1247 1981 rarus
1262 1943 1306 1982 ὃς
1321 1934 1494 2000 elegans,
1518 1932 1585 1981 vel
1599 1931 1715 1980 aliud
1727 1932 1913 2000 quodvis
1925 1934 2186 1996 adjetffivum
2199 1969 2213 1989 ,
2232 1940 2410 1983 nummi

315 2013 502 2075 pretium
522 2024 697 2066 augent,
735 2003 803 2052 sed
821 2002 923 2051 cum
937 2008 1224 2069 comparativa
1237 2000 1534 2070 proferuntur,
1562 2003 1680 2051 verbi
1693 2002 1825 2067 grati&
1837 2007 2029 2057 rariores,
2045 2005 2219 2048 tertium
2237 2008 2412 2053 raritatis

314 2076 497 2137 gradum
519 2060 706 2123 efliciunt
723 2094 732 2119 :
771 2072 802 2121 si
822 2073 998 2120 alterum
1017 2070 1223 2128 additur,
1246 2090 1293 2118 ut
1307 2074 1613 2136 prestantiores,
1638 2073 1815 2116 nummi
1826 2068 2157 2136 singularitatem
2173 2074 2309 2135 arguit
2328 2091 2338 2116 :
2376 2070 2412 2122 fi

315 2129 613 2210 superlativum
630 2161 822 2198 notatur,
860 2146 1070 2204 majorem
1083 2138 1306 2208 quandam
1319 2144 1530 2187 raritatem
1547 2141 1633 2200 ejus
1646 2134 1859 2205 designat:
1895 2136 1964 2185 sed
1981 2137 2166 2205 denique
2183 2156 2309 2187 voces
2323 2146 2408 2188 exi.

318 2220 399 2263 miae
419 2219 597 2261 raritatis
612 2251 625 2270 ,
664 2211 866 2260 ultimum
886 2211 1099 2278 elegantiae
1118 2207 1298 2278 gradum
1318 2206 1561 2276 significant
1572 2243 1586 2263 ,
1622 2206 1849 2273 praesertim
1870 2204 1899 2253 fi
1921 2205 2044 2255 altera
2048 2207 2348 2273 singularitatis·
2371 2216 2410 2260 ei

319 2303 463 2332 comes
484 2281 598 2331 adsit.
648 2289 953 2331 Nummorum
973 2298 1116 2329 autem
1134 2280 1417 2346 przestantiam
1446 2287 1489 2326 δε
1507 2281 1696 2344 pretium
1715 2295 1794 2324 nos
1812 2275 1961 2324 docuit
1978 2275 2134 2344 long-us
2151 2296 2246 2325 non
2265 2278 2407 2328 modo

319 2372 471 2401 eorum
491 2351 604 2408 usuS,
641 2350 707 2399 sed
725 2349 918 2419 frequens
935 2369 982 2398 ac
1004 2347 1090 2398 sere
1110 2347 1267 2396 affidua
1289 2345 1580 2396 Cimeliorum
1599 2343 1877 2412 perlustratio.

386 2428 453 2470 De
473 2420 757 2469 Coloniarum
778 2425 865 2480 jure
890 2417 1051 2488 aliquid
1077 2416 1239 2484 praefari
1264 2423 1599 2484 cogitaveramus
1621 2451 1635 2471 ,
1674 2412 1742 2462 sed
1759 2413 1838 2463 hac
1856 2414 1907 2463 de
1930 2435 1971 2462 re
1994 2421 2080 2462 Car.
2107 2421 2286 2484 Sigonius
2313 2435 2404 2467 tam

320 2490 409 2539 fuse
428 2490 608 2539 disseruit
622 2526 634 2546 ,
673 2508 719 2539 ut
735 2488 779 2538 id
798 2507 977 2556 repetere
988 2526 1002 2546 ,
1040 2487 1394 2556 supervacaneum
1411 2489 1599 2534 omnino
1611 2489 1919 2551 putaverimus,
1944 2482 2070 2533 illum
2086 2490 2239 2534 Lector
2251 2489 2407 2535 consu-

319 2559 396 2619 lat,
434 2559 498 2608 led
517 2579 648 2628 quem
666 2559 733 2607 ille
751 2558 940 2607 fru8tum
958 2578 1007 2606 ex
1027 2560 1171 2606 nostra
1187 2555 1476 2605 Coloniarum
1499 2552 1755 2602 conec-stione
1777 2560 1988 2622 percipere
2005 2559 2184 2621 poterit,
2221 2555 2408 2605 indicare

316 2648 492 2696 aequum
505 2629 680 2677 videtur.
718 2627 1005 2676 Coloniarum
1019 2626 1292 2676 dedud’tiones
1306 2625 1329 2673 a
1345 2622 1542 2676 Romulo
1555 2622 1765 2672 inchoatae
1775 2660 1789 2681 ,
1827 2642 1901 2691 per
1915 2630 2052 2691 Reges
2069 2632 2112 2672 &
2129 2624 2337 2673 Consules
2350 2625 2405 2673 ad

312 2701 337 2766 J
342 2699 476 2746 ulium
493 2698 700 2746 Ca'suem
719 2703 974 2746 continuatae
988 2735 1000 2753 ‚
1039 2698 1092 2745 ab
1115 2716 1168 2744 eo
1191 2695 1243 2745 ad
1267 2694 1514 2744 Gallienum
1536 2694 1665 2762 usque
1686 2691 1931 2760 produ&ae‚
1969 2713 2063 2740 non
2088 2693 2228 2740 modo
2250 2699 2296 2742 in
2317 2693 2406 2743 hoc

318 2773 460 2833 Opere
475 2767 764 2822 observantur,
781 2766 845 2814 sed
859 2787 918 2814 res
930 2767 1125 2834 plurimae
1139 2767 1192 2813 ab
1208 2767 1432 2814 Historicis
1445 2762 1510 2812 vel
1525 2762 1726 2830 negledlae
1739 2761 1804 2810 vel
1817 2765 2057 2829 praeteritae:
2081 2766 2301 2825 Qaenam
2313 2767 2407 2811 Co-

318 2834 443 2882 loniae
462 2837 513 2882 ab
538 2836 864 2900 Imperatoribus
886 2838 1123 2883 constituta:
1144 2856 1152 2881 ε
1193 2843 1304 2886 Vera
1323 2853 1470 2880 earum
1489 2837 1672 2879 nomina
1688 2840 1730 2878 &
1746 2828 2046 2897 appellationes
2067 2850 2077 2876 ε
2117 2835 2230 2890 Qlae
2247 2831 2405 2880 urbesa

319 2904 596 2969 Scriptoribus
616 2901 813 2949 Colonia:
835 2921 914 2967 pro
937 2907 1186 2966 Municipiis
1206 2900 1422 2967 appellatae
1438 2937 1452 2956 ,
1491 2918 1563 2946 aut
1578 2903 1817 2966 Municipia
1834 2918 1914 2967 pro
1929 2897 2128 2948 Coloniis
2141 2901 2374 2948 existimata
2391 2923 2401 2948 :

317 2970 601 3038 ‘Oppidorum
620 2989 707 3017 cera*
726 2975 770 3017 in
784 2988 936 3016 eorum
949 2975 1142 3017 nummis
1156 2969 1322 3016 tantum
1338 2967 1506 3036 signatae
1527 2989 1536 3014 :
1575 2967 1760 3016 Facultas
1774 2967 1982 3016 cudendae
1997 2986 2186 3017 monetae
2201 2967 2404 3018 Coloniis

321 3041 370 3088 ab
387 3041 712 3106 Imperatoribus
727 3038 936 3094 conceffa,
957 3058 1029 3087 aut
1040 3037 1264 3103 adempta:
1285 3043 1496 3104 Praecipua
1508 3056 1653 3085 earum
1669 3047 1712 3085 &
1731 3043 2077 3105 Municipiorum
2091 3042 2288 3094 numina,
2299 3057 2404 3106 prae-

322 3107 456 3155 sertim
471 3128 515 3156 ea
528 3105 730 3176 qua'sunt
742 3113 787 3154 in
803 3111 998 3163 Graeciae,
1021 3105 1127 3154 Asiae
1143 3116 1186 3154 δε
1204 3105 1355 3154 Africa:
1372 3105 1591 3164 ColoniiS,
1614 3116 1658 3155 «Se
1675 3106 1787 3173 apud
1799 3106 2053 3155 Corinthios
2069 3116 2111 3155 &
2128 3110 2354 3164 PatrenseS,
2380 3107 2405 3156 a

323 3175 514 3222 Pausania
532 3196 618 3224 tam
637 3175 859 3242 diligenter
870 3174 1090 3242 descripta:
1121 3177 1310 3224 Urbium
1322 3174 1580 3224 Conditores
1591 3213 1604 3232 ,
1625 3181 1814 3233 Heroes,
1838 3186 1881 3225 &
1896 3174 2120 3244 singulares
2134 3195 2281 3224 earum
2296 3182 2404 3226 anti-

320 3248 516 3309 quitates:
555 3245 662 3293 Ludi
678 3255 720 3293 ὃς
736 3250 965 3292 certamina
978 3250 1023 3292 in
1033 3250 1230 3293 Deorum
1245 3245 1460 3293 honorem
1472 3247 1659 3293 instituta
1668 3281 1681 3301 ,
1697 3251 1742 3293 in
1756 3250 1802 3293 iis
1816 3263 1904 3294 tam
1919 3244 2162 3294 solemniter
2174 3244 2402 3294 celebrata:

321 3317 517 3361 Veterani
531 3318 771 3380 Legionum
789 3320 1086 3363 Romanarum
1104 3316 1200 3382 post
1213 3313 1416 3381 stipendia
1427 3320 1601 3364 emerita
1613 3320 1658 3362 in
1674 3313 1882 3363 Colonias
1897 3313 2139 3364 transmissi:
2162 3320 2405 3365 Provincia-

320 3398 417 3429 rum
436 3382 692 3447 Meri-opelos
705 3384 756 3430 ab
775 3384 1102 3449 [inperatoribus
1115 3385 1352 3431 constitutae
1372 3405 1382 3430 ε
1423 3382 1712 3432 Coloniarum
1724 3389 1908 3432 nomina
1925 3383 1949 3433 a
1964 3382 2248 3433 fundatorum
2263 3391 2403 3452 Impe-

320 3466 510 3496 ratorum
532 3467 653 3515 gente
671 3450 888 3517 desumpta
908 3473 917 3498 :
955 3455 1230 3517 Togatorum
1244 3458 1404 3501 civium
1420 3452 1611 3516 symbola
1623 3490 1637 3509 ‚
1659 3463 1703 3502 &
1719 3460 2036 3503 Veteranorum
2049 3458 2096 3501 in
2112 3452 2320 3502 Colonias
2333 3453 2404 3503 de-

322 3514 553 3564 duCtorum
572 3517 774 3583 insignia:
817 3520 1004 3568 Urbium
1023 3505 1120 3570 situs
1136 3540 1209 3588 per
1226 3520 1460 3570 fluminum
1479 3521 1632 3589 effigies
1645 3559 1658 3578 ,
1698 3541 1769 3570 aut
1794 3521 1947 3589 figuras
1961 3523 2134 3589 rupibus
2147 3521 2401 3572 insidentes:

321 3589 520 3651 Denique
543 3603 744 3651 agrorum
762 3587 1018 3637 abundantia
1039 3608 1112 3655 per
1129 3591 1280 3658 spicaS,
1319 3609 1501 3639 uvarum
1523 3610 1736 3647 racemos,
1778 3600 1822 3639 δε
1843 3589 2007 3657 palmas
2027 3592 2208 3640 arbores.

328 3687 331 3693 .
391 3657 433 3698 Si
449 3654 598 3700 nostra:
613 3653 664 3700 de
679 3654 874 3702 Coloniis
888 3661 1248 3722 interpretationes
1261 3657 1326 3707 vel
1340 3663 1596 3720 conjecturae
1611 3658 1833 3715 arrideant,
1852 3658 2005 3707 ultima
2018 3677 2110 3725 pars
2123 3659 2176 3708 de
2191 3664 2406 3708 Numinis

322 3719 611 3784 imperialibus
631 3726 786 3769 Graecis
807 3723 1088 3772 confidentius
1109 3727 1298 3791 prodibit
1318 3753 1330 3786 3
1366 3747 1542 3794 operam
1553 3733 1726 3776 interim
1739 3733 1784 3775 in
1796 3732 1844 3776 iis
1859 3726 2136 3776 describendis
2149 3733 2407 3778 continuam

321 3786 609 3852 impendimus
623 3810 631 3834 :
652 3788 813 3855 quodsi
829 3796 910 3839 vita
923 3795 1135 3841 immenso
1149 3795 1247 3843 huic
1261 3802 1379 3862 operi
1394 3796 1669 3846 conficiendo
1683 3815 1775 3844 non
1789 3794 1992 3862 suppetat,
2003 3795 2213 3862 speramus
2225 3796 2404 3846 inchoa-

322 3874 379 3904 tas
391 3853 565 3903 illorum
578 3861 954 3922 interpretationes,
984 3859 1076 3909 filio
1088 3864 1236 3910 nostro
1251 3864 1323 3928 Jo.
1338 3864 1543 3927 Francisco
1559 3863 1787 3914 Medicinae
1802 3861 2032 3912 Parifienfis
2045 3864 2289 3917 Candidato
2299 3902 2312 3922 ,
2327 3883 2405 3932 pe-

319 3922 469 3972 culiare
482 3921 630 3970 lumen
645 3923 695 3971 ad
711 3924 919 3990 insignem
933 3929 1242 3980 numismatum
1255 3938 1453 3982 notitiam
1468 3935 1724 4002 ptaebituraS,
1737 3951 1809 3984 aut
1820 3951 1917 3983 non·
1928 3931 2144 3985 mediocre
2157 3933 2210 3982 ad
2223 3933 2267 3988 id
2278 3940 2404 4000 Opus

315 3990 621 4042 absolvendum
641 3990 839 4040 allaturas.
2145 4008 2190 4054 N
2206 4005 2253 4051 U
2265 4006 2408 4070 M157
