<?xml version="1.0" encoding="UTF-8"?>
<!DOCTYPE html PUBLIC "-//W3C//DTD XHTML 1.0 Transitional//EN"
    "http://www.w3.org/TR/xhtml1/DTD/xhtml1-transitional.dtd">
<html xmlns="http://www.w3.org/1999/xhtml" xml:lang="en" lang="en">
 <head>
  <title>
</title>
<meta http-equiv="Content-Type" content="text/html;charset=utf-8" />
  <meta name='ocr-system' content='tesseract 3.04.00' />
  <meta name='ocr-capabilities' content='ocr_page ocr_carea ocr_par ocr_line ocrx_word'/>
</head>
<body>
  <div class='ocr_page' id='page_1' title='image "./numismatareaim00foyv_0375.png"; bbox 0 0 2491 4219; ppageno 0'>
   <div class='ocr_carea' id='block_1_1' title="bbox 672 95 2247 188">
    <p class='ocr_par' dir='ltr' id='par_1_1' title="bbox 672 95 2247 188">
     <span class='ocr_line' id='line_1_1' title="bbox 672 95 2247 188; baseline -0.001 -18"><span class='ocrx_word' id='word_1_1' title='bbox 672 116 1024 187; x_wconf 72' lang='lat' dir='ltr'>ANN1A</span> <span class='ocrx_word' id='word_1_2' title='bbox 1104 95 1675 188; x_wconf 37' lang='lat' dir='ltr'>mpsim&amp;</span> <span class='ocrx_word' id='word_1_3' title='bbox 2151 128 2247 185; x_wconf 31' lang='grc' dir='ltr'>,ως</span> 
     </span>
    </p>
   </div>
   <div class='ocr_carea' id='block_1_2' title="bbox 987 238 1369 621">
    <p class='ocr_par' dir='ltr' id='par_1_2' title="bbox 987 238 1369 621">
     <span class='ocr_line' id='line_1_2' title="bbox 987 238 1369 621; baseline 0 3598"><span class='ocrx_word' id='word_1_4' title='bbox 987 238 1369 621; x_wconf 95' lang='lat' dir='ltr'> </span> 
     </span>
    </p>
   </div>
   <div class='ocr_carea' id='block_1_3' title="bbox 201 764 2241 880">
    <p class='ocr_par' dir='ltr' id='par_1_3' title="bbox 201 764 2241 880">
     <span class='ocr_line' id='line_1_3' title="bbox 201 764 2241 828; baseline 0.002 -16"><span class='ocrx_word' id='word_1_5' title='bbox 201 785 225 813; x_wconf 80' lang='lat' dir='ltr'>c</span> <span class='ocrx_word' id='word_1_6' title='bbox 236 784 262 810; x_wconf 94' lang='lat' dir='ltr'>o</span> <span class='ocrx_word' id='word_1_7' title='bbox 276 785 313 811; x_wconf 77' lang='lat' dir='ltr'>L.</span> <span class='ocrx_word' id='word_1_8' title='bbox 345 784 370 810; x_wconf 80' lang='lat' dir='ltr'>A</span> <span class='ocrx_word' id='word_1_9' title='bbox 385 783 412 809; x_wconf 91' lang='lat' dir='ltr'>v</span> <span class='ocrx_word' id='word_1_10' title='bbox 423 783 465 809; x_wconf 74' lang='lat' dir='ltr'>R.</span> <span class='ocrx_word' id='word_1_11' title='bbox 496 783 517 809; x_wconf 83' lang='lat' dir='ltr'>p</span> <span class='ocrx_word' id='word_1_12' title='bbox 528 782 543 808; x_wconf 91' lang='lat'>1</span> <span class='ocrx_word' id='word_1_13' title='bbox 556 783 593 808; x_wconf 87' lang='lat' dir='ltr'>A.</span> <span class='ocrx_word' id='word_1_14' title='bbox 625 776 661 808; x_wconf 87' lang='lat' dir='ltr'>M</span> <span class='ocrx_word' id='word_1_15' title='bbox 672 783 695 808; x_wconf 81' lang='lat' dir='ltr'>E</span> <span class='ocrx_word' id='word_1_16' title='bbox 708 781 733 808; x_wconf 88' lang='grc' dir='ltr'>τ</span> <span class='ocrx_word' id='word_1_17' title='bbox 744 783 787 809; x_wconf 79' lang='lat' dir='ltr'>R.</span> <span class='ocrx_word' id='word_1_18' title='bbox 818 782 836 808; x_wconf 88' lang='lat' dir='ltr'><strong><em>s</em></strong></span> <span class='ocrx_word' id='word_1_19' title='bbox 851 783 909 809; x_wconf 83' lang='lat'>11).</span> <span class='ocrx_word' id='word_1_20' title='bbox 946 769 1101 811; x_wconf 84' lang='lat' dir='ltr'>Colonia</span> <span class='ocrx_word' id='word_1_21' title='bbox 1116 770 1278 812; x_wconf 77' lang='lat' dir='ltr'>Aurelia</span> <span class='ocrx_word' id='word_1_22' title='bbox 1295 771 1377 812; x_wconf 79' lang='lat' dir='ltr'>Pia</span> <span class='ocrx_word' id='word_1_23' title='bbox 1402 772 1624 828; x_wconf 66' lang='lat' dir='ltr'>Ilffetropolis</span> <span class='ocrx_word' id='word_1_24' title='bbox 1639 772 1767 814; x_wconf 81' lang='lat' dir='ltr'><em>Sidon.</em></span> <span class='ocrx_word' id='word_1_25' title='bbox 1805 774 2053 815; x_wconf 83' lang='lat' dir='ltr'>Simulacrum</span> <span class='ocrx_word' id='word_1_26' title='bbox 2071 764 2241 817; x_wconf 74' lang='lat' dir='ltr'>Astartes</span> 
     </span>
     <span class='ocr_line' id='line_1_4' title="bbox 255 824 881 880; baseline -0.003 -14"><span class='ocrx_word' id='word_1_27' title='bbox 255 824 386 866; x_wconf 89' lang='lat' dir='ltr'>medio</span> <span class='ocrx_word' id='word_1_28' title='bbox 400 838 562 880; x_wconf 89' lang='lat' dir='ltr'>corpore</span> <span class='ocrx_word' id='word_1_29' title='bbox 578 836 688 865; x_wconf 86' lang='lat' dir='ltr'>tenus</span> <span class='ocrx_word' id='word_1_30' title='bbox 704 824 742 865; x_wconf 87' lang='lat' dir='ltr'>in</span> <span class='ocrx_word' id='word_1_31' title='bbox 759 838 881 864; x_wconf 89' lang='lat' dir='ltr'>curru.</span> 
     </span>
    </p>
   </div>
   <div class='ocr_carea' id='block_1_4' title="bbox 137 901 2237 1182">
    <p class='ocr_par' dir='ltr' id='par_1_4' title="bbox 137 901 2237 1182">
     <span class='ocr_line' id='line_1_5' title="bbox 191 901 2237 960; baseline 0.002 -16"><span class='ocrx_word' id='word_1_32' title='bbox 191 904 281 959; x_wconf 86' lang='lat' dir='ltr'>Jam</span> <span class='ocrx_word' id='word_1_33' title='bbox 312 901 454 958; x_wconf 87' lang='lat' dir='ltr'>prodiit</span> <span class='ocrx_word' id='word_1_34' title='bbox 476 902 537 942; x_wconf 91' lang='lat' dir='ltr'>hic</span> <span class='ocrx_word' id='word_1_35' title='bbox 563 915 691 942; x_wconf 86' lang='lat' dir='ltr'>currus</span> <span class='ocrx_word' id='word_1_36' title='bbox 715 901 804 942; x_wconf 88' lang='lat' dir='ltr'>sacri</span> <span class='ocrx_word' id='word_1_37' title='bbox 826 914 941 955; x_wconf 86' lang='lat' dir='ltr'>typus</span> <span class='ocrx_word' id='word_1_38' title='bbox 965 903 1004 943; x_wconf 90' lang='lat' dir='ltr'>in</span> <span class='ocrx_word' id='word_1_39' title='bbox 1027 904 1218 959; x_wconf 86' lang='lat' dir='ltr'>Elagabali</span> <span class='ocrx_word' id='word_1_40' title='bbox 1245 905 1432 952; x_wconf 85' lang='lat' dir='ltr'>nummis,</span> <span class='ocrx_word' id='word_1_41' title='bbox 1460 920 1578 960; x_wconf 90' lang='lat' dir='ltr'>quem</span> <span class='ocrx_word' id='word_1_42' title='bbox 1604 905 1653 946; x_wconf 88' lang='lat' dir='ltr'>ad</span> <span class='ocrx_word' id='word_1_43' title='bbox 1680 907 1847 947; x_wconf 85' lang='lat' dir='ltr'>Astartes</span> <span class='ocrx_word' id='word_1_44' title='bbox 1873 921 1941 960; x_wconf 91' lang='lat' dir='ltr'>per</span> <span class='ocrx_word' id='word_1_45' title='bbox 1964 907 2097 947; x_wconf 89' lang='lat' dir='ltr'>urbem</span> <span class='ocrx_word' id='word_1_46' title='bbox 2118 908 2237 948; x_wconf 66' lang='lat' dir='ltr'>vee‘tae&#39;</span> 
     </span>
     <span class='ocr_line' id='line_1_6' title="bbox 142 957 2236 1017; baseline 0.001 -17"><span class='ocrx_word' id='word_1_47' title='bbox 142 973 326 1014; x_wconf 83' lang='lat' dir='ltr'>pompam</span> <span class='ocrx_word' id='word_1_48' title='bbox 352 959 518 1012; x_wconf 68' lang='lat' dir='ltr'>spestare</span> <span class='ocrx_word' id='word_1_49' title='bbox 548 957 716 1011; x_wconf 81' lang='lat' dir='ltr'>suspicati</span> <span class='ocrx_word' id='word_1_50' title='bbox 743 957 882 997; x_wconf 89' lang='lat' dir='ltr'>sumus.</span> <span class='ocrx_word' id='word_1_51' title='bbox 920 958 991 997; x_wconf 84' lang='lat' dir='ltr'>Nil</span> <span class='ocrx_word' id='word_1_52' title='bbox 1009 960 1145 1000; x_wconf 86' lang='lat' dir='ltr'>mirum</span> <span class='ocrx_word' id='word_1_53' title='bbox 1165 960 1192 998; x_wconf 86' lang='lat' dir='ltr'>sl</span> <span class='ocrx_word' id='word_1_54' title='bbox 1210 960 1357 1000; x_wconf 90' lang='lat' dir='ltr'>Sidonii</span> <span class='ocrx_word' id='word_1_55' title='bbox 1373 961 1412 1000; x_wconf 90' lang='lat' dir='ltr'>in</span> <span class='ocrx_word' id='word_1_56' title='bbox 1432 962 1568 1001; x_wconf 87' lang='lat' dir='ltr'>Anniae</span> <span class='ocrx_word' id='word_1_57' title='bbox 1584 960 1772 1002; x_wconf 73' lang='lat' dir='ltr'>Faustina:</span> <span class='ocrx_word' id='word_1_58' title='bbox 1789 962 1945 1017; x_wconf 85' lang='lat' dir='ltr'>gratiam</span> <span class='ocrx_word' id='word_1_59' title='bbox 1970 962 2091 1002; x_wconf 76' lang='lat' dir='ltr'>modo</span> <span class='ocrx_word' id='word_1_60' title='bbox 2109 963 2236 1002; x_wconf 78' lang='lat' dir='ltr'>Euro-</span> 
     </span>
     <span class='ocr_line' id='line_1_7' title="bbox 140 1012 2235 1071; baseline 0 -16"><span class='ocrx_word' id='word_1_61' title='bbox 140 1028 231 1070; x_wconf 90' lang='lat' dir='ltr'>pam</span> <span class='ocrx_word' id='word_1_62' title='bbox 252 1015 391 1055; x_wconf 69' lang='lat' dir='ltr'>eximia</span> <span class='ocrx_word' id='word_1_63' title='bbox 416 1013 537 1054; x_wconf 69' lang='lat' dir='ltr'>forma</span> <span class='ocrx_word' id='word_1_64' title='bbox 565 1013 772 1068; x_wconf 81' lang='lat' dir='ltr'>infiguem,</span> <span class='ocrx_word' id='word_1_65' title='bbox 803 1012 925 1052; x_wconf 78' lang='lat' dir='ltr'>modo</span> <span class='ocrx_word' id='word_1_66' title='bbox 950 1012 1144 1054; x_wconf 86' lang='lat' dir='ltr'>Venerem</span> <span class='ocrx_word' id='word_1_67' title='bbox 1169 1015 1287 1067; x_wconf 86' lang='lat' dir='ltr'>ipsam</span> <span class='ocrx_word' id='word_1_68' title='bbox 1306 1015 1346 1055; x_wconf 90' lang='lat' dir='ltr'>in</span> <span class='ocrx_word' id='word_1_69' title='bbox 1366 1017 1534 1057; x_wconf 86' lang='lat' dir='ltr'>nummis</span> <span class='ocrx_word' id='word_1_70' title='bbox 1548 1016 1732 1062; x_wconf 82' lang='lat' dir='ltr'>caelarint,</span> <span class='ocrx_word' id='word_1_71' title='bbox 1761 1018 1861 1056; x_wconf 88' lang='lat' dir='ltr'>illam</span> <span class='ocrx_word' id='word_1_72' title='bbox 1880 1029 2063 1071; x_wconf 81' lang='lat' dir='ltr'>tanquam</span> <span class='ocrx_word' id='word_1_73' title='bbox 2080 1017 2235 1057; x_wconf 87' lang='lat' dir='ltr'>alteram</span> 
     </span>
     <span class='ocr_line' id='line_1_8' title="bbox 139 1068 2232 1125; baseline 0.001 -15"><span class='ocrx_word' id='word_1_74' title='bbox 139 1083 314 1110; x_wconf 86' lang='lat' dir='ltr'>amorum</span> <span class='ocrx_word' id='word_1_75' title='bbox 332 1073 370 1108; x_wconf 90' lang='lat'>&amp;</span> <span class='ocrx_word' id='word_1_76' title='bbox 387 1068 518 1109; x_wconf 87' lang='lat' dir='ltr'>formae</span> <span class='ocrx_word' id='word_1_77' title='bbox 539 1069 663 1109; x_wconf 85' lang='lat' dir='ltr'>Deam</span> <span class='ocrx_word' id='word_1_78' title='bbox 682 1068 958 1114; x_wconf 84' lang='lat' dir='ltr'>existimantes,</span> <span class='ocrx_word' id='word_1_79' title='bbox 987 1069 1076 1122; x_wconf 88' lang='lat' dir='ltr'>quia</span> <span class='ocrx_word' id='word_1_80' title='bbox 1094 1069 1268 1110; x_wconf 89' lang='lat' dir='ltr'>mulieres</span> <span class='ocrx_word' id='word_1_81' title='bbox 1285 1070 1378 1110; x_wconf 85' lang='lat' dir='ltr'><strong>nihil</strong></span> <span class='ocrx_word' id='word_1_82' title='bbox 1397 1073 1508 1124; x_wconf 72' lang='lat' dir='ltr'>aeque</span> <span class='ocrx_word' id='word_1_83' title='bbox 1528 1072 1688 1125; x_wconf 90' lang='lat' dir='ltr'>cupiunt</span> <span class='ocrx_word' id='word_1_84' title='bbox 1702 1073 1819 1125; x_wconf 73' lang='lat' dir='ltr'>quam</span> <span class='ocrx_word' id='word_1_85' title='bbox 1845 1071 2026 1112; x_wconf 85' lang='lat' dir='ltr'>formosas</span> <span class='ocrx_word' id='word_1_86' title='bbox 2045 1072 2175 1112; x_wconf 86' lang='lat' dir='ltr'>haberi</span> <span class='ocrx_word' id='word_1_87' title='bbox 2192 1076 2232 1117; x_wconf 72' lang='grc' dir='ltr'>ὃς</span> 
     </span>
     <span class='ocr_line' id='line_1_9' title="bbox 137 1124 2234 1182; baseline 0.001 -17"><span class='ocrx_word' id='word_1_88' title='bbox 137 1125 292 1165; x_wconf 82' lang='lat' dir='ltr'>laudari.</span> <span class='ocrx_word' id='word_1_89' title='bbox 320 1125 567 1165; x_wconf 81' lang='lat' dir='ltr'>Simulacrum</span> <span class='ocrx_word' id='word_1_90' title='bbox 585 1124 753 1164; x_wconf 85' lang='lat' dir='ltr'>Astartes</span> <span class='ocrx_word' id='word_1_91' title='bbox 773 1125 928 1177; x_wconf 52' lang='lat' dir='ltr'>pettore</span> <span class='ocrx_word' id='word_1_92' title='bbox 946 1135 1056 1164; x_wconf 90' lang='lat' dir='ltr'>tenus</span> <span class='ocrx_word' id='word_1_93' title='bbox 1073 1124 1127 1164; x_wconf 91' lang='lat' dir='ltr'>est</span> <span class='ocrx_word' id='word_1_94' title='bbox 1143 1126 1182 1164; x_wconf 89' lang='lat' dir='ltr'>in</span> <span class='ocrx_word' id='word_1_95' title='bbox 1199 1139 1330 1171; x_wconf 80' lang='lat' dir='ltr'>curm,</span> <span class='ocrx_word' id='word_1_96' title='bbox 1360 1125 1543 1167; x_wconf 85' lang='lat' dir='ltr'>sed&#39;adeo</span> <span class='ocrx_word' id='word_1_97' title='bbox 1559 1140 1741 1180; x_wconf 85' lang='lat' dir='ltr'>parvum,</span> <span class='ocrx_word' id='word_1_98' title='bbox 1769 1140 1811 1168; x_wconf 92' lang='lat' dir='ltr'>ut</span> <span class='ocrx_word' id='word_1_99' title='bbox 1830 1128 1870 1168; x_wconf 83' lang='lat' dir='ltr'>in</span> <span class='ocrx_word' id='word_1_100' title='bbox 1886 1127 2053 1169; x_wconf 89' lang='lat' dir='ltr'>nummis</span> <span class='ocrx_word' id='word_1_101' title='bbox 2068 1127 2234 1182; x_wconf 77' lang='lat' dir='ltr'>cujusvis</span> 
     </span>
    </p>
   </div>
   <div class='ocr_carea' id='block_1_5' title="bbox 137 1177 1842 1312">
    <p class='ocr_par' dir='ltr' id='par_1_5' title="bbox 137 1177 1842 1312">
     <span class='ocr_line' id='line_1_10' title="bbox 137 1177 1405 1235; baseline -0.001 -14"><span class='ocrx_word' id='word_1_102' title='bbox 137 1179 286 1222; x_wconf 88' lang='lat' dir='ltr'>moduli</span> <span class='ocrx_word' id='word_1_103' title='bbox 307 1180 511 1235; x_wconf 90' lang='lat' dir='ltr'>quomodo</span> <span class='ocrx_word' id='word_1_104' title='bbox 529 1179 734 1221; x_wconf 70' lang='lat' dir='ltr'>formatum</span> <span class='ocrx_word' id='word_1_105' title='bbox 756 1178 822 1225; x_wconf 84' lang='lat' dir='ltr'>fir,</span> <span class='ocrx_word' id='word_1_106' title='bbox 848 1193 929 1219; x_wconf 90' lang='lat' dir='ltr'>non</span> <span class='ocrx_word' id='word_1_107' title='bbox 949 1177 1059 1220; x_wconf 76' lang='lat' dir='ltr'>facile</span> <span class='ocrx_word' id='word_1_108' title='bbox 1074 1179 1262 1221; x_wconf 86' lang='lat' dir='ltr'>observari</span> <span class='ocrx_word' id='word_1_109' title='bbox 1281 1179 1405 1234; x_wconf 50' lang='lat' dir='ltr'>poffitr</span> 
     </span>
     <span class='ocr_line' id='line_1_11' title="bbox 190 1256 1842 1312; baseline 0.001 -13"><span class='ocrx_word' id='word_1_110' title='bbox 190 1257 273 1299; x_wconf 82' lang='lat' dir='ltr'>Hic</span> <span class='ocrx_word' id='word_1_111' title='bbox 290 1271 459 1300; x_wconf 86' lang='lat' dir='ltr'>nummus</span> <span class='ocrx_word' id='word_1_112' title='bbox 462 1258 642 1311; x_wconf 76' lang='lat' dir='ltr'>secundae</span> <span class='ocrx_word' id='word_1_113' title='bbox 657 1256 927 1312; x_wconf 49' lang='lat' dir='ltr'>magnitudin&amp;</span> <span class='ocrx_word' id='word_1_114' title='bbox 943 1259 985 1298; x_wconf 83' lang='lat' dir='ltr'>in</span> <span class='ocrx_word' id='word_1_115' title='bbox 1001 1257 1145 1300; x_wconf 79' lang='lat' dir='ltr'>cimelio</span> <span class='ocrx_word' id='word_1_116' title='bbox 1161 1258 1222 1299; x_wconf 89' lang='lat' dir='ltr'>M.</span> <span class='ocrx_word' id='word_1_117' title='bbox 1243 1258 1396 1305; x_wconf 82' lang='lat' dir='ltr'>Ducis,</span> <span class='ocrx_word' id='word_1_118' title='bbox 1425 1259 1574 1299; x_wconf 80' lang='lat' dir='ltr'>eximiae</span> <span class='ocrx_word' id='word_1_119' title='bbox 1593 1259 1768 1300; x_wconf 58' lang='lat' dir='ltr'>raritates·</span> <span class='ocrx_word' id='word_1_120' title='bbox 1782 1259 1842 1312; x_wconf 76' lang='lat' dir='ltr'>est.</span> 
     </span>
    </p>
   </div>
   <div class='ocr_carea' id='block_1_6' title="bbox 988 1390 1360 1768">
    <p class='ocr_par' dir='ltr' id='par_1_6' title="bbox 988 1390 1360 1768">
     <span class='ocr_line' id='line_1_12' title="bbox 988 1390 1360 1768; baseline 0 2451"><span class='ocrx_word' id='word_1_121' title='bbox 988 1390 1360 1768; x_wconf 95' lang='lat' dir='ltr'> </span> 
     </span>
    </p>
   </div>
   <div class='ocr_carea' id='block_1_7' title="bbox 181 1889 2221 2002">
    <p class='ocr_par' dir='ltr' id='par_1_7' title="bbox 181 1889 2221 2002">
     <span class='ocr_line' id='line_1_13' title="bbox 181 1889 2221 1949; baseline 0.003 -21"><span class='ocrx_word' id='word_1_122' title='bbox 181 1901 242 1929; x_wconf 83' lang='lat' dir='ltr'>co</span> <span class='ocrx_word' id='word_1_123' title='bbox 256 1901 295 1928; x_wconf 81' lang='lat' dir='ltr'>L.</span> <span class='ocrx_word' id='word_1_124' title='bbox 327 1900 354 1926; x_wconf 85' lang='lat' dir='ltr'>A</span> <span class='ocrx_word' id='word_1_125' title='bbox 369 1899 446 1926; x_wconf 65' lang='lat' dir='ltr'>va.</span> <span class='ocrx_word' id='word_1_126' title='bbox 479 1900 501 1926; x_wconf 86' lang='lat' dir='ltr'>P</span> <span class='ocrx_word' id='word_1_127' title='bbox 514 1899 530 1926; x_wconf 94' lang='lat'>1</span> <span class='ocrx_word' id='word_1_128' title='bbox 544 1899 581 1926; x_wconf 80' lang='lat' dir='ltr'>A·</span> <span class='ocrx_word' id='word_1_129' title='bbox 617 1899 689 1926; x_wconf 79' lang='lat' dir='ltr'>ME</span> <span class='ocrx_word' id='word_1_130' title='bbox 702 1899 821 1927; x_wconf 68' lang='lat' dir='ltr'>rao.</span> <span class='ocrx_word' id='word_1_131' title='bbox 853 1901 872 1928; x_wconf 86' lang='lat' dir='ltr'><em>s</em></span> <span class='ocrx_word' id='word_1_132' title='bbox 886 1901 949 1929; x_wconf 81' lang='grc' dir='ltr'>ιι).</span> <span class='ocrx_word' id='word_1_133' title='bbox 988 1889 1144 1930; x_wconf 83' lang='lat' dir='ltr'>Colonia</span> <span class='ocrx_word' id='word_1_134' title='bbox 1171 1889 1334 1932; x_wconf 83' lang='lat' dir='ltr'>Aurelia</span> <span class='ocrx_word' id='word_1_135' title='bbox 1362 1891 1446 1931; x_wconf 76' lang='lat' dir='ltr'>‘Pia</span> <span class='ocrx_word' id='word_1_136' title='bbox 1473 1890 1697 1945; x_wconf 59' lang='lat' dir='ltr'>Metropola‘s</span> <span class='ocrx_word' id='word_1_137' title='bbox 1725 1890 1852 1932; x_wconf 76' lang='lat' dir='ltr'>Sidon,</span> <span class='ocrx_word' id='word_1_138' title='bbox 1894 1892 2040 1933; x_wconf 86' lang='lat' dir='ltr'>Laurea</span> <span class='ocrx_word' id='word_1_139' title='bbox 2066 1893 2107 1935; x_wconf 88' lang='lat' dir='ltr'>in</span> <span class='ocrx_word' id='word_1_140' title='bbox 2142 1907 2221 1949; x_wconf 85' lang='lat' dir='ltr'>qua</span> 
     </span>
     <span class='ocr_line' id='line_1_14' title="bbox 238 1946 2221 2002; baseline 0.004 -20"><span class='ocrx_word' id='word_1_141' title='bbox 238 1957 261 1982; x_wconf 93' lang='lat' dir='ltr'><strong>c</strong></span> <span class='ocrx_word' id='word_1_142' title='bbox 275 1956 297 1981; x_wconf 82' lang='lat' dir='ltr'>E</span> <span class='ocrx_word' id='word_1_143' title='bbox 312 1956 341 1982; x_wconf 78' lang='lat' dir='ltr'>R</span> <span class='ocrx_word' id='word_1_144' title='bbox 356 1955 393 1981; x_wconf 84' lang='lat' dir='ltr'>T.</span> <span class='ocrx_word' id='word_1_145' title='bbox 424 1955 443 1981; x_wconf 91' lang='lat' dir='ltr'><strong><em>s</em></strong></span> <span class='ocrx_word' id='word_1_146' title='bbox 458 1956 485 1982; x_wconf 83' lang='lat' dir='ltr'>A</span> <span class='ocrx_word' id='word_1_147' title='bbox 500 1956 536 1981; x_wconf 87' lang='lat' dir='ltr'>e.</span> <span class='ocrx_word' id='word_1_148' title='bbox 566 1954 587 1982; x_wconf 77' lang='lat' dir='ltr'>P</span> <span class='ocrx_word' id='word_1_149' title='bbox 600 1956 623 1982; x_wconf 84' lang='lat' dir='ltr'>E</span> <span class='ocrx_word' id='word_1_150' title='bbox 637 1956 678 1983; x_wconf 80' lang='lat' dir='ltr'>R.</span> <span class='ocrx_word' id='word_1_151' title='bbox 707 1956 734 1982; x_wconf 94' lang='lat' dir='ltr'>o</span> <span class='ocrx_word' id='word_1_152' title='bbox 746 1956 770 1981; x_wconf 82' lang='lat' dir='ltr'>E</span> <span class='ocrx_word' id='word_1_153' title='bbox 783 1958 806 1984; x_wconf 87' lang='lat' dir='ltr'>e</span> <span class='ocrx_word' id='word_1_154' title='bbox 818 1956 845 1983; x_wconf 90' lang='lat' dir='ltr'>v</span> <span class='ocrx_word' id='word_1_155' title='bbox 855 1957 892 1984; x_wconf 89' lang='lat' dir='ltr'>M</span> <span class='ocrx_word' id='word_1_156' title='bbox 903 1958 940 1984; x_wconf 83' lang='lat' dir='ltr'>E.</span> <span class='ocrx_word' id='word_1_157' title='bbox 970 1958 986 1984; x_wconf 89' lang='lat'>1</span> <span class='ocrx_word' id='word_1_158' title='bbox 999 1957 1018 1984; x_wconf 85' lang='lat' dir='ltr'><em>s</em></span> <span class='ocrx_word' id='word_1_159' title='bbox 1032 1959 1056 1984; x_wconf 76' lang='lat' dir='ltr'>E</span> <span class='ocrx_word' id='word_1_160' title='bbox 1068 1960 1094 1986; x_wconf 83' lang='lat' dir='ltr'>L</span> <span class='ocrx_word' id='word_1_161' title='bbox 1107 1960 1150 1986; x_wconf 83' lang='lat' dir='ltr'>A.</span> <span class='ocrx_word' id='word_1_162' title='bbox 1187 1949 1408 1988; x_wconf 83' lang='lat' dir='ltr'>Certamina</span> <span class='ocrx_word' id='word_1_163' title='bbox 1424 1946 1544 1987; x_wconf 81' lang='lat' dir='ltr'><em>Sacra</em></span> <span class='ocrx_word' id='word_1_164' title='bbox 1564 1947 1816 1988; x_wconf 72' lang='lat' dir='ltr'>Periodonica</span> <span class='ocrx_word' id='word_1_165' title='bbox 1825 1975 1838 1995; x_wconf 90' lang='lat'>,</span> <span class='ocrx_word' id='word_1_166' title='bbox 1855 1948 2125 1997; x_wconf 79' lang='lat' dir='ltr'>oecumenica,</span> <span class='ocrx_word' id='word_1_167' title='bbox 2142 1950 2221 2002; x_wconf 57' lang='grc' dir='ltr'>λβ»-</span> 
     </span>
    </p>
   </div>
   <div class='ocr_carea' id='block_1_8' title="bbox 233 1996 376 2049">
    <p class='ocr_par' dir='ltr' id='par_1_8' title="bbox 233 1996 376 2049">
     <span class='ocr_line' id='line_1_15' title="bbox 233 1996 376 2049; baseline -0.007 -12"><span class='ocrx_word' id='word_1_168' title='bbox 233 1996 376 2049; x_wconf 87' lang='lat' dir='ltr'>lastica.</span> 
     </span>
    </p>
   </div>
   <div class='ocr_carea' id='block_1_9' title="bbox 107 2073 2221 2956">
    <p class='ocr_par' dir='ltr' id='par_1_9' title="bbox 107 2073 2221 2956">
     <span class='ocr_line' id='line_1_16' title="bbox 173 2073 2221 2132; baseline 0.003 -16"><span class='ocrx_word' id='word_1_169' title='bbox 173 2073 274 2116; x_wconf 78' lang='lat' dir='ltr'>Haec</span> <span class='ocrx_word' id='word_1_170' title='bbox 290 2074 468 2116; x_wconf 87' lang='lat' dir='ltr'>ludorum</span> <span class='ocrx_word' id='word_1_171' title='bbox 487 2073 696 2130; x_wconf 61' lang='lat' dir='ltr'>epigraphe</span> <span class='ocrx_word' id='word_1_172' title='bbox 706 2075 788 2128; x_wconf 87' lang='lat' dir='ltr'>jam</span> <span class='ocrx_word' id='word_1_173' title='bbox 803 2076 844 2116; x_wconf 90' lang='lat' dir='ltr'>in</span> <span class='ocrx_word' id='word_1_174' title='bbox 860 2078 1028 2118; x_wconf 88' lang='lat' dir='ltr'>nummis</span> <span class='ocrx_word' id='word_1_175' title='bbox 1043 2077 1237 2132; x_wconf 86' lang='lat' dir='ltr'>Elagabali</span> <span class='ocrx_word' id='word_1_176' title='bbox 1251 2083 1341 2119; x_wconf 81' lang='lat' dir='ltr'>cum&#39;</span> <span class='ocrx_word' id='word_1_177' title='bbox 1358 2077 1507 2119; x_wconf 89' lang='lat' dir='ltr'>duabus</span> <span class='ocrx_word' id='word_1_178' title='bbox 1523 2079 1628 2120; x_wconf 88' lang='lat' dir='ltr'>urnis</span> <span class='ocrx_word' id='word_1_179' title='bbox 1643 2079 1861 2128; x_wconf 88' lang='lat' dir='ltr'>observata,</span> <span class='ocrx_word' id='word_1_180' title='bbox 1890 2081 1974 2121; x_wconf 87' lang='lat' dir='ltr'>illos</span> <span class='ocrx_word' id='word_1_181' title='bbox 1990 2082 2221 2125; x_wconf 86' lang='lat' dir='ltr'>matrimonii</span> 
     </span>
     <span class='ocr_line' id='line_1_17' title="bbox 117 2130 2220 2186; baseline 0.004 -15"><span class='ocrx_word' id='word_1_182' title='bbox 117 2131 260 2172; x_wconf 75' lang='lat' dir='ltr'>&#39;Anniae</span> <span class='ocrx_word' id='word_1_183' title='bbox 288 2130 320 2170; x_wconf 87' lang='lat' dir='ltr'>F</span> <span class='ocrx_word' id='word_1_184' title='bbox 322 2131 475 2171; x_wconf 79' lang='lat' dir='ltr'>austinae</span> <span class='ocrx_word' id='word_1_185' title='bbox 501 2143 679 2183; x_wconf 90' lang='lat' dir='ltr'>tempore</span> <span class='ocrx_word' id='word_1_186' title='bbox 703 2131 724 2170; x_wconf 73' lang='grc' dir='ltr'>εὶ</span> <span class='ocrx_word' id='word_1_187' title='bbox 748 2131 916 2172; x_wconf 82' lang='lat' dir='ltr'>Sidoniis</span> <span class='ocrx_word' id='word_1_188' title='bbox 939 2133 1150 2173; x_wconf 85' lang='lat' dir='ltr'>celebratos</span> <span class='ocrx_word' id='word_1_189' title='bbox 1178 2133 1339 2174; x_wconf 86' lang='lat' dir='ltr'>denotat</span> <span class='ocrx_word' id='word_1_190' title='bbox 1358 2149 1367 2172; x_wconf 80' lang='lat' dir='ltr'><em>z</em></span> <span class='ocrx_word' id='word_1_191' title='bbox 1396 2133 1483 2173; x_wconf 72' lang='lat' dir='ltr'>duae</span> <span class='ocrx_word' id='word_1_192' title='bbox 1498 2133 1569 2174; x_wconf 84' lang='lat' dir='ltr'>illae</span> <span class='ocrx_word' id='word_1_193' title='bbox 1589 2148 1693 2174; x_wconf 88' lang='lat' dir='ltr'>urnae</span> <span class='ocrx_word' id='word_1_194' title='bbox 1710 2136 1790 2175; x_wconf 92' lang='lat' dir='ltr'>duo</span> <span class='ocrx_word' id='word_1_195' title='bbox 1807 2137 2012 2177; x_wconf 75' lang='lat' dir='ltr'>certamina</span> <span class='ocrx_word' id='word_1_196' title='bbox 2027 2138 2220 2186; x_wconf 87' lang='lat' dir='ltr'>indicant,</span> 
     </span>
     <span class='ocr_line' id='line_1_18' title="bbox 115 2185 2218 2241; baseline 0.003 -14"><span class='ocrx_word' id='word_1_197' title='bbox 115 2186 184 2227; x_wconf 88' lang='lat' dir='ltr'>sed</span> <span class='ocrx_word' id='word_1_198' title='bbox 201 2200 366 2241; x_wconf 87' lang='lat' dir='ltr'>quorum</span> <span class='ocrx_word' id='word_1_199' title='bbox 384 2186 494 2226; x_wconf 90' lang='lat' dir='ltr'>nobis</span> <span class='ocrx_word' id='word_1_200' title='bbox 510 2185 668 2225; x_wconf 88' lang='lat' dir='ltr'>nomina</span> <span class='ocrx_word' id='word_1_201' title='bbox 684 2185 770 2226; x_wconf 92' lang='lat' dir='ltr'>sunt</span> <span class='ocrx_word' id='word_1_202' title='bbox 785 2185 939 2239; x_wconf 82' lang='lat' dir='ltr'>ignota,</span> <span class='ocrx_word' id='word_1_203' title='bbox 968 2187 1058 2228; x_wconf 72' lang='lat' dir='ltr'>licet</span> <span class='ocrx_word' id='word_1_204' title='bbox 1076 2187 1177 2228; x_wconf 89' lang='lat' dir='ltr'>adeo</span> <span class='ocrx_word' id='word_1_205' title='bbox 1196 2188 1459 2235; x_wconf 84' lang='lat' dir='ltr'>celeberrima,</span> <span class='ocrx_word' id='word_1_206' title='bbox 1489 2200 1535 2241; x_wconf 87' lang='lat' dir='ltr'>ut</span> <span class='ocrx_word' id='word_1_207' title='bbox 1559 2189 1722 2230; x_wconf 68' lang='lat' dir='ltr'>vistores</span> <span class='ocrx_word' id='word_1_208' title='bbox 1738 2192 1913 2231; x_wconf 91' lang='lat' dir='ltr'>omnium</span> <span class='ocrx_word' id='word_1_209' title='bbox 1929 2189 2119 2234; x_wconf 86' lang='lat' dir='ltr'>sacrorum</span> <span class='ocrx_word' id='word_1_210' title='bbox 2138 2208 2218 2235; x_wconf 88' lang='lat' dir='ltr'>cer-</span> 
     </span>
     <span class='ocr_line' id='line_1_19' title="bbox 114 2240 2218 2297; baseline 0.003 -14"><span class='ocrx_word' id='word_1_211' title='bbox 114 2244 322 2288; x_wconf 85' lang='lat' dir='ltr'>taminum,</span> <span class='ocrx_word' id='word_1_212' title='bbox 351 2244 389 2281; x_wconf 89' lang='lat'>&amp;</span> <span class='ocrx_word' id='word_1_213' title='bbox 407 2254 454 2281; x_wconf 83' lang='lat' dir='ltr'>ex</span> <span class='ocrx_word' id='word_1_214' title='bbox 471 2252 556 2281; x_wconf 93' lang='lat' dir='ltr'>toto</span> <span class='ocrx_word' id='word_1_215' title='bbox 576 2252 758 2280; x_wconf 87' lang='lat' dir='ltr'>terrarum</span> <span class='ocrx_word' id='word_1_216' title='bbox 774 2240 884 2282; x_wconf 90' lang='lat' dir='ltr'>Orbe</span> <span class='ocrx_word' id='word_1_217' title='bbox 904 2241 1071 2283; x_wconf 81' lang='lat' dir='ltr'>Athletae</span> <span class='ocrx_word' id='word_1_218' title='bbox 1088 2242 1139 2282; x_wconf 89' lang='lat' dir='ltr'>ad</span> <span class='ocrx_word' id='word_1_219' title='bbox 1155 2242 1216 2283; x_wconf 89' lang='lat' dir='ltr'>illa</span> <span class='ocrx_word' id='word_1_220' title='bbox 1235 2242 1377 2283; x_wconf 91' lang='lat' dir='ltr'>fuerint</span> <span class='ocrx_word' id='word_1_221' title='bbox 1393 2243 1559 2289; x_wconf 83' lang='lat' dir='ltr'>admiffi,</span> <span class='ocrx_word' id='word_1_222' title='bbox 1588 2245 1699 2297; x_wconf 88' lang='lat' dir='ltr'>quod</span> <span class='ocrx_word' id='word_1_223' title='bbox 1717 2246 1968 2286; x_wconf 82' lang='lat' dir='ltr'>Periodonica</span> <span class='ocrx_word' id='word_1_224' title='bbox 1983 2251 2022 2287; x_wconf 90' lang='lat'>&amp;</span> <span class='ocrx_word' id='word_1_225' title='bbox 2041 2249 2218 2289; x_wconf 84' lang='lat' dir='ltr'>Oecume-</span> 
     </span>
     <span class='ocr_line' id='line_1_20' title="bbox 114 2295 2216 2358; baseline 0.002 -19"><span class='ocrx_word' id='word_1_226' title='bbox 114 2299 204 2339; x_wconf 81' lang='lat' dir='ltr'>nica</span> <span class='ocrx_word' id='word_1_227' title='bbox 219 2311 335 2338; x_wconf 87' lang='lat' dir='ltr'>voces</span> <span class='ocrx_word' id='word_1_228' title='bbox 356 2296 510 2342; x_wconf 89' lang='lat' dir='ltr'>sonant,</span> <span class='ocrx_word' id='word_1_229' title='bbox 537 2309 626 2335; x_wconf 86' lang='lat' dir='ltr'>nam</span> <span class='ocrx_word' id='word_1_230' title='bbox 654 2295 916 2335; x_wconf 72' lang='lat' dir='ltr'>Periodonicae</span> <span class='ocrx_word' id='word_1_231' title='bbox 940 2297 992 2336; x_wconf 86' lang='lat' dir='ltr'>illi</span> <span class='ocrx_word' id='word_1_232' title='bbox 1018 2296 1262 2343; x_wconf 87' lang='lat' dir='ltr'>dicebantur,</span> <span class='ocrx_word' id='word_1_233' title='bbox 1292 2299 1360 2350; x_wconf 91' lang='lat' dir='ltr'>qui</span> <span class='ocrx_word' id='word_1_234' title='bbox 1386 2298 1544 2351; x_wconf 86' lang='lat' dir='ltr'>Pythia,</span> <span class='ocrx_word' id='word_1_235' title='bbox 1572 2298 1750 2348; x_wconf 84' lang='lat' dir='ltr'>Isthmia,</span> <span class='ocrx_word' id='word_1_236' title='bbox 1777 2301 1942 2341; x_wconf 68' lang='lat' dir='ltr'>Nemaea</span> <span class='ocrx_word' id='word_1_237' title='bbox 1968 2306 2007 2342; x_wconf 91' lang='lat'>&amp;</span> <span class='ocrx_word' id='word_1_238' title='bbox 2030 2302 2216 2358; x_wconf 86' lang='lat' dir='ltr'>Olympia</span> 
     </span>
     <span class='ocr_line' id='line_1_21' title="bbox 114 2350 2215 2407; baseline 0.006 -20"><span class='ocrx_word' id='word_1_239' title='bbox 114 2351 320 2394; x_wconf 64' lang='lat' dir='ltr'>obiviffiznt</span> <span class='ocrx_word' id='word_1_240' title='bbox 338 2372 349 2399; x_wconf 74' lang='lat'>3</span> <span class='ocrx_word' id='word_1_241' title='bbox 382 2353 587 2399; x_wconf 57' lang='grc' dir='ltr'>οῑκςυμῆυικός</span> <span class='ocrx_word' id='word_1_242' title='bbox 604 2350 719 2396; x_wconf 71' lang='lat' dir='ltr'>vero,</span> <span class='ocrx_word' id='word_1_243' title='bbox 748 2350 831 2390; x_wconf 89' lang='lat' dir='ltr'>Lat.</span> <span class='ocrx_word' id='word_1_244' title='bbox 849 2351 1097 2402; x_wconf 85' lang='lat' dir='ltr'>universalis,</span> <span class='ocrx_word' id='word_1_245' title='bbox 1127 2355 1165 2391; x_wconf 73' lang='grc' dir='ltr'>ὃς</span> <span class='ocrx_word' id='word_1_246' title='bbox 1185 2351 1236 2392; x_wconf 90' lang='lat' dir='ltr'>ad</span> <span class='ocrx_word' id='word_1_247' title='bbox 1253 2364 1379 2393; x_wconf 88' lang='lat' dir='ltr'>totum</span> <span class='ocrx_word' id='word_1_248' title='bbox 1394 2353 1543 2393; x_wconf 90' lang='lat' dir='ltr'>Orbem</span> <span class='ocrx_word' id='word_1_249' title='bbox 1561 2354 1767 2407; x_wconf 84' lang='lat' dir='ltr'>pertinens.</span> <span class='ocrx_word' id='word_1_250' title='bbox 1806 2356 1926 2396; x_wconf 81' lang='lat' dir='ltr'>Sacra</span> <span class='ocrx_word' id='word_1_251' title='bbox 1943 2357 2057 2398; x_wconf 77' lang='lat' dir='ltr'>etiam</span> <span class='ocrx_word' id='word_1_252' title='bbox 2077 2372 2215 2399; x_wconf 84' lang='lat' dir='ltr'>vocata</span> 
     </span>
     <span class='ocr_line' id='line_1_22' title="bbox 113 2405 2213 2461; baseline 0.003 -12"><span class='ocrx_word' id='word_1_253' title='bbox 113 2420 223 2449; x_wconf 84' lang='lat' dir='ltr'>erant</span> <span class='ocrx_word' id='word_1_254' title='bbox 249 2408 330 2448; x_wconf 87' lang='lat' dir='ltr'>haec</span> <span class='ocrx_word' id='word_1_255' title='bbox 357 2407 582 2454; x_wconf 84' lang='lat' dir='ltr'>certamina,</span> <span class='ocrx_word' id='word_1_256' title='bbox 610 2410 648 2446; x_wconf 89' lang='lat'>&amp;</span> <span class='ocrx_word' id='word_1_257' title='bbox 674 2405 866 2456; x_wconf 76' lang='lat' dir='ltr'>Iselastica</span> <span class='ocrx_word' id='word_1_258' title='bbox 891 2425 903 2452; x_wconf 78' lang='lat'>3</span> <span class='ocrx_word' id='word_1_259' title='bbox 931 2405 1049 2446; x_wconf 86' lang='lat' dir='ltr'><em>Sacra</em></span> <span class='ocrx_word' id='word_1_260' title='bbox 1073 2405 1255 2460; x_wconf 88' lang='lat' dir='ltr'>quidem,</span> <span class='ocrx_word' id='word_1_261' title='bbox 1282 2409 1373 2461; x_wconf 89' lang='lat' dir='ltr'>quia</span> <span class='ocrx_word' id='word_1_262' title='bbox 1397 2408 1458 2448; x_wconf 87' lang='lat' dir='ltr'>illa</span> <span class='ocrx_word' id='word_1_263' title='bbox 1482 2409 1612 2448; x_wconf 89' lang='lat' dir='ltr'>omnia</span> <span class='ocrx_word' id='word_1_264' title='bbox 1638 2409 1679 2449; x_wconf 91' lang='lat' dir='ltr'>in</span> <span class='ocrx_word' id='word_1_265' title='bbox 1705 2410 1878 2452; x_wconf 90' lang='lat' dir='ltr'>Deorum</span> <span class='ocrx_word' id='word_1_266' title='bbox 1899 2411 2089 2453; x_wconf 89' lang='lat' dir='ltr'>honorem</span> <span class='ocrx_word' id='word_1_267' title='bbox 2105 2426 2213 2455; x_wconf 89' lang='lat' dir='ltr'>erant</span> 
     </span>
     <span class='ocr_line' id='line_1_23' title="bbox 113 2461 2214 2521; baseline 0.002 -16"><span class='ocrx_word' id='word_1_268' title='bbox 113 2464 301 2509; x_wconf 84' lang='lat' dir='ltr'>instituta,</span> <span class='ocrx_word' id='word_1_269' title='bbox 329 2461 432 2502; x_wconf 91' lang='lat' dir='ltr'>unde</span> <span class='ocrx_word' id='word_1_270' title='bbox 447 2476 581 2503; x_wconf 90' lang='lat' dir='ltr'>eorum</span> <span class='ocrx_word' id='word_1_271' title='bbox 597 2463 761 2503; x_wconf 62' lang='lat' dir='ltr'>viatores</span> <span class='ocrx_word' id='word_1_272' title='bbox 781 2470 903 2510; x_wconf 71' lang='grc' dir='ltr'>ἱερονῑκοα</span> <span class='ocrx_word' id='word_1_273' title='bbox 921 2461 1014 2502; x_wconf 67' lang='lat' dir='ltr'>disti</span> <span class='ocrx_word' id='word_1_274' title='bbox 1030 2477 1038 2501; x_wconf 93' lang='lat'><strong>:</strong></span> <span class='ocrx_word' id='word_1_275' title='bbox 1066 2461 1258 2519; x_wconf 66' lang='lat' dir='ltr'>Iselafflca</span> <span class='ocrx_word' id='word_1_276' title='bbox 1274 2463 1368 2502; x_wconf 79' lang='lat' dir='ltr'>vero</span> <span class='ocrx_word' id='word_1_277' title='bbox 1384 2463 1406 2503; x_wconf 75' lang='lat' dir='ltr'>a</span> <span class='ocrx_word' id='word_1_278' title='bbox 1422 2464 1541 2503; x_wconf 91' lang='lat' dir='ltr'>verbo</span> <span class='ocrx_word' id='word_1_279' title='bbox 1558 2467 1747 2507; x_wconf 59' lang='grc' dir='ltr'>εἰσελαύνειν,</span> <span class='ocrx_word' id='word_1_280' title='bbox 1777 2467 1888 2520; x_wconf 78' lang='lat' dir='ltr'>quod</span> <span class='ocrx_word' id='word_1_281' title='bbox 1904 2468 1972 2521; x_wconf 87' lang='lat' dir='ltr'>qui</span> <span class='ocrx_word' id='word_1_282' title='bbox 1989 2469 2117 2509; x_wconf 88' lang='lat' dir='ltr'>omnia</span> <span class='ocrx_word' id='word_1_283' title='bbox 2135 2484 2214 2510; x_wconf 88' lang='lat' dir='ltr'>cer-</span> 
     </span>
     <span class='ocr_line' id='line_1_24' title="bbox 113 2516 2212 2577; baseline 0.003 -18"><span class='ocrx_word' id='word_1_284' title='bbox 113 2519 255 2562; x_wconf 86' lang='lat' dir='ltr'>tamnia</span> <span class='ocrx_word' id='word_1_285' title='bbox 271 2519 458 2563; x_wconf 84' lang='lat' dir='ltr'>vicerant,</span> <span class='ocrx_word' id='word_1_286' title='bbox 488 2521 526 2558; x_wconf 92' lang='lat' dir='ltr'>in</span> <span class='ocrx_word' id='word_1_287' title='bbox 546 2519 678 2559; x_wconf 86' lang='lat' dir='ltr'>urbem</span> <span class='ocrx_word' id='word_1_288' title='bbox 697 2516 802 2557; x_wconf 87' lang='lat' dir='ltr'>suam</span> <span class='ocrx_word' id='word_1_289' title='bbox 817 2531 927 2558; x_wconf 86' lang='lat' dir='ltr'>curru</span> <span class='ocrx_word' id='word_1_290' title='bbox 943 2516 1062 2558; x_wconf 70' lang='lat' dir='ltr'>essent</span> <span class='ocrx_word' id='word_1_291' title='bbox 1077 2517 1238 2563; x_wconf 69' lang='lat' dir='ltr'>investi,</span> <span class='ocrx_word' id='word_1_292' title='bbox 1266 2517 1372 2558; x_wconf 90' lang='lat' dir='ltr'>unde</span> <span class='ocrx_word' id='word_1_293' title='bbox 1393 2518 1634 2560; x_wconf 88' lang='lat' dir='ltr'>Athletarum</span> <span class='ocrx_word' id='word_1_294' title='bbox 1651 2521 1867 2577; x_wconf 82' lang='lat' dir='ltr'>privilegia,</span> <span class='ocrx_word' id='word_1_295' title='bbox 1895 2536 2061 2576; x_wconf 89' lang='lat' dir='ltr'>quorum</span> <span class='ocrx_word' id='word_1_296' title='bbox 2079 2526 2212 2565; x_wconf 89' lang='lat' dir='ltr'>merni-</span> 
     </span>
     <span class='ocr_line' id='line_1_25' title="bbox 111 2570 2207 2629; baseline 0.002 -13"><span class='ocrx_word' id='word_1_297' title='bbox 111 2575 170 2617; x_wconf 86' lang='lat' dir='ltr'>nit</span> <span class='ocrx_word' id='word_1_298' title='bbox 184 2573 388 2614; x_wconf 86' lang='lat' dir='ltr'>Suetonius</span> <span class='ocrx_word' id='word_1_299' title='bbox 406 2573 444 2611; x_wconf 92' lang='lat' dir='ltr'>in</span> <span class='ocrx_word' id='word_1_300' title='bbox 465 2574 652 2629; x_wconf 85' lang='lat' dir='ltr'>Augusto.</span> <span class='ocrx_word' id='word_1_301' title='bbox 680 2572 857 2612; x_wconf 62' lang='lat' dir='ltr'>Athletv&#39;s</span> <span class='ocrx_word' id='word_1_302' title='bbox 873 2570 920 2615; x_wconf 58' lang='grc' dir='ltr'><em>ὢ</em></span> <span class='ocrx_word' id='word_1_303' title='bbox 938 2573 1185 2624; x_wconf 53' lang='lat' dir='ltr'>conservavit</span> <span class='ocrx_word' id='word_1_304' title='bbox 1191 2574 1400 2628; x_wconf 69' lang='lat' dir='ltr'>privilegia</span> <span class='ocrx_word' id='word_1_305' title='bbox 1418 2571 1466 2617; x_wconf 59' lang='grc' dir='ltr'><strong><em>ὠ</em></strong></span> <span class='ocrx_word' id='word_1_306' title='bbox 1480 2575 1695 2629; x_wconf 83' lang='lat' dir='ltr'>ampliavit.</span> <span class='ocrx_word' id='word_1_307' title='bbox 1727 2577 1829 2629; x_wconf 84' lang='lat' dir='ltr'>Qae</span> <span class='ocrx_word' id='word_1_308' title='bbox 1844 2577 1894 2618; x_wconf 88' lang='lat' dir='ltr'>de</span> <span class='ocrx_word' id='word_1_309' title='bbox 1910 2578 1969 2619; x_wconf 84' lang='lat' dir='ltr'>his</span> <span class='ocrx_word' id='word_1_310' title='bbox 1988 2579 2095 2619; x_wconf 86' lang='lat' dir='ltr'>sacris</span> <span class='ocrx_word' id='word_1_311' title='bbox 2113 2594 2207 2620; x_wconf 87' lang='lat' dir='ltr'>con-</span> 
     </span>
     <span class='ocr_line' id='line_1_26' title="bbox 112 2627 2204 2684; baseline 0.003 -17"><span class='ocrx_word' id='word_1_312' title='bbox 112 2629 239 2671; x_wconf 83' lang='lat' dir='ltr'>firmat</span> <span class='ocrx_word' id='word_1_313' title='bbox 255 2627 422 2680; x_wconf 78' lang='lat' dir='ltr'>JUllanUS</span> <span class='ocrx_word' id='word_1_314' title='bbox 437 2629 542 2680; x_wconf 78' lang='lat' dir='ltr'>Cplst.</span> <span class='ocrx_word' id='word_1_315' title='bbox 564 2643 636 2683; x_wconf 83' lang='lat' dir='ltr'>pro</span> <span class='ocrx_word' id='word_1_316' title='bbox 654 2628 815 2682; x_wconf 73' lang='lat' dir='ltr'>Argivis.</span> <span class='ocrx_word' id='word_1_317' title='bbox 845 2629 996 2679; x_wconf 68' lang='grc' dir='ltr'>Τεπῖρτων</span> <span class='ocrx_word' id='word_1_318' title='bbox 1011 2633 1043 2677; x_wconf 49' lang='grc' dir='ltr'><em>ᾧ</em></span> <span class='ocrx_word' id='word_1_319' title='bbox 1057 2632 1158 2674; x_wconf 76' lang='grc' dir='ltr'><strong>ὅντων,</strong></span> <span class='ocrx_word' id='word_1_320' title='bbox 1181 2637 1219 2671; x_wconf 72' lang='grc' dir='ltr'>ὥς</span> <span class='ocrx_word' id='word_1_321' title='bbox 1232 2633 1332 2678; x_wconf 54' lang='grc' dir='ltr'>ἰΐηιᾏι,</span> <span class='ocrx_word' id='word_1_322' title='bbox 1358 2639 1384 2669; x_wconf 46' lang='grc' dir='ltr'>Ψ</span> <span class='ocrx_word' id='word_1_323' title='bbox 1397 2634 1526 2681; x_wconf 67' lang='grc' dir='ltr'>μέγ’ςων</span> <span class='ocrx_word' id='word_1_324' title='bbox 1541 2638 1569 2684; x_wconf 83' lang='grc' dir='ltr'>νζ</span> <span class='ocrx_word' id='word_1_325' title='bbox 1581 2634 1811 2680; x_wconf 55' lang='grc' dir='ltr'>λοιμωτυίτων</span> <span class='ocrx_word' id='word_1_326' title='bbox 1827 2638 1947 2683; x_wconf 65' lang='grc' dir='ltr'>οἱγώνων</span> <span class='ocrx_word' id='word_1_327' title='bbox 1965 2638 2029 2674; x_wconf 57' lang='lat' dir='ltr'>w&amp;</span> <span class='ocrx_word' id='word_1_328' title='bbox 2045 2637 2098 2673; x_wconf 67' lang='lat' dir='ltr'>vlu)</span> <span class='ocrx_word' id='word_1_329' title='bbox 2116 2639 2204 2674; x_wconf 55' lang='lat' dir='ltr'>Emol-</span> 
     </span>
     <span class='ocr_line' id='line_1_27' title="bbox 109 2680 2202 2737; baseline 0.003 -19"><span class='ocrx_word' id='word_1_330' title='bbox 109 2687 154 2720; x_wconf 65' lang='grc' dir='ltr'>δα</span> <span class='ocrx_word' id='word_1_331' title='bbox 167 2708 176 2722; x_wconf 82' lang='grc'>,</span> <span class='ocrx_word' id='word_1_332' title='bbox 203 2687 299 2718; x_wconf 57' lang='lat' dir='ltr'>maor</span> <span class='ocrx_word' id='word_1_333' title='bbox 321 2680 373 2727; x_wconf 60' lang='lat'><em>‚1120</em></span> <span class='ocrx_word' id='word_1_334' title='bbox 391 2683 544 2728; x_wconf 68' lang='grc' dir='ltr'>Ολύμπια</span> <span class='ocrx_word' id='word_1_335' title='bbox 558 2708 568 2724; x_wconf 87' lang='grc'><em>,</em></span> <span class='ocrx_word' id='word_1_336' title='bbox 595 2688 711 2729; x_wconf 68' lang='grc' dir='ltr'>Δελφοὶ</span> <span class='ocrx_word' id='word_1_337' title='bbox 727 2683 760 2717; x_wconf 67' lang='grc' dir='ltr'>δὲ</span> <span class='ocrx_word' id='word_1_338' title='bbox 775 2682 876 2720; x_wconf 64' lang='lat' dir='ltr'>[1692oe</span> <span class='ocrx_word' id='word_1_339' title='bbox 891 2707 901 2723; x_wconf 88' lang='lat'>,</span> <span class='ocrx_word' id='word_1_340' title='bbox 925 2682 973 2729; x_wconf 57' lang='grc' dir='ltr'>1(μῆ</span> <span class='ocrx_word' id='word_1_341' title='bbox 989 2684 1027 2718; x_wconf 72' lang='grc' dir='ltr'>πὶ</span> <span class='ocrx_word' id='word_1_342' title='bbox 1044 2689 1075 2719; x_wconf 70' lang='grc' dir='ltr'>ἐν</span> <span class='ocrx_word' id='word_1_343' title='bbox 1091 2689 1191 2732; x_wconf 60' lang='grc' dir='ltr'>ἰσθμῷ</span> <span class='ocrx_word' id='word_1_344' title='bbox 1204 2685 1351 2727; x_wconf 45' lang='grc' dir='ltr'>Κορίνθιοι</span> <span class='ocrx_word' id='word_1_345' title='bbox 1367 2711 1377 2725; x_wconf 89' lang='grc'><strong>,</strong></span> <span class='ocrx_word' id='word_1_346' title='bbox 1403 2688 1507 2732; x_wconf 67' lang='grc' dir='ltr'><strong><em>ΑγΓὲῐοι</em></strong></span> <span class='ocrx_word' id='word_1_347' title='bbox 1527 2688 1560 2721; x_wconf 67' lang='grc' dir='ltr'>δὲ</span> <span class='ocrx_word' id='word_1_348' title='bbox 1583 2686 1639 2721; x_wconf 57' lang='lat' dir='ltr'>vlu)</span> <span class='ocrx_word' id='word_1_349' title='bbox 1654 2691 1679 2722; x_wconf 50' lang='grc' dir='ltr'><strong><em>ἓ</em></strong></span> <span class='ocrx_word' id='word_1_350' title='bbox 1697 2692 1815 2735; x_wconf 68' lang='grc' dir='ltr'>Νεμέων</span> <span class='ocrx_word' id='word_1_351' title='bbox 1837 2695 2013 2737; x_wconf 68' lang='grc' dir='ltr'>πγκςοτέσι</span> <span class='ocrx_word' id='word_1_352' title='bbox 2030 2691 2202 2734; x_wconf 52' lang='grc' dir='ltr'>κυνήγιον.</span> 
     </span>
     <span class='ocr_line' id='line_1_28' title="bbox 107 2734 2206 2792; baseline 0.002 -18"><span class='ocrx_word' id='word_1_353' title='bbox 107 2741 171 2774; x_wconf 70' lang='grc' dir='ltr'>πῶς</span> <span class='ocrx_word' id='word_1_354' title='bbox 189 2735 220 2771; x_wconf 70' lang='grc' dir='ltr'>ἔν</span> <span class='ocrx_word' id='word_1_355' title='bbox 237 2736 351 2782; x_wconf 59' lang='grc' dir='ltr'>Αἴλομν</span> <span class='ocrx_word' id='word_1_356' title='bbox 367 2735 484 2773; x_wconf 56' lang='lat' dir='ltr'>&#39;mairam</span> <span class='ocrx_word' id='word_1_357' title='bbox 498 2734 552 2782; x_wconf 68' lang='grc' dir='ltr'>μῼι)</span> <span class='ocrx_word' id='word_1_358' title='bbox 567 2736 730 2784; x_wconf 49' lang='lat' dir='ltr'>&amp;dmm</span> <span class='ocrx_word' id='word_1_359' title='bbox 749 2734 801 2771; x_wconf 65' lang='lat' dir='ltr'>du&gt;</span> <span class='ocrx_word' id='word_1_360' title='bbox 815 2737 952 2771; x_wconf 57' lang='grc' dir='ltr'>ἀτέλειαι</span> <span class='ocrx_word' id='word_1_361' title='bbox 968 2735 1023 2771; x_wconf 67' lang='grc' dir='ltr'>τὼ)</span> <span class='ocrx_word' id='word_1_362' title='bbox 1037 2737 1131 2772; x_wconf 67' lang='lat' dir='ltr'>mim</span> <span class='ocrx_word' id='word_1_363' title='bbox 1148 2741 1295 2781; x_wconf 65' lang='grc' dir='ltr'>δοθεῖσωις</span> <span class='ocrx_word' id='word_1_364' title='bbox 1325 2735 1423 2775; x_wconf 72' lang='lat' dir='ltr'>Cicm</span> <span class='ocrx_word' id='word_1_365' title='bbox 1439 2737 1538 2776; x_wconf 82' lang='lat' dir='ltr'>enim</span> <span class='ocrx_word' id='word_1_366' title='bbox 1544 2735 1626 2785; x_wconf 82' lang='lat' dir='ltr'>fint</span> <span class='ocrx_word' id='word_1_367' title='bbox 1642 2745 1803 2790; x_wconf 84' lang='lat' dir='ltr'>quatuor</span> <span class='ocrx_word' id='word_1_368' title='bbox 1825 2738 2061 2792; x_wconf 75' lang='lat' dir='ltr'>(utfcimm)</span> <span class='ocrx_word' id='word_1_369' title='bbox 2082 2742 2206 2780; x_wconf 81' lang='lat' dir='ltr'>maxi-</span> 
     </span>
     <span class='ocr_line' id='line_1_29' title="bbox 107 2789 2208 2849; baseline 0.002 -19"><span class='ocrx_word' id='word_1_370' title='bbox 107 2805 171 2831; x_wconf 87' lang='lat' dir='ltr'>ma</span> <span class='ocrx_word' id='word_1_371' title='bbox 189 2789 236 2833; x_wconf 72' lang='lat'>&amp;⁴</span> <span class='ocrx_word' id='word_1_372' title='bbox 255 2789 450 2838; x_wconf 63' lang='lat' dir='ltr'>clarzffima</span> <span class='ocrx_word' id='word_1_373' title='bbox 466 2792 674 2831; x_wconf 83' lang='lat' dir='ltr'>certamina</span> <span class='ocrx_word' id='word_1_374' title='bbox 692 2792 735 2829; x_wconf 88' lang='lat' dir='ltr'>in</span> <span class='ocrx_word' id='word_1_375' title='bbox 755 2790 927 2836; x_wconf 87' lang='lat' dir='ltr'>Graecia,</span> <span class='ocrx_word' id='word_1_376' title='bbox 954 2789 1044 2830; x_wconf 80' lang='lat' dir='ltr'>Elei</span> <span class='ocrx_word' id='word_1_377' title='bbox 1064 2790 1255 2845; x_wconf 86' lang='lat' dir='ltr'>Olympia,</span> <span class='ocrx_word' id='word_1_378' title='bbox 1285 2790 1439 2844; x_wconf 80' lang='lat' dir='ltr'>Delphi</span> <span class='ocrx_word' id='word_1_379' title='bbox 1454 2791 1627 2842; x_wconf 78' lang='lat' dir='ltr'>Pythia,</span> <span class='ocrx_word' id='word_1_380' title='bbox 1656 2793 1848 2834; x_wconf 64' lang='lat' dir='ltr'>Corinthii</span> <span class='ocrx_word' id='word_1_381' title='bbox 1864 2795 2043 2845; x_wconf 84' lang='lat' dir='ltr'>Isthmia,</span> <span class='ocrx_word' id='word_1_382' title='bbox 2061 2796 2208 2849; x_wconf 79' lang='lat' dir='ltr'>Argivi</span> 
     </span>
     <span class='ocr_line' id='line_1_30' title="bbox 107 2843 2206 2903; baseline 0.003 -19"><span class='ocrx_word' id='word_1_383' title='bbox 107 2845 259 2887; x_wconf 85' lang='lat' dir='ltr'>Nemea</span> <span class='ocrx_word' id='word_1_384' title='bbox 276 2844 476 2896; x_wconf 85' lang='lat' dir='ltr'>conficiunt</span> <span class='ocrx_word' id='word_1_385' title='bbox 494 2843 542 2889; x_wconf 59' lang='grc' dir='ltr'>ὅγ’</span> <span class='ocrx_word' id='word_1_386' title='bbox 557 2854 703 2885; x_wconf 85' lang='lat' dir='ltr'>curant.</span> <span class='ocrx_word' id='word_1_387' title='bbox 749 2845 853 2901; x_wconf 82' lang='lat' dir='ltr'>Qae</span> <span class='ocrx_word' id='word_1_388' title='bbox 875 2847 996 2900; x_wconf 69' lang='lat' dir='ltr'>{gitur</span> <span class='ocrx_word' id='word_1_389' title='bbox 1019 2847 1181 2901; x_wconf 72' lang='lat' dir='ltr'>equitas</span> <span class='ocrx_word' id='word_1_390' title='bbox 1205 2845 1255 2894; x_wconf 79' lang='lat' dir='ltr'>est</span> <span class='ocrx_word' id='word_1_391' title='bbox 1271 2872 1284 2893; x_wconf 91' lang='lat'>,</span> <span class='ocrx_word' id='word_1_392' title='bbox 1312 2857 1459 2887; x_wconf 84' lang='lat' dir='ltr'>manere</span> <span class='ocrx_word' id='word_1_393' title='bbox 1477 2845 1557 2886; x_wconf 85' lang='lat' dir='ltr'>illis</span> <span class='ocrx_word' id='word_1_394' title='bbox 1574 2848 1853 2890; x_wconf 79' lang='lat' dir='ltr'>immunitatem</span> <span class='ocrx_word' id='word_1_395' title='bbox 1871 2846 1958 2890; x_wconf 79' lang='lat' dir='ltr'>olim</span> <span class='ocrx_word' id='word_1_396' title='bbox 1974 2849 2206 2903; x_wconf 76' lang='lat' dir='ltr'>conceffam?</span> 
     </span>
     <span class='ocr_line' id='line_1_31' title="bbox 107 2900 1247 2956; baseline -0.003 -14"><span class='ocrx_word' id='word_1_397' title='bbox 107 2901 269 2942; x_wconf 87' lang='lat' dir='ltr'>Corona</span> <span class='ocrx_word' id='word_1_398' title='bbox 287 2900 411 2941; x_wconf 88' lang='lat' dir='ltr'>laurea</span> <span class='ocrx_word' id='word_1_399' title='bbox 430 2915 502 2955; x_wconf 91' lang='lat' dir='ltr'>pro</span> <span class='ocrx_word' id='word_1_400' title='bbox 518 2902 706 2942; x_wconf 56' lang='lat' dir='ltr'>vitrorum</span> <span class='ocrx_word' id='word_1_401' title='bbox 723 2902 881 2955; x_wconf 78' lang='lat' dir='ltr'>praemio</span> <span class='ocrx_word' id='word_1_402' title='bbox 897 2901 1049 2942; x_wconf 88' lang='lat' dir='ltr'>videtur</span> <span class='ocrx_word' id='word_1_403' title='bbox 1064 2900 1247 2956; x_wconf 82' lang='lat' dir='ltr'>apposita.</span> 
     </span>
    </p>
   </div>
   <div class='ocr_carea' id='block_1_10' title="bbox 161 2975 1656 3036">
    <p class='ocr_par' dir='ltr' id='par_1_10' title="bbox 161 2975 1656 3036">
     <span class='ocr_line' id='line_1_32' title="bbox 161 2975 1656 3036; baseline 0.001 -15"><span class='ocrx_word' id='word_1_404' title='bbox 161 2979 246 3021; x_wconf 83' lang='lat' dir='ltr'>Hic</span> <span class='ocrx_word' id='word_1_405' title='bbox 261 2993 433 3021; x_wconf 88' lang='lat' dir='ltr'>nummus</span> <span class='ocrx_word' id='word_1_406' title='bbox 439 2979 620 3033; x_wconf 76' lang='lat' dir='ltr'>ficundae</span> <span class='ocrx_word' id='word_1_407' title='bbox 634 2979 931 3036; x_wconf 85' lang='lat' dir='ltr'>magnitudinis,</span> <span class='ocrx_word' id='word_1_408' title='bbox 957 2981 1107 3021; x_wconf 82' lang='lat' dir='ltr'>eximiae</span> <span class='ocrx_word' id='word_1_409' title='bbox 1120 2980 1299 3021; x_wconf 82' lang='lat' dir='ltr'>raritatis</span> <span class='ocrx_word' id='word_1_410' title='bbox 1319 2975 1366 3024; x_wconf 55' lang='grc' dir='ltr'>ἐφ’</span> <span class='ocrx_word' id='word_1_411' title='bbox 1381 2979 1576 3035; x_wconf 79' lang='lat' dir='ltr'>elegantiae</span> <span class='ocrx_word' id='word_1_412' title='bbox 1594 2979 1656 3032; x_wconf 83' lang='lat' dir='ltr'>est.</span> 
     </span>
    </p>
   </div>
   <div class='ocr_carea' id='block_1_11' title="bbox 997 3128 1330 3465">
    <p class='ocr_par' dir='ltr' id='par_1_11' title="bbox 997 3128 1330 3465">
     <span class='ocr_line' id='line_1_33' title="bbox 997 3128 1330 3465; baseline 0 754"><span class='ocrx_word' id='word_1_413' title='bbox 997 3128 1330 3465; x_wconf 95' lang='lat' dir='ltr'> </span> 
     </span>
    </p>
   </div>
   <div class='ocr_carea' id='block_1_12' title="bbox 107 3565 2191 3697">
    <p class='ocr_par' dir='ltr' id='par_1_12' title="bbox 107 3565 2191 3697">
     <span class='ocr_line' id='line_1_34' title="bbox 107 3565 2130 3629; baseline 0.006 -16"><span class='ocrx_word' id='word_1_414' title='bbox 107 3587 136 3616; x_wconf 66' lang='lat' dir='ltr'>A</span> <span class='ocrx_word' id='word_1_415' title='bbox 149 3586 221 3614; x_wconf 76' lang='lat' dir='ltr'>NN</span> <span class='ocrx_word' id='word_1_416' title='bbox 233 3587 248 3614; x_wconf 92' lang='lat'>1</span> <span class='ocrx_word' id='word_1_417' title='bbox 262 3588 289 3614; x_wconf 83' lang='lat' dir='ltr'>A</span> <span class='ocrx_word' id='word_1_418' title='bbox 320 3587 344 3615; x_wconf 71' lang='lat'>1³</span> <span class='ocrx_word' id='word_1_419' title='bbox 358 3587 384 3614; x_wconf 79' lang='lat' dir='ltr'>A</span> <span class='ocrx_word' id='word_1_420' title='bbox 400 3588 426 3614; x_wconf 91' lang='lat' dir='ltr'>v</span> <span class='ocrx_word' id='word_1_421' title='bbox 439 3587 457 3614; x_wconf 88' lang='lat' dir='ltr'><strong>s</strong></span> <span class='ocrx_word' id='word_1_422' title='bbox 473 3577 497 3613; x_wconf 71' lang='grc' dir='ltr'>ι’·</span> <span class='ocrx_word' id='word_1_423' title='bbox 510 3587 524 3614; x_wconf 94' lang='lat'>1</span> <span class='ocrx_word' id='word_1_424' title='bbox 536 3586 567 3613; x_wconf 82' lang='lat' dir='ltr'>N</span> <span class='ocrx_word' id='word_1_425' title='bbox 580 3587 607 3613; x_wconf 78' lang='lat' dir='ltr'>A</span> <span class='ocrx_word' id='word_1_426' title='bbox 643 3586 684 3613; x_wconf 80' lang='grc' dir='ltr'>Α.</span> <span class='ocrx_word' id='word_1_427' title='bbox 728 3574 861 3629; x_wconf 87' lang='lat' dir='ltr'>Caput</span> <span class='ocrx_word' id='word_1_428' title='bbox 877 3575 1014 3617; x_wconf 81' lang='lat' dir='ltr'>Anniae</span> <span class='ocrx_word' id='word_1_429' title='bbox 1029 3565 1228 3620; x_wconf 72' lang='lat' dir='ltr'>Faustinae.</span> <span class='ocrx_word' id='word_1_430' title='bbox 2128 3627 2130 3629; x_wconf 61' lang='grc'><strong>,</strong></span> 
     </span>
     <span class='ocr_line' id='line_1_35' title="bbox 160 3630 2191 3697; baseline 0.007 -27"><span class='ocrx_word' id='word_1_431' title='bbox 160 3644 184 3670; x_wconf 91' lang='lat' dir='ltr'>c</span> <span class='ocrx_word' id='word_1_432' title='bbox 195 3643 221 3669; x_wconf 94' lang='lat' dir='ltr'>o</span> <span class='ocrx_word' id='word_1_433' title='bbox 234 3645 271 3670; x_wconf 84' lang='lat' dir='ltr'>L.</span> <span class='ocrx_word' id='word_1_434' title='bbox 302 3644 329 3670; x_wconf 77' lang='lat' dir='ltr'>A</span> <span class='ocrx_word' id='word_1_435' title='bbox 344 3644 369 3670; x_wconf 88' lang='lat' dir='ltr'>L</span> <span class='ocrx_word' id='word_1_436' title='bbox 382 3644 405 3669; x_wconf 82' lang='lat' dir='ltr'>E</span> <span class='ocrx_word' id='word_1_437' title='bbox 418 3644 456 3670; x_wconf 86' lang='lat' dir='ltr'>x.</span> <span class='ocrx_word' id='word_1_438' title='bbox 488 3643 512 3669; x_wconf 83' lang='grc' dir='ltr'>τ</span> <span class='ocrx_word' id='word_1_439' title='bbox 529 3643 556 3670; x_wconf 71' lang='lat' dir='ltr'>a</span> <span class='ocrx_word' id='word_1_440' title='bbox 568 3643 594 3669; x_wconf 92' lang='lat' dir='ltr'>o</span> <span class='ocrx_word' id='word_1_441' title='bbox 608 3643 646 3668; x_wconf 79' lang='grc' dir='ltr'>Α.</span> <span class='ocrx_word' id='word_1_442' title='bbox 677 3630 830 3671; x_wconf 84' lang='lat' dir='ltr'>Colonia</span> <span class='ocrx_word' id='word_1_443' title='bbox 847 3631 1090 3672; x_wconf 82' lang='lat' dir='ltr'>Alexandria</span> <span class='ocrx_word' id='word_1_444' title='bbox 1106 3633 1237 3676; x_wconf 87' lang='lat' dir='ltr'><em>Troas.</em></span> <span class='ocrx_word' id='word_1_445' title='bbox 1266 3634 1411 3690; x_wconf 88' lang='lat' dir='ltr'>Apollo</span> <span class='ocrx_word' id='word_1_446' title='bbox 1428 3636 1602 3678; x_wconf 85' lang='lat' dir='ltr'>muliebri</span> <span class='ocrx_word' id='word_1_447' title='bbox 1618 3636 1751 3680; x_wconf 82' lang='lat' dir='ltr'>habitu</span> <span class='ocrx_word' id='word_1_448' title='bbox 1771 3638 1846 3680; x_wconf 85' lang='lat' dir='ltr'>bafi</span> <span class='ocrx_word' id='word_1_449' title='bbox 1864 3640 2082 3697; x_wconf 75' lang='lat' dir='ltr'>impolitus,</span> <span class='ocrx_word' id='word_1_450' title='bbox 2100 3641 2191 3684; x_wconf 86' lang='lat' dir='ltr'>dex-</span> 
     </span>
    </p>
   </div>
   <div class='ocr_carea' id='block_1_13' title="bbox 215 3685 1138 3743">
    <p class='ocr_par' dir='ltr' id='par_1_13' title="bbox 215 3685 1138 3743">
     <span class='ocr_line' id='line_1_36' title="bbox 215 3685 1138 3743; baseline 0.004 -18"><span class='ocrx_word' id='word_1_451' title='bbox 215 3686 271 3725; x_wconf 76' lang='lat' dir='ltr'>tra</span> <span class='ocrx_word' id='word_1_452' title='bbox 287 3697 476 3739; x_wconf 82' lang='lat' dir='ltr'>pateram,</span> <span class='ocrx_word' id='word_1_453' title='bbox 505 3685 597 3725; x_wconf 68' lang='lat' dir='ltr'>laeva</span> <span class='ocrx_word' id='word_1_454' title='bbox 616 3698 767 3732; x_wconf 64' lang='lat' dir='ltr'>arcum5</span> <span class='ocrx_word' id='word_1_455' title='bbox 793 3698 881 3728; x_wconf 88' lang='lat' dir='ltr'>ante</span> <span class='ocrx_word' id='word_1_456' title='bbox 899 3700 989 3727; x_wconf 90' lang='lat' dir='ltr'>eum</span> <span class='ocrx_word' id='word_1_457' title='bbox 1007 3688 1138 3743; x_wconf 85' lang='lat' dir='ltr'>tripus.</span> 
     </span>
    </p>
   </div>
   <div class='ocr_carea' id='block_1_14' title="bbox 103 3762 2190 3880">
    <p class='ocr_par' dir='ltr' id='par_1_14' title="bbox 103 3762 2190 3880">
     <span class='ocr_line' id='line_1_37' title="bbox 155 3762 2189 3829; baseline 0.007 -27"><span class='ocrx_word' id='word_1_458' title='bbox 155 3762 396 3824; x_wconf 86' lang='lat' dir='ltr'>Troadenses</span> <span class='ocrx_word' id='word_1_459' title='bbox 421 3774 661 3825; x_wconf 76' lang='lat' dir='ltr'>quantopere</span> <span class='ocrx_word' id='word_1_460' title='bbox 688 3763 831 3826; x_wconf 73' lang='lat' dir='ltr'>fuerint</span> <span class='ocrx_word' id='word_1_461' title='bbox 858 3765 1049 3820; x_wconf 79' lang='lat' dir='ltr'>Elagabali</span> <span class='ocrx_word' id='word_1_462' title='bbox 1065 3766 1316 3808; x_wconf 74' lang='lat' dir='ltr'>studiofiffimi</span> <span class='ocrx_word' id='word_1_463' title='bbox 1332 3797 1344 3817; x_wconf 88' lang='lat'><em>,</em></span> <span class='ocrx_word' id='word_1_464' title='bbox 1372 3770 1550 3825; x_wconf 80' lang='lat' dir='ltr'>colligere</span> <span class='ocrx_word' id='word_1_465' title='bbox 1575 3772 1631 3812; x_wconf 89' lang='lat' dir='ltr'>est</span> <span class='ocrx_word' id='word_1_466' title='bbox 1651 3785 1697 3813; x_wconf 84' lang='lat' dir='ltr'>ex</span> <span class='ocrx_word' id='word_1_467' title='bbox 1717 3787 1850 3817; x_wconf 88' lang='lat' dir='ltr'>eorum</span> <span class='ocrx_word' id='word_1_468' title='bbox 1872 3775 2037 3815; x_wconf 83' lang='lat' dir='ltr'>nummis</span> <span class='ocrx_word' id='word_1_469' title='bbox 2060 3774 2133 3829; x_wconf 78' lang='lat' dir='ltr'>ipfi</span> <span class='ocrx_word' id='word_1_470' title='bbox 2150 3779 2189 3817; x_wconf 87' lang='lat'>&amp;</span> 
     </span>
     <span class='ocr_line' id='line_1_38' title="bbox 103 3819 2190 3880; baseline 0.005 -20"><span class='ocrx_word' id='word_1_471' title='bbox 103 3819 186 3872; x_wconf 87' lang='lat' dir='ltr'>ejus</span> <span class='ocrx_word' id='word_1_472' title='bbox 205 3821 382 3859; x_wconf 79' lang='lat' dir='ltr'>uxoribus</span> <span class='ocrx_word' id='word_1_473' title='bbox 396 3819 529 3859; x_wconf 79' lang='lat' dir='ltr'>dicatis</span> <span class='ocrx_word' id='word_1_474' title='bbox 546 3834 555 3858; x_wconf 74' lang='grc' dir='ltr'>ε</span> <span class='ocrx_word' id='word_1_475' title='bbox 581 3819 671 3860; x_wconf 72' lang='lat' dir='ltr'>licet</span> <span class='ocrx_word' id='word_1_476' title='bbox 689 3827 792 3860; x_wconf 88' lang='lat' dir='ltr'>emm</span> <span class='ocrx_word' id='word_1_477' title='bbox 808 3820 870 3861; x_wconf 84' lang='lat' dir='ltr'>111e</span> <span class='ocrx_word' id='word_1_478' title='bbox 887 3820 1106 3876; x_wconf 89' lang='lat' dir='ltr'>frequentes</span> <span class='ocrx_word' id='word_1_479' title='bbox 1127 3823 1336 3866; x_wconf 89' lang='lat' dir='ltr'>confecerit</span> <span class='ocrx_word' id='word_1_480' title='bbox 1351 3827 1504 3880; x_wconf 87' lang='lat' dir='ltr'>nuptias</span> <span class='ocrx_word' id='word_1_481' title='bbox 1519 3852 1531 3871; x_wconf 90' lang='lat'>‚</span> <span class='ocrx_word' id='word_1_482' title='bbox 1560 3826 1629 3879; x_wconf 84' lang='lat' dir='ltr'>ipfi</span> <span class='ocrx_word' id='word_1_483' title='bbox 1648 3828 1775 3871; x_wconf 83' lang='lat' dir='ltr'>subito</span> <span class='ocrx_word' id='word_1_484' title='bbox 1789 3831 1828 3870; x_wconf 92' lang='lat' dir='ltr'>in</span> <span class='ocrx_word' id='word_1_485' title='bbox 1849 3830 1995 3876; x_wconf 84' lang='lat' dir='ltr'>Paulae,</span> <span class='ocrx_word' id='word_1_486' title='bbox 2023 3830 2190 3877; x_wconf 85' lang='lat' dir='ltr'>Severae,</span> 
     </span>
    </p>
   </div>
   <div class='ocr_carea' id='block_1_15' title="bbox 104 3873 2199 3994">
    <p class='ocr_par' dir='ltr' id='par_1_15' title="bbox 104 3873 2199 3994">
     <span class='ocr_line' id='line_1_39' title="bbox 104 3873 2193 3939; baseline 0.005 -24"><span class='ocrx_word' id='word_1_487' title='bbox 104 3877 144 3915; x_wconf 67' lang='grc' dir='ltr'>ὃ(</span> <span class='ocrx_word' id='word_1_488' title='bbox 168 3873 349 3914; x_wconf 71' lang='lat' dir='ltr'>Faustinae</span> <span class='ocrx_word' id='word_1_489' title='bbox 368 3874 557 3916; x_wconf 87' lang='lat' dir='ltr'>honorem</span> <span class='ocrx_word' id='word_1_490' title='bbox 580 3875 792 3929; x_wconf 69' lang='lat' dir='ltr'>percuss‘ere</span> <span class='ocrx_word' id='word_1_491' title='bbox 813 3876 1037 3920; x_wconf 84' lang='lat' dir='ltr'>numismata</span> <span class='ocrx_word' id='word_1_492' title='bbox 1048 3904 1061 3926; x_wconf 88' lang='lat'>,</span> <span class='ocrx_word' id='word_1_493' title='bbox 1091 3891 1177 3934; x_wconf 81' lang='lat' dir='ltr'>quae</span> <span class='ocrx_word' id='word_1_494' title='bbox 1193 3880 1306 3921; x_wconf 87' lang='lat' dir='ltr'>nobis</span> <span class='ocrx_word' id='word_1_495' title='bbox 1323 3880 1580 3936; x_wconf 85' lang='lat' dir='ltr'>Augustarum</span> <span class='ocrx_word' id='word_1_496' title='bbox 1596 3882 1743 3926; x_wconf 85' lang='lat' dir='ltr'>illarum</span> <span class='ocrx_word' id='word_1_497' title='bbox 1760 3884 1905 3939; x_wconf 86' lang='lat' dir='ltr'>effigies</span> <span class='ocrx_word' id='word_1_498' title='bbox 1922 3884 2128 3933; x_wconf 82' lang='lat' dir='ltr'>exhibent,</span> <span class='ocrx_word' id='word_1_499' title='bbox 2156 3891 2193 3926; x_wconf 91' lang='lat'>&amp;</span> 
     </span>
     <span class='ocr_line' id='line_1_40' title="bbox 160 3927 2199 3994; baseline 0.006 -24"><span class='ocrx_word' id='word_1_500' title='bbox 160 3927 264 3971; x_wconf 78' lang='lat' dir='ltr'>Tam.</span> <span class='ocrx_word' id='word_1_501' title='bbox 292 3929 354 3969; x_wconf 81' lang='lat'>11.</span> <span class='ocrx_word' id='word_1_502' title='bbox 1331 3934 1378 3971; x_wconf 75' lang='lat' dir='ltr'>O·</span> <span class='ocrx_word' id='word_1_503' title='bbox 1996 3940 2199 3994; x_wconf 74' lang='lat' dir='ltr'>praesertim</span> 
     </span>
    </p>
   </div>
  </div>
 </body>
</html>
