2491 4219
267 150 377 246 ἷξες
392 205 538 258 palma,
557 203 739 247 Vistoriae
759 139 1006 259 symbogluml;Z
1025 140 1129 245 unge
1144 138 1324 245 Piliiiaris
1341 138 1427 247 DE
1443 139 1583 248 dicliztur
1600 136 1836 261 {pulch-lib.
1856 218 1892 248 2.
1911 206 1961 248 de
1979 205 2114 250 Asino.
2143 205 2388 251 Attollebant

261 262 421 313 statuas
438 260 618 301 ‘Palmam‘
635 260 746 299 Dece.
788 260 913 313 Qod
932 265 970 300 δε
987 261 1132 300 Cicero
1147 260 1299 301 videtur
1315 261 1542 303 confirmare
1558 263 1610 304 de
1624 263 1719 304 Nat.
1735 263 1852 303 Deor.

333 338 419 380 Hic
433 353 607 380 nummus
622 338 818 378 mediocris
833 338 1112 392 magnitudinis
1121 359 1135 387 ,·
1145 369 1147 372 s
1151 348 1224 394 pro
1243 352 1328 379 raro
1346 341 1607 382 numerandas.

282 887 317 914 Ρε
350 887 492 914 supr.
524 887 678 914 GETA.
709 887 856 914 cnsss.
895 872 1030 926 Caput
1046 873 1160 914 Getae
1179 869 1404 913 caesaria*

332 945 371 971 c.
394 945 433 971 L.
458 944 483 969 1.
511 944 569 970 co
584 943 625 970 n.
655 929 811 970 Colonia
830 928 941 969 Laus
954 928 1072 981 Julia
1091 929 1312 970 Corinthus.
1347 926 1520 970 Viftoria
1539 927 1578 968 in
1598 927 1717 983 bigis,
1747 927 1880 969 dextra
1898 941 2091 982 equorum
2107 928 2301 977 habenas,
2328 928 2390 971 lae·
2431 981 2437 988 ³

384 988 438 1026 'vsi
457 986 632 1039 palmam.

334 1063 417 1115 Iam
444 1063 589 1117 prodiit
616 1062 742 1103 similis
759 1062 942 1104 Vistoriae
962 1063 1069 1117 bigas
1091 1062 1238 1117 agentis
1260 1062 1301 1102 in
1319 1062 1448 1104 Severi
1465 1065 1505 1102 &
1521 1061 1727 1102 Caracauae
1746 1061 1914 1102 nummis
1936 1071 2050 1117 typus
2066 1089 2078 1109 ‚
2107 1075 2225 1117 quem
2241 1074 2322 1104 non
2339 1062 2392 1104 ad

279 1119 482 1159 victoriam
498 1119 547 1158 de
564 1119 738 1159 hostibus
754 1119 908 1158 relatam
924 1119 1092 1172 spectare
1109 1119 1296 1164 diximus,
1325 1118 1389 1158 sed
1408 1117 1457 1158 ad
1472 1117 1573 1157 illam
1591 1131 1710 1172 quam
1725 1118 1764 1157 in
1781 1117 2017 1173 Agonalibus
2035 1119 2304 1160 certaminibus
2314 1119 2393 1160 Ca-

274 1175 414 1214 racana
441 1175 572 1214 Severi
596 1175 713 1228 patris
738 1175 896 1215 nomine
926 1175 1160 1228 reportavit:
1198 1174 1302 1214 unde
1326 1174 1365 1214 in
1391 1174 1535 1214 Severo
1562 1176 1600 1212 ὃς
1624 1172 1709 1214 filiis
1733 1173 1836 1213 idem
1861 1186 2040 1215 nummus
2065 1189 2153 1215 cum
2181 1174 2393 1230 epigraphe

280 1244 309 1269 v
323 1244 338 1269 1
350 1245 373 1269 c
387 1244 411 1269 τ
423 1244 450 1268 o
465 1243 496 1269 R
510 1243 525 1268 1
539 1243 565 1269 A
581 1244 604 1269 E
637 1244 663 1269 A
679 1245 705 1270 v
716 1244 742 1270 G
757 1243 796 1269 G.
826 1229 1161 1270 senatusconsulto
1178 1229 1371 1283 percuffus
1388 1229 1570 1283 frequens
1587 1230 1762 1270 occurrit.
1801 1230 1906 1284 Bigae
1923 1241 2051 1270 autem
2067 1231 2107 1270 in
2123 1229 2222 1270 ludis
2237 1236 2394 1286 Agona-

278 1285 378 1325 libus
399 1296 508 1325 erant
526 1297 689 1340 receptae
706 1313 718 1332 ‚
747 1299 819 1325 nec
844 1285 932 1340 ipsae
955 1285 1005 1326 ad
1025 1285 1227 1326 vietoriam
1250 1284 1301 1325 de
1319 1285 1491 1325 hostibus
1515 1285 1758 1338 pertinebant
1774 1302 1788 1331 3
1818 1285 1988 1326 Vicioria
2006 1287 2109 1327 enim
2128 1298 2210 1326 non
2226 1286 2394 1326 lauream

278 1340 448 1380 hostium
467 1341 709 1381 devistorum
727 1340 915 1388 indicem,
946 1340 1008 1381 sed
1026 1342 1195 1394 palmam
1212 1341 1391 1382 ludorum
1410 1340 1556 1396 infigne
1573 1341 1693 1395 gerit:
1721 1341 1945 1394 loquentem
1963 1341 2095 1382 audias
2110 1341 2336 1382 Suetonium
2351 1342 2393 1381 in

276 1395 441 1436 Tiberio
457 1408 540 1448 cap.
560 1403 623 1436 26.
654 1395 845 1436 Natalem
855 1396 973 1448 fuum
989 1397 1143 1448 plebeia
1165 1398 1421 1436 «incurrentem
1443 1396 1674 1447 Circenstbus
1690 1398 1765 1435 vix
1784 1398 1897 1436 unius
1928 1411 1974 1437 B]
1990 1411 2016 1437 G
2031 1402 2068 1437 λε
2097 1397 2307 1449 adjectione
2323 1396 2393 1436 ho-

279 1454 408 1547 norgrc'
420 1451 551 1507 paffits
566 1453 628 1505 cst.
657 1452 801 1493 Plinius
819 1453 881 1493 lib.
901 1466 938 1506 7.
956 1467 1039 1508 cap.
1060 1457 1097 1493 6.
1128 1452 1233 1509 bigas
1257 1453 1425 1508 primum
1443 1452 1609 1507 junxisse
1633 1451 1847 1507 Phrygios,
1876 1453 2080 1509 quadrigas
2096 1451 2392 1494 Erichthonium

278 1518 337 1548 tra
369 1519 405 1548 it.

335 1585 418 1627 Hic
431 1600 605 1628 nummus
609 1586 776 1640 flectendi
791 1586 933 1627 moduli
944 1615 956 1635 ‚
984 1586 1009 1627 ὰ
1023 1587 1272 1643 Patinopag.
1289 1600 1309 1641 3
1321 1600 1378 1640 17.
1397 1587 1602 1642 vulgatus,
1629 1600 1738 1628 rarus
1762 1586 1819 1639 cst.

338 2140 377 2168 c.
395 2137 449 2180 με.
478 2138 506 2164 1.
535 2137 649 2165 con.
678 2123 835 2164 Colonia
854 2123 968 2164 Laus
983 2121 1101 2175 Julia
1115 2122 1335 2164 Corinthus.
1365 2113 1594 2176 Ca'pitulum
1609 2135 1661 2163 ex
1680 2122 1816 2163 ordine
1832 2120 2107 2167 Corinthiaco,
2135 2119 2298 2176 desuper
2313 2120 2400 2164 Be14

394 2179 591 2235 lerophon
608 2179 760 2235 impetit
777 2178 1033 2225 Chimaeram‚
1061 2188 1105 2218 ut
1125 2178 1279 2219 videtur
1298 2198 1311 2225 3
1341 2191 1430 2218 uam
1448 2178 1488 2217 in
1504 2192 1549 2218 ea
1566 2189 1675 2232 parte
1695 2178 1856 2235 detritus
1874 2177 1929 2216 est
1946 2189 2137 2217 nummus.

339 2258 538 2300 Corinthii
559 2258 670 2313 quod
699 2259 736 2298 in
757 2257 852 2298 urbe
875 2257 1016 2297 illustre
1039 2259 1078 2295 &
1106 2256 1292 2296 memoria
1315 2254 1475 2311 dignum
1494 2255 1587 2301 fuit,
1617 2254 1656 2295 id
1675 2255 1713 2294 in
1730 2255 1899 2295 nummis
1915 2249 2086 2296 studiose
2101 2255 2374 2311 confignarunt
2391 2268 2402 2296 ε

283 2331 335 2358 cn
350 2315 560 2369 capitulum
575 2314 715 2368 utpote
731 2314 770 2352 in
790 2313 1041 2352 architectura
1060 2310 1376 2366 elegantissimum
1395 2310 1693 2351 Corinthiorum
1714 2311 1914 2350 inventum
1932 2311 1970 2348 in
1998 2310 2075 2351 hoc
2096 2311 2209 2351 Getae
2237 2324 2399 2352 nummo

284 2368 524 2426 percussum,
553 2369 663 2423 cujus
681 2367 852 2422 lepidam
871 2368 1061 2422 originem
1079 2366 1281 2407 Vitruvius
1299 2365 1349 2406 ad
1368 2365 1562 2406 calathum
1578 2365 1617 2404 in
1636 2374 1893 2405 monumento
1908 2363 2079 2420 Virginis
2104 2365 2320 2406 Corinthiae
2343 2366 2402 2407 su-

286 2442 356 2482 pra
376 2425 543 2466 Acanthi
560 2425 728 2466 radicem
751 2423 920 2478 pofitum
933 2449 945 2469 ,
973 2422 1064 2462 folia
1083 2425 1122 2461 &
1142 2421 1349 2463 cauliculos
1367 2435 1488 2461 verno
1506 2432 1682 2474 tempore
1700 2419 2001 2474 profundentem
2022 2433 2200 2467 revocat,
2228 2425 2268 2461 &
2285 2433 2331 2461 ex
2349 2435 2402 2462 eo

287 2481 572 2524 Callimachum
590 2480 638 2520 ad
656 2480 697 2520 id
713 2479 908 2533 exemplar
922 2479 1122 2518 columnas
1140 2476 1245 2531 apud
1262 2476 1492 2517 Corinthios
1510 2476 1637 2517 fecifle
1653 2475 1769 2517 tradit
1785 2475 1845 2515 lib.
1863 2489 1897 2527 4.
1918 2488 2002 2530 cap.
2033 2490 2063 2516 1.
2102 2476 2200 2515 Tum
2220 2475 2402 2517 Callima-

287 2539 381 2578 chus
391 2565 403 2583 ‚
429 2539 496 2592 qui
503 2545 659 2590 propter
675 2534 901 2589 elegantiam
918 2530 1235 2586 &subtilitatem
1250 2534 1348 2572 arto's
1365 2546 1597 2579 marmoreae,
1624 2531 1672 2572 ab
1688 2531 1980 2582 Athenienfibus
1998 2531 2257 2571 Catatechnos
2260 2531 2400 2585 fuerat

286 2596 521 2639 nominatus,
542 2592 765 2644 praeteriens
781 2591 850 2629 hoc
865 2597 1168 2635 monumentum,
1197 2587 1477 2628 animadvertit
1501 2597 1583 2628 eum
1608 2586 1824 2633 calathum,
1854 2585 1901 2630 ὢ
1927 2588 2029 2626 circa
2042 2585 2228 2640 foliorum
2250 2585 2403 2638 nasten-

289 2659 365 2690 tem
384 2650 651 2693 teneritatem,
679 2644 958 2700 delectatusque
969 2658 1107 2698 genere
1119 2671 1132 2690 ,
1161 2642 1208 2687 &
1219 2643 1360 2697 formae
1378 2646 1578 2689 novitate,
1608 2642 1662 2683 ad
1674 2642 1720 2682 id
1736 2642 1924 2696 exemplar
1937 2641 2129 2682 columnas
2153 2641 2257 2696 apud
2270 2643 2402 2683 Corin-

287 2706 389 2747 thios
399 2703 504 2758 fecit
515 2730 526 2749 ‚
542 2700 853 2755 flmmetriafque
870 2700 1087 2752 constituit,
1116 2713 1165 2740 ex
1181 2712 1292 2753 eoque
1306 2701 1347 2740 in
1364 2709 1511 2753 operum
1522 2697 1822 2754 perfeetionibus
1837 2697 2031 2738 Corinthii
2040 2700 2193 2752 generis
2210 2697 2403 2750 dssribuit

288 2762 466 2801 rationes.
496 2758 702 2799 Columnis
719 2757 851 2797 addita
868 2756 954 2796 sunt
971 2770 1044 2808 pro
1063 2767 1293 2795 ornamento
1308 2754 1474 2808 capitula
1492 2754 1556 2794 seu
1576 2753 1748 2809 epistylia
1768 2764 1853 2807 quae
1878 2754 1922 2793 iis
1947 2753 2333 2807 superimponuntur,
2363 2755 2404 2793 &

286 2816 394 2857 bases
415 2814 491 2854 sive
512 2813 618 2866 spirae
634 2827 721 2867 quae
741 2811 830 2865 ipsis
850 2811 1130 2866 supponuntur.
1160 2811 1305 2850 Plinius
1321 2811 1442 2864 prima
1459 2810 1650 2856 ,columnis
1666 2809 1840 2862 capitella
1859 2807 2000 2863 Ephesi
2021 2807 2171 2861 adjesta
2189 2819 2313 2849 narrat
2333 2807 2398 2849 lib.

291 2877 353 2927 36.
369 2884 453 2924 cap.
477 2883 495 2908 2
506 2883 541 2923 3.
570 2869 619 2908 In
638 2867 807 2923 Ephefiae
825 2867 976 2907 Dianae
996 2867 1074 2907 aede
1086 2893 1098 2912 ,
1121 2865 1286 2919 primum
1302 2864 1798 2920 colurnnt‘sspiraefitbditae,
1828 2860 1876 2907 ὅ)
1894 2863 2063 2918 capitula
2085 2863 2232 2903 addita.
2275 2863 2401 2904 Belle-

287 2928 445 2982 rophon
463 2925 662 2965 decertans
680 2937 769 2964 cum
786 2923 1002 2970 Chimaera,
1029 2921 1081 2962 ad
1098 2919 1201 2961 urbis
1222 2921 1490 2975 antiquitatem
1518 2919 1794 2976 designandam
1821 2919 2016 2974 percussus
2039 2919 2216 2967 videtur,
2243 2918 2294 2960 de
2319 2924 2403 2974 quo'

288 2981 458 3026 abunde.

343 3061 429 3103 Hic
444 3072 616 3102 nummus
631 3058 796 3099 minimae
804 3056 943 3111 formae
953 3084 965 3104 ,
992 3056 1034 3095 in
1051 3052 1241 3106 Thesauro
1257 3053 1378 3109 Regio
1387 3080 1400 3100 ,
1429 3052 1630 3104 rarzffimus
1646 3053 1709 3104 est.

1032 3154 1664 3200 HELIOPOLIS.

290 3731 448 3770 'GETA
480 3737 709 3766 CAESAR.
738 3725 870 3779 Caput
890 3723 1003 3764 Getae
1024 3722 1102 3763 fine
1122 3721 1262 3763 laurea.¹
2056 3768 2063 3775 .
2095 3775 2097 3777 ι
2266 3768 2274 3777 ·

359 3795 420 3821 co
435 3797 472 3821 L.
502 3794 616 3820 HEL.
646 3779 800 3819 Colonia
818 3778 1039 3833 Heliopolis.
1070 3778 1204 3831 Caput
1232 3774 1406 3818 turritum
1429 3776 1470 3813 δε
1494 3771 1685 3818 velatum,
1712 3779 1819 3824 pone
1845 3767 1956 3823 quod
1972 3768 2065 3811 lauri
2087 3779 2235 3817 ramus,
2261 3779 2302 3810 m
2321 3767 2404 3809 alus

413 3835 667 3888 cornucopiae.

354 3913 575 3968 Heliopolis
596 3912 686 3953 urbs
712 3909 943 3965 Caelessuiae,
968 3910 1138 3953 Colonia
1163 3911 1184 3951 a
1200 3909 1308 3963 Julio
1334 3906 1484 3951 Caesare
1507 3904 1731 3953 constituta,
1759 3907 1799 3945 &
1824 3903 2028 3947 veteranis
2052 3902 2101 3946 ab
2126 3898 2408 4012 Augiugtgtgg:
