2491 4219
878 138 1524 189 GALLIENUS.
2153 151 2260 199 239

138 207 307 258 stonibus
323 208 542 260 vexaffi’nt‚
573 208 620 252 ἔγ
639 210 679 248 in
701 208 779 248 ilsis
795 210 907 262 paria
925 207 1164 262 dfignaffc’72t
1181 229 1198 256 ,a
1225 209 1261 247 C
1248 211 1411 259 yzicum
1418 211 1574 261 petiere.
1602 206 1678 247 Sed
1702 221 1781 247 non
1806 206 1928 246 modo
1944 206 2091 246 barbari
2106 206 2254 247 Roma-

149 277 242 302 num
261 264 469 316 Imperium
487 267 521 303 in
529 264 726 310 festarum,
748 265 826 303 imo
845 263 996 316 plurimi
1011 264 1182 318 Tyranni
1196 264 1235 302 in
1250 263 1453 317 provinciis
1469 264 1725 316 Imperatores
1739 262 1918 316 appellati
1933 262 2025 301 illud
2042 261 2250 302 turbarunt.

151 318 322 358 Victoria
341 321 362 358 a
380 321 548 359 vinstura
564 321 662 359 dicta
680 321 754 364 est,
787 320 877 359 teste
900 319 1084 360 Varrone.
1122 319 1249 358 Tellus
1264 322 1363 358 enim
1379 318 1481 373 qnod
1493 321 1618 373 prima
1634 318 1768 357 vinc'i‘a
1783 317 1892 365 caelo,
1920 317 2093 357 Vifft'oria
2109 330 2159 357 ex
2178 331 2217 357 eo
2235 331 2248 356 :

150 373 198 417 ὠ
214 376 294 413 ideo
312 376 391 414 haec
409 371 456 417 (jv
467 377 616 427 palma,
648 374 749 428 quod
763 389 895 414 corona
913 376 1109 415 vinculum
1125 376 1284 428 capitis,
1314 371 1360 416 ό
1378 373 1459 426 ipsa
1477 374 1501 413 d
1514 374 1694 414 vincJura
1709 372 1860 413 dicitur.

201 453 285 493 Hic
304 466 475 493 nummus
494 452 688 492 mediocris
705 453 845 493 modali
865 454 965 494 inter
983 457 1143 493 rariores
1165 451 1404 505 reponendus.

143 1169 210 1198 1M
225 1172 258 1196 Ρ.
293 1170 327 1196 P.
357 1171 383 1196 L
399 1170 410 1195 ι
424 1171 458 1196 c.
491 1172 516 1197 G
533 1171 554 1197 A
572 1171 597 1196 L
612 1171 635 1196 L
649 1169 664 1195 1
678 1171 701 1196 E
714 1169 745 1196 N
758 1169 785 1194 v
799 1169 817 1194 s
851 1170 878 1195 A
896 1170 917 1195 ν
932 1169 969 1195 G.
998 1156 1132 1211 Caput
1148 1157 1315 1198 Gallieni
1331 1158 1552 1199 laureatum.

201 1228 259 1253 co
272 1227 305 1253 L.
339 1226 352 1250 1
366 1226 391 1250 v
406 1227 441 1251 L.
476 1227 501 1252 A
515 1228 540 1251 v
555 1228 592 1252 G.
626 1226 648 1251 Ρ
664 1226 685 1251 Ε
701 1227 735 1252 L.
767 1225 789 1251 Β
802 1225 824 1250 E
835 1225 876 1252 R.
906 1211 1062 1251 Colonia
1077 1211 1196 1264 Julia
1213 1214 1386 1269 Augusta
1404 1213 1516 1253 Felix
1532 1212 1749 1264 Berytensis.
1781 1213 1922 1269 Figura
1940 1213 2134 1255 muliebris
2148 1219 2252 1258 tutu-⁴

255 1268 328 1307 lam
348 1268 466 1313 stans,
495 1269 588 1308 dctzt
618 1267 826 1321 scipionem
842 1267 880 1306 in
905 1281 1057 1307 crucem
1077 1268 1346 1316 efformatum,
1377 1268 1517 1309 sinistra
1543 1268 1804 1317 acrostolium‚
1833 1271 1873 1310 in
1899 1268 1978 1310 aliis
2004 1271 2105 1324 pede
2129 1285 2252 1324 prorae

254 1323 437 1378 impolito
455 1339 463 1362 ε
492 1329 514 1362 a
532 1323 682 1363 sinistris
700 1322 872 1364 Vistoria
891 1323 1080 1362 columnae
1099 1323 1277 1377 impofita
1294 1326 1329 1364 ei
1346 1339 1530 1365 coronam
1552 1325 1724 1380 porrigit.

198 1402 361 1455 Berytus
382 1402 469 1442 urbs
487 1402 540 1442 cst
559 1401 782 1442 &Colonia
798 1400 1028 1448 Phoeniciae‚
1056 1413 1175 1455 quam
1192 1401 1362 1442 Nonnus
1380 1402 1540 1457 Dionys.
1555 1402 1616 1443 lib.
1634 1415 1697 1455 41.
1717 1402 1893 1443 omnium
1907 1401 2061 1444 urbium
2077 1403 2257 1459 antiquis·

140 1457 276 1498 finiam
293 1458 417 1499 tradit.

428 1513 631 1559 Πξωπφοωῆς
646 1539 654 1551 ,
681 1515 800 1553 may&-
817 1511 958 1557 ὅμέπηρε
976 1536 986 1551 ,
1017 1512 1154 1559 σιῖνὲξονε-
1175 1511 1292 1558 rbem,

427 1563 567 1600 “l-'mna
586 1573 767 1615 qoparens
783 1575 867 1600 cum
885 1561 1089 1610 aevoszmul
1098 1562 1187 1609 fata
1199 1588 1211 1607 ,
1239 1564 1282 1601 in
1298 1561 1435 1617 (equali
1448 1561 1680 1614 sedefhdens
1698 1576 1782 1603 eum
1802 1561 1948 1602 mundo.

139 1618 342 1658 Nummos
360 1616 532 1670 plurimis
548 1616 598 1656 de
615 1616 735 1656 caufis
753 1617 932 1656 Gallieno
950 1616 1164 1670 percussiffe
1180 1617 1333 1657 videtur
1350 1644 1361 1663 ‚
1390 1617 1454 1657 sed
1469 1617 1706 1672 potissimum
1726 1618 1775 1658 ad
1793 1617 2129 1658 demonstrandam
2146 1618 2251 1661 suam

138 1688 228 1727 erga
247 1673 370 1725 ipsum
389 1684 614 1725 perpetuam
635 1672 762 1711 fidem.
807 1672 951 1712 Mulier
966 1667 1027 1711 illa
1046 1673 1196 1712 Astarte
1216 1673 1270 1713 est
1288 1671 1353 1712 seu
1371 1673 1507 1714 Venus
1524 1700 1535 1719 ‚
1563 1673 1669 1714 solita
1688 1673 1818 1728 Beryti
1842 1673 2009 1714 tutelaris
2027 1674 2137 1722 Dea,
2165 1688 2254 1729 quae

138 1729 190 1769 de
207 1727 282 1767 filia
300 1727 443 1767 Beroes
458 1727 618 1766 nominc
635 1727 769 1766 urbem
786 1727 936 1768 Beroen
955 1728 1182 1782 appellavit,
1210 1728 1305 1769 teste
1322 1729 1462 1770 eodem
1480 1729 1647 1769 Nonno.

456 1782 511 1817 Kal
523 1782 617 1825 Βερὲης
635 1779 779 1825 μῖζυὲιιινεν
796 1781 942 1828 ἐπώνυμον
957 1785 1012 1821 σῖςυ
1026 1784 1185 1829 χοιξῇἕξοις.

455 1830 513 1869 Et
531 1830 855 1881 Beroesstudebat
871 1832 1000 1878 urbem
1020 1834 1272 1886 cognominem
1274 1832 1436 1887 szgnare.

138 1887 265 1927 Beroe
282 1884 424 1925 deinde
443 1887 463 1924 21
482 1885 671 1926 Romanis
683 1913 695 1932 ‚
726 1887 931 1941 postquam
947 1887 998 1934 illi
1015 1888 1161 1941 Syriam
1179 1889 1217 1928 in
1235 1889 1473 1943 provinciam
1491 1888 1723 1943 redegerunt
1738 1916 1750 1935 ,
1782 1889 1946 1941 Berytus
1961 1887 2062 1928 dieta
2078 1888 2144 1929 est.
2184 1889 2253 1929 Ad

138 1943 239 1983 hanc
262 1954 389 1981 autem
415 1941 546 1981 urbem
576 1943 771 1996 pertinent
799 1942 880 1982 duo
904 1946 1053 1983 nummi
1077 1943 1176 1984 inter
1192 1945 1359 1985 incertos
1378 1946 1400 1984 a
1417 1944 1680 1985 Mediobarbo
1697 1945 1851 1999 relegati
1868 1958 1953 1999 pag.
1975 1947 2065 1993 879.
2096 1945 2189 1984 alter
2205 1959 2254 1986 ex

137 1999 282 2039 Erizzo
293 2025 303 2043 ‚
333 1997 425 2036 alter
442 2010 489 2036 ex
509 1997 667 2038 Laevino
684 1997 826 2039 Hulfio
842 1999 1112 2053 depromptus.
1147 2000 1212 2040 De
1224 2000 1394 2041 Astartes
1411 2000 1601 2041 attributis
1617 2015 1662 2041 ac
1679 2001 1729 2041 de
1742 2000 1937 2046 Viilcoria,
1966 2000 2056 2041 vide
2072 2013 2160 2054 quae
2175 2001 2255 2055 pas-

138 2053 208 2094 fim
225 2053 274 2093 de
295 2054 339 2092 iis
357 2052 536 2093 diximus.

192 2131 277 2173 Hic
293 2145 464 2173 nummus
472 2133 607 2186 primae
623 2130 856 2183 &ficundae
862 2131 1006 2184 formae
1022 2135 1188 2173 occurrit
1200 2160 1212 2180 ,
1228 2133 1448 2187 fidprimae
1459 2142 1530 2185 pro
1545 2146 1630 2172 raro
1645 2131 1852 2173 habendus.

134 2837 151 2865 1
162 2835 197 2861 M
212 2837 246 2862 Ρ.
278 2835 305 2861 G
319 2835 344 2860 A
361 2835 385 2861 1,
398 2835 422 2860 L
435 2834 450 2860 1
462 2834 486 2859 E
500 2833 529 2860 N
542 2834 568 2859 v
584 2833 603 2859 s
637 2833 658 2859 P
671 2833 686 2859 1
698 2833 725 2859 v
739 2833 758 2859 s
790 2833 819 2858 A
833 2832 860 2858 v
872 2833 913 2859 G.
944 2818 1079 2873 Caput
1099 2817 1267 2859 Gallieni
1285 2818 1510 2860 laureatum.

189 2891 254 2918 PR
268 2892 294 2917 o
308 2891 333 2916 v
348 2892 361 2916 1
374 2890 403 2916 N
418 2890 466 2916 c1
479 2890 504 2915 A
538 2890 564 2915 D
581 2889 605 2914 A
621 2890 643 2915 c
656 2889 669 2915 1
686 2890 725 2915 A.
757 2874 802 2915 In
818 2875 900 2916 imo
931 2889 1012 2915 A-N.
1045 2888 1070 2914 v
1086 2888 1101 2914 1
1121 2888 1154 2914 1.
1183 2874 1482 2929 Annofi’ptimo.
1521 2873 1666 2915 Mulier
1691 2875 1791 2917 stans
1813 2877 1950 2919 vestitu
1967 2878 2094 2934 patrio
2113 2889 2248 2927 ornata

245 2947 332 2974 cum
357 2932 563 2988 galericulo
587 2932 626 2971 in
652 2929 798 2984 capite,
827 2943 989 2984 utraque
1013 2929 1162 2986 fignum
1185 2930 1365 2977 militare,
1392 2930 1431 2971 in
1451 2944 1623 2985 quorum
1638 2929 1846 2974 dexteriori
1860 2943 1953 2974 nota
1974 2928 2267 2982 v.s1nisteriori'

245 2991 338 3029 vero
365 3003 389 3029 x
406 3003 421 3028 1
440 3002 455 3028 1
477 3002 506 3027 1.
535 3001 607 3042 pro
635 2986 799 3041 pedibus
820 2986 912 3027 hinc
929 2983 1073 3041 Aquila
1091 2986 1212 3027 rostro
1234 3000 1439 3033 coronam,
1468 2986 1561 3027 inde
1578 2986 1671 3040 Leo.
2230 2987 2234 2990 ’

185 3069 308 3109 Dacia
322 3068 518 3122 provincia
535 3067 717 3107 Romana
733 3064 923 3106 notissima
933 3092 945 3111 ‚
974 3066 995 3105 Ξι
1011 3065 1184 3118 Trajano
1200 3065 1330 3105 addita
1345 3065 1536 3118 Imperio,
1565 3061 1745 3108 nummos
1764 3067 1903 3108 Graece
1920 3078 1964 3109 ut
1978 3068 2059 3109 aliae
2075 3070 2158 3123 ejus
2170 3077 2246 3114 tra-'

130 3126 213 3165 ssus
230 3124 457 3178 provinciae,
488 3122 646 3162 scribere
660 3121 785 3168 solita,
815 3135 884 3162 eos
900 3121 972 3160 sub‘
983 3121 1166 3175 Philippo
1182 3121 1319 3161 Latine:
1334 3134 1486 3162 exarare
1503 3122 1644 3175 coepit,
1672 3122 1804 3164 addita
1818 3124 1907 3178 ipsis
1921 3138 2111 3166 annorum
2129 3130 2244 3177 nota,

128 3194 215 3220 eam
238 3180 327 3219 ideo
344 3179 521 3225 liberam,
549 3178 697 3229 &juris
716 3177 837 3218 Italici
852 3177 1076 3231 participem
1097 3176 1145 3216 ab
1162 3175 1240 3216 hoc
1253 3176 1492 3231 Imperatore
1508 3177 1648 3218 fastam
1673 3181 1848 3234 augurati
1870 3179 2018 3226 sumus,
2046 3181 2157 3234 cujus
2175 3184 2241 3225 be-

129 3235 255 3277 neficii
273 3248 421 3274 memor
437 3248 561 3274 annos
580 3236 628 3274 ab
648 3233 724 3274 hoc
741 3242 917 3286 tempore
941 3232 1204 3286 computavit:
1232 3244 1272 3273 at
1290 3246 1380 3272 cum
1405 3247 1436 3273 1.
1463 3247 1478 3273 1
1498 3248 1530 3273 1.
1551 3237 1590 3273 &
1617 3247 1634 3273 1
1653 3247 1668 3273 1
1688 3248 1720 3274 1.
1740 3236 1891 3276 tantum
1906 3236 1946 3276 in
1970 3236 2241 3292 Philipporum

129 3292 299 3332 nummis
323 3290 544 3346 figuraverit,
572 3290 611 3329 id
634 3290 682 3329 ab
708 3289 785 3330 hoc
813 3289 1051 3343 Imperatore
1078 3287 1221 3329 fafifflm
1245 3302 1348 3329 anno
1374 3288 1490 3343 ipfius
1512 3289 1668 3344 Imperii
1692 3301 1852 3343 quarto,
1881 3293 1921 3330 ὃς
1938 3291 2000 3332 U.
2033 3292 2082 3332 C.
2118 3307 2238 3336 1000.

129 3348 445 3392 existimavimus,
473 3345 500 3385 fi
518 3345 677 3399 quidem
693 3345 755 3384 ille
772 3359 831 3384 an.
854 3345 906 3384 U.
924 3343 978 3383 C:
997 3357 1111 3384 1002.
1129 3345 1273 3385 occisus
1288 3343 1364 3391 est,
1392 3345 1514 3385 Dacia
1527 3357 1657 3386 autem
1670 3359 1793 3386 annos
1811 3360 1897 3386 1111.
1916 3349 1956 3387 &
1970 3360 2004 3386 v.
2025 3347 2094 3388 sub
2111 3349 2238 3391 Decio

128 3404 256 3449 cudit,
284 3403 391 3442 annis
412 3402 463 3440 U.
482 3401 530 3440 C.
555 3407 668 3454 1003.
681 3404 719 3439 δε
741 3413 856 3451 1004.
875 3399 1173 3452 respondentes,
1199 3401 1242 3440 irr
1255 3413 1337 3454 quo
1354 3401 1492 3442 ultimo
1509 3401 1656 3442 Decius
1672 3403 1785 3456 periit
1803 3401 1971 3443 :deinde
1987 3409 2110 3445 annos
2129 3419 2184 3444 v1.
2196 3408 2237 3447 ὃς

130 3472 181 3498 vx
195 3473 225 3499 1.
248 3459 315 3498 sub
333 3457 449 3497 Treb.
472 3456 587 3496 Gallo
607 3456 755 3496 notavit
771 3455 878 3495 annis
899 3456 949 3495 U.
971 3455 1020 3495 C.
1045 3468 1163 3507 1005.
1185 3459 1227 3503 8(
1246 3461 1357 3497 1006.
1375 3468 1653 3513 congruentes,
1680 3472 1763 3512 quo
1781 3457 1917 3498 ultimo
1936 3458 2072 3500 Gallus
2086 3459 2234 3500 occisus

69 3559 72 3561 ¹
127 3514 202 3553 est:
229 3527 268 3554 at
285 3515 374 3553 cum
391 3513 511 3552 Dacia
529 3512 670 3552 eodem
687 3526 768 3551 aerae
786 3511 858 3551 suae
872 3525 975 3550 anno
993 3525 1038 3552 v1
1051 3525 1083 3550 1.
1102 3511 1282 3553 nummos
1299 3511 1539 3559 Hostiliam,
1570 3513 1707 3560 Gallo,
1735 3512 1949 3555 AEmiliano
1961 3542 1973 3562 ‚
1996 3517 2035 3555 &
2052 3515 2231 3556 Gallieno

127 3570 364 3622 percusserit,
392 3568 432 3607 id
449 3567 592 3608 indicat
608 3581 674 3607 eos
692 3581 828 3607 omnes
845 3567 921 3606 hoc
939 3580 1042 3606 anno
1059 3567 1278 3621 imperante,
1295 3567 1553 3608 Hostilianum
1569 3582 1709 3623 nempe
1725 3569 1883 3611 ineunte
1899 3569 2014 3624 hujus
2031 3584 2110 3610 aerae
2126 3584 2233 3612 anno

125 3636 322 3664 mortuum
334 3651 346 3669 ‚
375 3623 531 3663 Gallum
549 3623 633 3675 post
653 3623 801 3676 aliquot
821 3621 968 3663 menses
985 3621 1173 3669 occisum,
1199 3623 1452 3664 AEmilianum
1470 3625 1560 3679 post
1577 3625 1670 3665 alios
1688 3638 1762 3666 tres
1778 3625 2042 3672 interfeifflm,
2061 3625 2230 3666 Valeria-

125 3693 217 3718 num
235 3678 405 3731 denique
422 3683 461 3718 &
478 3679 697 3718 Gallienum
724 3678 786 3717 illo
810 3689 976 3717 exeunte
1001 3677 1258 3732 Imperatores
1281 3678 1388 3720 fuisse
1411 3681 1633 3735 appellatos.
1673 3681 1818 3723 Mulier
1832 3681 2072 3723 Provinciam
2088 3695 2228 3736 reprae-

124 3736 265 3779 lentat,
294 3735 436 3787 Aquila
453 3734 608 3788 Imperii
626 3733 798 3773 Romani
813 3733 1029 3787 symbolum
1046 3733 1122 3781 est,
1151 3746 1195 3775 ut
1213 3735 1296 3776 Leo
1313 3736 1518 3789 provincia:
1534 3736 1693 3791 insigne.

177 3811 260 3851 Hic
277 3825 450 3852 nummus
467 3811 822 3864 mediocris-formae,
849 3812 890 3850 in
906 3808 1095 3863 Thesauro
1111 3812 1231 3866 Regio
1246 3815 1346 3853 inter
1363 3815 1520 3855 rariores
1535 3814 1774 3868 reponendus.
1805 3815 1978 3855 ‘Patinus
1991 3814 2154 3855 alterum
2170 3818 2228 3868 ty-'

113 3878 207 3922 pum
222 3878 313 3920 paq.
330 3880 424 3920 411.
449 3867 596 3920 profert
609 3887 623 3912 ,-
650 3867 728 3919 fid
743 3867 830 3907 ciam
849 3880 883 3906 u
902 3880 1084 3908 annorum
1106 3876 1217 3908 notas
1241 3882 1313 3910 non
1336 3868 1515 3910 exhibeat
1531 3897 1544 3917 ‚
1580 3884 1630 3910 an
1652 3870 1707 3911 ad
1729 3885 1754 3912 v
1769 3885 1783 3910 1
1803 3884 1832 3909 1.
1860 3883 1927 3909 nec
1949 3883 1995 3911 ne
2006 3873 2226 3924 pertineat,

121 3931 325 3982 {gneratum
