2491 4219
768 81 1050 130 TREB.
1138 85 1561 134 GALLUS.
2149 113 2242 152 217

195 141 326 196 Tyros
343 141 513 184 Colonia
531 148 569 185 ὃς
586 146 822 200 Metropolis
837 147 1067 195 Phoeniciae,
1096 150 1146 189 de
1161 165 1236 205 qua
1255 152 1387 206 passim
1407 153 1551 193 dietum
1570 154 1624 195 est
1638 181 1650 200 ,
1677 169 1858 196 nummos
1875 157 1915 196 in
1929 158 2033 197 Galli
2053 159 2245 201 honorem

140 198 284 237 cudiss‘e
303 199 475 246 videtur,
503 200 693 254 Syriarum
714 202 968 243 Coloniarum
985 205 1163 259 exemplo
1178 233 1191 253 ,
1221 220 1264 246 ut
1280 209 1328 246 ab
1349 221 1397 247 eo
1417 209 1594 248 auxilium
1613 223 1744 250 contra
1761 211 1886 251 Persas
1900 212 2063 264 ipsarum
2084 215 2240 254 urbibus

140 251 383 294 imminentes
397 254 473 294 hoc
492 255 666 310 obsequii
682 270 938 298 monumento
954 260 1172 312 postularet.
1207 262 1397 301 Hercules
1411 262 1553 315 Tyrius
1568 263 1642 307 est,
1671 265 1779 317 cujus
1797 267 1969 306 meminit
1985 267 2183 308 Pausanias
2196 270 2238 309 in

140 308 277 348 Eliacis
298 322 334 361 p.
357 322 448 361 339.
480 321 579 348 umam
595 316 614 360 ⁴5
631 320 662 350 ὸν
681 315 771 360 Θάσῳ
788 339 798 355 ,
824 317 844 349 ÷
859 318 946 351 αὐπὶγ
967 323 1049 359 σφᾶς
1065 323 1212 363 nepam
1226 346 1235 357 ,,
1261 318 1288 352 ἓν
1305 322 1328 368 ,ᾖ
1347 319 1449 359 τάμοι
1466 320 1604 361 ε-έὲεῼται.
1645 319 1704 358 Et
1722 319 1838 370 Thast
1845 320 1994 375 quidem
2009 321 2146 360 audivi
2163 322 2236 367 Ty-

136 366 236 404 rium
252 363 320 415 effe
337 364 541 405 Herculem
551 394 562 413 ,
579 383 688 422 quem
704 367 828 417 Thaffi
841 370 887 408 ab
902 372 1014 410 initio
1034 370 1148 423 effi’nt
1164 374 1346 411 venerati.
1381 372 1501 412 Petra:
1518 375 1556 413 in
1572 375 1712 414 vertice
1727 376 1873 414 nummi
1884 375 2094 415 Ambrofiae
2107 368 2237 422 diffie,

137 420 189 460 ad
204 419 391 473 originem
409 421 511 461 urbis
530 422 720 475 spestant,
746 422 857 477 super
874 439 970 478 quas
992 425 1080 465 urbs
1099 427 1256 467 condita
1272 427 1325 466 ess
1346 427 1524 468 Herculis
1543 429 1693 469 monitu
1710 455 1722 475 ,
1751 441 1793 470 ut
1812 443 1934 471 narrat
1953 429 2124 471 Nonnus
2140 431 2237 471 Dio-

137 475 217 529 nys]
235 474 298 514 lib.
315 488 382 527 40.

630 533 747 575 Πῆξοιπ
764 534 803 574 dL'
816 534 997 579 οἰμφοτέραις
1012 534 1190 579 ὲῖἆ-,κειῖμῇον
1206 535 1259 574 ἅςυ
1277 535 1435 570 Κολώναις.

629 580 756 634 Figite
770 582 858 621 verb
876 581 1043 636 utrg'fque
1054 584 1328 623 incumbentem
1344 584 1469 623 urbem
1487 584 1647 638 rupibus.

134 644 395 698 Conchylium
407 673 419 693 ‚
446 645 544 703 Tyri
559 646 706 703 infigne
723 648 777 688 est
795 648 848 688 ob
863 662 1070 704 purpuram
1087 650 1126 688 in
1142 663 1187 689 ea
1206 651 1303 690 urbe'
1318 650 1483 690 maxime
1501 651 1738 709 celebratam.

187 731 272 774 Hic
286 745 458 774 nummus
470 734 627 792 majoris
644 733 784 775 moduli
798 736 900 776 inter
918 734 1080 777 rariores
1097 734 1346 777 collocandus.

181 1388 293 1414 con.
327 1389 350 1413 T
364 1388 388 1414 Υ
404 1388 431 1414 a
446 1388 485 1414 o.
518 1388 588 1415 ME
602 1387 748 1415 TROP.
779 1373 934 1414 Colonia
959 1373 1073 1426 Tyros
1097 1376 1332 1430 ,Μετνοροίιέςι
1373 1380 1521 1419 Astarte
1547 1378 1588 1418 in
1612 1380 1760 1433 templo
1782 1378 1843 1417 sex
1868 1377 2132 1418 columnarum
2155 1390 2234 1420 tro-

236 1430 352 1483 phaeo
370 1430 542 1470 dextram
558 1430 744 1484 imponit,
772 1429 864 1469 laeva
884 1430 1104 1484 scipionem.
1134 1432 1307 1473 Vi&oria
1324 1434 1513 1474 columnae
1529 1433 1706 1488 impofita
1729 1434 1765 1475 ei
1785 1447 1970 1474 coronam
1982 1434 2165 1490 porrigit,
2191 1434 2233 1477 in

179 1482 183 1487 ’
234 1486 317 1525 imo
336 1486 426 1526 hinc
441 1486 608 1533 Silenus,
637 1485 729 1525 inde
745 1485 1001 1539 conchylium.

179 1563 330 1602 Astarte
349 1563 412 1602 seu
433 1564 568 1604 Venus
585 1562 763 1603 Coelestis
777 1562 875 1616 Tyri
894 1564 995 1604 culta
1011 1565 1087 1611 est,
1114 1577 1158 1605 ut
1174 1566 1363 1608 denotant
1379 1567 1598 1623 frequentes
1615 1568 1698 1621 ejus
1716 1568 1756 1609 in
1780 1567 1896 1622 ipfius
1920 1567 2099 1609 Coloniae
2117 1569 2231 1610 numss

123 1617 196 1657 mis
211 1619 425 1672 imagines;
455 1619 505 1658 de
521 1619 581 1657 illa
601 1618 774 1671 loquitur
790 1619 932 1658 Cicero
948 1619 997 1658 de
1015 1619 1110 1660 Nat.
1135 1621 1252 1661 Deor.
1276 1623 1338 1661 lib.
1363 1637 1397 1675 3.
1427 1628 1609 1679 Qarta,
1639 1623 1796 1669 Venus,
1825 1623 1932 1675 Syria
1956 1623 2116 1678 Syroque
2141 1639 2228 1664 con-

121 1681 250 1725 cepta,
278 1685 361 1727 quae
381 1673 538 1724 Astarte
556 1682 730 1713 vocatur.
760 1673 966 1714 Hiramum
991 1675 1145 1728 Regem
1165 1677 1262 1717 illius
1289 1678 1474 1731 templum
1501 1679 1713 1719 condidisse
1739 1691 1862 1718 narrat
1884 1678 2070 1732 Jose'phus
2093 1692 2227 1721 contra

121 1729 199 1781 Ap.
220 1727 279 1767 lib.
305 1741 336 1768 1.
356 1742 394 1782 p.
422 1742 538 1781 1043.
569 1733 639 1767 τόπ
653 1732 675 1771 Ξ
692 1736 849 1778 Ηςςικλὲες
865 1737 887 1785 ²}
907 1735 934 1769 τις
952 1735 1075 1782 affigam
1089 1734 1220 1779 visto&
1235 1737 1404 1781 οἱνιέρὼστν.
1444 1730 1695 1789 Herculisque
1712 1732 1759 1777 (ῥ’
1777 1733 2063 1787 Astartesfana
2078 1736 2227 1775 dedica-

120 1785 193 1822 vit.
229 1783 377 1822 Astarte
395 1797 552 1824 manum
570 1784 747 1838 trophaeo
762 1786 946 1841 imponit,
978 1789 1030 1827 ob
1050 1789 1236 1829 Colonias
1255 1790 1276 1828 a
1303 1789 1431 1844 Tyriis
1450 1789 1566 1843 ipsius
1588 1789 1757 1843 auspicio
1782 1789 1820 1828 in
1846 1790 2076 1843 longinquas
2099 1800 2228 1843 partes

117 1837 494 1934 ἀεξηὲῗιεᾞὸἰικτηυε
512 1855 584 1895 pro
598 1840 762 1896 pedibus
780 1842 897 1889 Deae,
925 1842 981 1884 sui
998 1844 1112 1884 etiam
1133 1844 1279 1884 cultum
1304 1844 1402 1899 Tyri
1424 1846 1596 1893 indicat,
1624 1844 1890 1901 conchylium,
1917 1856 2146 1900 perpetuum
2170 1844 2225 1886 est

119 1905 165 1935 ur
192 1908 223 1934 1s
259 1908 320 1948 ym
351 1908 468 1935 oum.

172 1973 256 2016 Hic
273 1987 445 2015 nummus
454 1976 589 2031 primae
604 1975 901 2031 magnitudinis,
919 1986 992 2030 pro
1009 1991 1094 2018 raro
1109 1976 1317 2018 habendus.

167 2570 192 2595 c
203 2569 228 2594 o
240 2567 275 2594 1..
307 2567 330 2593 τ
345 2567 369 2592 Y
385 2566 414 2593 R
425 2567 465 2592 o.
498 2566 534 2592 M
548 2567 572 2592 E
586 2565 610 2592 τ
624 2565 654 2592 R
665 2565 690 2592 o
704 2565 738 2591 P.
767 2550 923 2592 Colonia
941 2551 1057 2598 Tyros
1072 2551 1306 2606 Metropolis.
1336 2551 1476 2606 Figura
1497 2551 1643 2606 galeata
1662 2551 1796 2592 sedens
1806 2580 1818 2598 ,
1848 2552 1983 2600 dextra
2011 2553 2219 2607 Aquilam,

221 2609 285 2650 cui
299 2609 396 2648 inter
411 2609 485 2648 alas
501 2607 684 2663 expansas
698 2607 885 2661 impofitae
902 2607 989 2649 sunt
1004 2607 1091 2649 duae
1105 2608 1310 2654 icunculae,
1337 2606 1479 2647 finistrzl
1493 2607 1637 2647 hastam
1655 2619 1779 2654 tenet,
1809 2622 1913 2662 pone
1930 2607 2092 2663 figuram
2107 2611 2217 2652 Con-

221 2664 270 2705 ch
299 2664 392 2704 lium
410 2664 451 2704 in
468 2678 565 2705 area.

163 2679 310 2783 Mulin
325 2742 385 2782 illa
401 2742 568 2797 galeata,
596 2742 727 2783 Roma
744 2741 819 2787 est,
849 2740 1031 2796 Aquilam
1049 2740 1206 2795 Imperii
1222 2740 1393 2782 Romani
1409 2753 1544 2795 gerens
1561 2761 1572 2786 ς
1600 2739 1690 2780 huic
1706 2740 1892 2793 impofitae
1909 2742 1995 2783 sunt
2009 2742 2095 2783 duae
2111 2743 2216 2784 icun-

107 2799 203 2839 culae
218 2798 376 2838 Gallum
394 2802 431 2837 &
450 2797 724 2844 Volusianum,
753 2797 822 2850 qui
839 2796 1009 2849 Imperio
1032 2807 1238 2851 praeerant,
1268 2796 1504 2836 exhibentes.
1540 2795 1670 2848 Tyrus
1688 2809 1815 2836 autem
1841 2797 1941 2837 hanc
1959 2798 2079 2838 Orbis
2098 2799 2217 2860 Regi-

89 2867 198 2897 ,nam
216 2853 411 2894 sedentem
427 2853 688 2907 repraesentat,
717 2852 835 2908 ipsam
856 2851 945 2892 falsa
965 2851 1134 2906 quadam
1158 2852 1224 2906 spe
1243 2852 1451 2897 deliniens,
1481 2851 1586 2905 quali
1612 2851 1680 2890 sub
1707 2852 1766 2891 his
1790 2852 1943 2893 duobus
1969 2852 2215 2907 Imperatori-

92 2911 182 2950 ‘bus
198 2907 392 2963 quiescere
407 2908 514 2963 posse
536 2908 747 2955 videretur,
777 2908 870 2948 dum
892 2920 1022 2948 tamen
1045 2908 1198 2947 Barbari
1217 2907 1391 2961 undique
1407 2907 1669 2953 imminerent,
1700 2907 1835 2947 &lues
1854 2919 1978 2948 totum
2002 2908 2213 2961 Imperium

108 2964 432 3018 depopularetur,
462 2964 556 3004 teste
579 2964 739 3005 Zofimo
757 2964 818 3003 lib.
846 2978 878 3003 1,
910 2968 992 3012 οὐχ’
1007 2965 1084 3006 ῧτἿον
1101 2966 1133 3000 δὲ
1148 2966 1170 3005 Ξ
1185 2965 1367 3012 πανταχθεν
1385 2965 1592 3012 ἐῖὲηζςιίοῑυκπς
1607 2969 1716 3012 maistas
1731 2990 1741 3006 ‚
1767 2969 1790 3016 »ᾗ
1807 2968 1822 3000 ὁ
1837 2967 1940 3013 λοιμδς
1955 2967 2055 3002 nimo-1¹
2067 2982 2096 3001 π
2113 2972 2136 3018 »ᾖ
2153 2968 2212 3002 κῶ-

106 3038 180 3070 μοας
195 3021 423 3068 Τπιψὸμᾶξυρι.
453 3018 541 3059 Nec
559 3021 682 3059 minus
703 3019 815 3065 bello,
842 3020 944 3074 quod
956 3020 1119 3075 undique
1128 3019 1375 3072 staturiendo
1395 3020 1503 3059 velut
1519 3019 1736 3071 emers2>rat‚
1764 3020 1842 3059 lues
1859 3022 1973 3060 etiam
1981 3021 2156 3075 pestilens
2170 3023 2214 3063 in

108 3074 252 3130 oppidis
267 3084 382 3129 atque
397 3077 498 3117 vicis
501 3075 751 3130 fitbst’quuta.
780 3075 912 3117 Roma
930 3076 1076 3116 hastam
1096 3088 1280 3130 tanquam
1299 3075 1446 3130 insigne
1462 3075 1568 3130 gerit.
1599 3075 1862 3131 Conchylium
1882 3077 1922 3116 in
1941 3091 2046 3125 area,
2073 3090 2212 3134 perpe·¹

109 3142 221 3171 tuum
237 3130 292 3170 est
304 3130 401 3184 Tyri
419 3131 522 3170 urbis
538 3130 764 3184 symbolum.

160 3207 246 3248 Hic
261 3207 781 3262 nummussbcundaefhrmae,
806 3210 848 3250 in
865 3207 986 3260 musb'o
1000 3208 1056 3251 R.
1072 3208 1127 3250 P.
1143 3209 1190 3249 de
1206 3207 1246 3250 la
1261 3208 1400 3260 Chaise
1408 3235 1421 3255 ,
1447 3209 1548 3252 inter
1562 3209 1721 3251 rariores
1735 3209 1985 3265 afficienda&

163 3776 273 3804 cor..
305 3776 330 3802 τ
344 3776 368 3802 Y
381 3777 459 3803 Ro.
490 3775 527 3801 M
540 3775 563 3800 E
579 3775 602 3801 1·
615 3774 645 3800 R
657 3775 682 3801 o
693 3773 728 3799 P.
768 3758 923 3799 Colonia
947 3758 1061 3802 Tyros
1080 3757 1312 3812 Illetropolis.
1351 3757 1447 3798 Duo
1468 3757 1633 3798 Athletae
1656 3756 1751 3818 nudi
1767 3757 1904 3798 stantes
1921 3756 2005 3798 vase
2023 3756 2201 3800 interme·

219 3818 307 3863 dio,
337 3829 501 3872 uterque
517 3816 693 3857 manibus
709 3814 853 3855 discum
869 3814 1043 3861 sustinet,
1072 3828 1118 3856 ex
1135 3829 1218 3869 quo
1234 3815 1368 3869 palmae
1384 3827 1508 3854 ramus
1526 3825 1698 3866 erumpit.

160 3897 264 3939 Tam.
295 3895 359 3935 II.
1356 3891 1389 3932 E
1406 3905 1428 3932 c
2045 3889 2212 3938 Plurima
