2491 4219
259 178 361 233 J144
893 177 1555 252 GORDI.ANUS
1625 184 1725 232 III.

1004 291 1057 332 D
1112 289 1153 334 E
1210 292 1644 363 ULzQM.

267 861 334 889 1M
347 863 384 890 P.
418 863 454 890 c.
483 863 533 890 M.
568 864 594 890 A
609 862 641 890 N
654 863 693 891 T.
725 863 751 891 G
764 863 790 891 o
805 864 836 892 R
847 865 874 892 D
885 864 901 891 1
915 865 941 891 A
956 864 985 891 N
999 866 1025 892 v
1039 866 1073 894 s.
1104 867 1132 893 A
1146 867 1174 894 v
1185 867 1224 894 G.
1255 853 1389 908 Caput
1411 854 1604 896 Gordiani
1624 855 1846 898 laureatum.

321 919 346 946 c
356 919 383 946 o
396 920 444 966 L..
468 921 491 946 F
507 920 545 946 L.
577 920 598 946 1>
612 921 638 945 A
652 921 688 946 c.
718 921 745 946 D
757 921 780 946 E
793 921 819 947 v
829 921 855 947 L
868 921 903 946 T.
935 907 1089 948 Colonia
1109 907 1252 951 Flavia
1269 909 1448 962 *Pacensts
1463 910 1680 952 Deultana.
1708 913 1804 954 Duo
1819 911 1944 953 Fluvii
1958 911 2250 962 decumbentes,
2277 915 2369 960 alter

375 961 536 1015 quidem
554 961 732 1002 barbatus
751 962 884 1003 dextra
900 963 1147 1011 arundinem,
1176 965 1268 1005 laevfi
1284 966 1549 1020 cornucopiae,
1578 982 1681 1008 urnae
1699 983 1818 1022 aquas
1831 969 2003 1010 vomenti
2018 970 2170 1017 innixo,
2199 971 2292 1012 alter
2305 987 2370 1013 au-

377 1027 457 1057 tem
473 1017 647 1057 muliebri
664 1017 812 1072 effigie,
841 1018 980 1059 dextra
995 1021 1109 1061 etiam
1128 1020 1378 1069 arundinem,
1405 1021 1502 1063 laevo
1518 1024 1648 1064 cubito
1672 1025 1812 1078 pariter
1836 1038 1941 1065 urnae
1959 1025 2104 1066 innixo.
2144 1029 2249 1068 Ante
2272 1027 2370 1084 figu-

378 1086 458 1113 ram
477 1073 612 1127 prioris
620 1080 645 1120 ,'
662 1075 770 1114 navis
784 1087 873 1114 cum
891 1074 988 1116 velo.

320 1149 511 1191 Deultum
531 1152 620 1192 urbs
637 1151 697 1192 est‘
712 1156 751 1193 ὃς
764 1153 933 1194 Colonia
951 1152 1150 1202 Thraciae,
1178 1154 1288 1203 cuius
1311 1154 1424 1197 fitum
1447 1170 1519 1197 nos
1541 1156 1680 1200 edocet
1704 1159 1856 1213 elegans
1871 1157 1934 1199 hic
1957 1159 2148 1201 Gordiani
2168 1163 2373 1208 nummus,

265 1204 316 1265 ad
330 1205 520 1260 Panysum
536 1207 676 1248 scilicet
691 1207 852 1249 fluvium
868 1210 909 1249 in
926 1210 1122 1250 Euxinum
1140 1225 1243 1252 mare
1259 1212 1358 1252 inter
1374 1212 1644 1254 Mesembriam
1668 1219 1707 1255 &
1731 1214 1922 1255 Odeffum
1938 1215 2188 1262 influentem,
2204 1216 2278 1258 ¹vel
2294 1231 2370 1272 po-

264 1270 340 1300 tius
358 1261 408 1301 ad
428 1262 563 1317 Panyfi
580 1277 669 1303 cum
685 1263 806 1304 altero
820 1279 934 1305 amne
950 1265 1217 1307 confluentem
1228 1294 1240 1314 ,
1269 1281 1439 1322 quorum
1454 1268 1547 1309 alter
1564 1270 1694 1310 urbem
1712 1270 1920 1317 interfluit,
1946 1271 2038 1312 alter
2055 1272 2148 1312 vcro
2162 1272 2284 1319 alluit,
2312 1273 2371 1314 iri-¹

264 1313 320 1355 fi‘a
336 1330 465 1359 autem
483 1319 701 1360 confluunt.
745 1320 848 1361 Alibi
871 1321 1032 1375 quidem
1061 1321 1227 1364 diximus
1250 1323 1392 1365 fluvios
1411 1325 1450 1364 in
1469 1338 1571 1365 mare
1587 1325 1782 1366 illabentes
1802 1340 1890 1366 cum
1909 1326 2042 1374 barba,
2071 1337 2254 1382 tanquam
2277 1327 2371 1369 alio·

264 1385 351 1414 rum
368 1386 495 1436 patres
510 1374 641 1431 effingi
658 1395 669 1422 ;
698 1375 791 1417 alios
810 1377 958 1417 veroin
978 1377 1071 1418 alios
1086 1377 1163 1431 sese
1179 1392 1453 1427 exonerantes,
1480 1381 1670 1421 imberbes
1688 1381 1953 1435 repraesentari.
1998 1382 2091 1436 Ejus
2109 1383 2231 1423 amnis
2243 1383 2283 1422 in
2298 1383 2370 1424 Pa·

263 1427 398 1482 nysum
415 1431 600 1472 illabentis
618 1445 762 1472 nomen
777 1433 882 1487 apud
900 1433 1162 1489 Geographos
1178 1449 1259 1475 non
1279 1436 1506 1476 invenimus.
1537 1436 1661 1477 Navis
1686 1451 1773 1478 cum
1791 1437 1900 1485 velo,
1928 1437 2180 1492 navigabilem
2199 1437 2274 1479 esti:
2294 1437 2370 1480 Pa-

263 1485 398 1537 nysum
415 1487 598 1533 denotat,
626 1488 731 1527 undc
749 1488 982 1529 abundantia
1000 1491 1105 1537 urbi,
1132 1491 1242 1544 quod
1262 1490 1371 1530 fluvii
1389 1491 1509 1546 figura
1527 1493 1771 1546 cornucopiae
1786 1507 1923 1548 gerens
1938 1495 2071 1549 arguit.
2116 1493 2303 1535 Deultum
2319 1493 2371 1534 ad

262 1539 388 1581 lacurn
407 1541 517 1582 fitum
536 1542 612 1600 effe
628 1543 742 1584 tradit
756 1543 898 1585 Plinius
914 1544 976 1585 lib.
987 1558 1024 1597 4.
1036 1560 1118 1600 cap.
1135 1559 1151 1585 1
1164 1560 1196 1586 1.
1228 1546 1400 1602 Oppida,
1418 1548 1609 1600 Thynias,
1627 1549 1909 1602 Halmydcffo„
1928 1549 2107 1592 Deulton
2121 1563 2206 1591 cum
2209 1549 2370 1605 stagno,

260 1596 364 1651 quod
376 1611 476 1637 nunc
491 1598 688 1638 Deultum
704 1609 887 1647 vocatur,
915 1609 1189 1642 veteranorum.

315 1674 399 1717 Hic
412 1691 585 1718 nummus
589 1677 770 1730 ficundae
786 1679 1062 1736 magnitudinis
1071 1681 1394 1737 praestantiffi'mus
1410 1682 1469 1735 cst.

316 2228 341 2256 c
352 2229 378 2256 o
388 2227 425 2256 r..
457 2228 481 2256 ιτ
494 2227 533 2256 1..
564 2227 586 2256 P
601 2228 627 2255 A
642 2214 679 2256 c.'
707 2228 734 2256 n
745 2229 769 2255 a
785 2227 846 2256 vr,
857 2214 898 2255 ⁴1·ss
926 2213 1084 2255 Colonia
1099 2202 1243 2256 Flavia
1260 2211 1442 2264 Pacenfis
1458 2213 1683 2256 ‘Deultanaj
1720 2211 1867 2268 Apollo
1881 2211 2010 2254 nudus
2025 2210 2126 2253 stans
2138 2210 2272 2254 dextra
2284 2210 2373 2265 lau}

367 2285 476 2318 rum,
504 2270 652 2312 finistro
669 2271 802 2311 cubito
816 2271 970 2311 innixus
985 2271 1075 2324 lyrae
1090 2270 1235 2324 tripodi
1255 2269 1512 2324 superpofitae.

309 2349 421 2389 Idem
442 2348 633 2402 Apollinis
650 2360 766 2403 typus
781 2348 819 2389 in
842 2348 1011 2388 nummis
1028 2348 1233 2390 Deultanae
1250 2348 1431 2388 Coloniae
1448 2348 1628 2388 Maximo
1644 2346 1784 2387 Caefari
1800 2346 1934 2388 dicatis
1954 2344 2118 2400 prodiit,
2146 2359 2265 2402 quem
2283 2344 2370 2399 ejus

254 2403 333 2445 Dei
357 2406 395 2444 in
414 2405 508 2444 urbe
531 2404 676 2445 cultum
702 2404 872 2444 indicare
900 2404 1067 2444 diximus
1084 2424 1097 2450 Γ,
1124 2404 1206 2444 imo
1231 2404 1466 2457 praecipuum
1493 2407 1531 2442 &
1559 2402 1718 2443 tutelare
1735 2416 1878 2442 numen
1897 2415 2148 2457 auguramur,
2177 2401 2369 2456 fiquidem

254 2460 419 2514 plurima
437 2459 595 2513 hujusce
613 2461 755 2501 tractus
769 2458 917 2514 oppida
933 2459 1176 2500 Milesiorum
1193 2459 1382 2500 Colonias
1400 2458 1510 2499 fuiffe
1528 2457 1650 2499 afferit
1667 2458 1804 2498 Strabo
1821 2458 1881 2498 lib.
1906 2470 1942 2510 7.
1980 2457 2108 2498 Mileti
2122 2468 2253 2498 autem
2269 2456 2370 2499 cele·

253 2517 463 2556 berrimum
479 2528 558 2556 erat
575 2515 765 2570 Apollinis
783 2515 970 2569 Didymei
986 2514 1199 2555 Graculum
1215 2535 1228 2562 ;
1257 2518 1296 2554 δε
1313 2514 1523 2570 Apollonia
1537 2514 1586 2554 ab
1600 2513 1644 2554 iis
1659 2514 1698 2553 in
1716 2513 1849 2554 Deulti
1864 2511 2006 2553 vicinio
2021 2511 2178 2554 condita
2193 2513 2268 2560 est,
2297 2511 2367 2553 ubi

251 2572 391 2613 Strabo
407 2586 493 2627 pag.
515 2585 605 2625 319.
626 2571 760 2611 fanum
780 2571 972 2625 Apollinis
989 2569 1099 2610 fuisse
1114 2570 1216 2611 dicit.
1251 2581 1331 2621 0⁷¹²?
1355 2575 1422 2621 ἱερὸν
1443 2573 1464 2614 {2
1482 2574 1673 2616 Ari-‹immv&·
1699 2575 1730 2616 ἐξ
1747 2572 1766 2607 Ξ
1782 2572 1920 2620 Molem&
1936 2571 2095 2614 minum&-
2113 2573 2133 2607 ’r
2148 2572 2286 2611 ωλοωόν
2299 2569 2367 2618 Spe,

253 2634 279 2683 ’ᾖ
295 2634 429 2673 ἀνέθηκεν
446 2635 478 2666 ἐν
492 2635 536 2676 τῷ
551 2634 729 2677 Καπήτολίῳ
746 2632 766 2665 ’ἳ-
780 2629 802 2670 Ξ
817 2630 1017 2673 Απᾶὶλωνζῷ,
1042 2631 1222 2678 Καλάμιδος
1239 2631 1327 2679 ἔργον·
1358 2628 1434 2669 Ubi
1438 2628 1582 2682 fanum
1599 2626 1648 2680 cst
1667 2628 1860 2683 Apollinis
1885 2643 1896 2667 .·
1925 2629 2022 2668 unde
2042 2627 2204 2667 Marcus
2221 2625 2365 2666 Lucul-

252 2685 314 2725 lus
338 2685 521 2738 Coloſjum
546 2684 759 2738 Apollinis,
787 2695 878 2739 opus
903 2683 1136 2731 Calamidis,
1154 2683 1354 2733 sitblatum
1379 2688 1421 2724 in
1447 2684 1633 2737 Capitolio
1658 2685 1867 2725 dedicavit.
1912 2684 2101 2723 Deultum
2120 2681 2160 2723 in
2182 2680 2367 2736 superiori

253 2755 418 2782 nummo
434 2740 483 2780 ad
498 2740 685 2794 Panysum
703 2740 938 2787 locavimus,
967 2754 1086 2794 quem
1103 2740 1143 2780 in
1160 2740 1330 2781 Pontum
1344 2741 1443 2781 inter
1458 2740 1649 2781 Odeffum
1667 2744 1706 2781 Sc
1723 2738 1994 2780 Mesembriam
2011 2737 2111 2778 illabi
2128 2736 2365 2804 tradidimus.

250 2798 388 2838 Strabo
409 2809 537 2836 autem
558 2797 647 2836 loco
664 2797 726 2837 cit.
747 2795 941 2850 subjunxit
960 2811 968 2836 :
998 2803 1031 2829 ἓν
1045 2799 1086 2841 τῷ
1098 2795 1212 2844 μελπιξι)
1231 2795 1250 2841 5¹
1266 2795 1429 2842 dlaerrlfaoo‘n
1444 2820 1454 2836 ‚
1477 2800 1521 2841 τῷ
1533 2797 1593 2831 imi
1612 2795 1781 2831 Καλάπδος
1796 2798 1833 2828 ei:
1850 2797 2018 2828 Ammwvtw
2035 2793 2137 2840 Βιζώνη
2154 2795 2185 2827 τὲ
2199 2796 2254 2828 ἐςτν
2267 2815 2277 2832 ,
2305 2807 2358 2838 ιω,

251 2852 378 2900 Κξοαύοι
395 2876 404 2891 ‚
429 2852 476 2896 ζα),
503 2852 633 2890 Οὸηαςός
657 2850 806 2890 Μιλησίων
827 2851 963 2890 οἴποικθς.
997 2845 1105 2885 Inter
1123 2844 1283 2886 calatin
1300 2843 1346 2888 ὠ·
1368 2844 1608 2899 Apolloniam
1625 2844 1781 2885 Bizona
1798 2844 1869 2895 eff,
1897 2841 1944 2886 ὠ
1962 2844 2101 2888 (airuns.)
2129 2839 2176 2884 (Ὺ
2201 2839 2364 2894 Odffus

250 2900 478 2951 Adilefiorum
501 2901 668 2942 Colonia.
709 2900 897 2941 Deultum
918 2902 1033 2942 etiam
1064 2899 1307 2940 Milesiorum
1331 2900 1542 2941 Coloniam
1568 2899 1676 2940 fuiffe
1705 2899 1955 2953 suspicamur,
1983 2897 2035 2937 ob
2054 2897 2275 2953 Apollinem
2291 2911 2363 2951 nug

249 2958 345 2998 dum
363 2970 548 3012 tanquam
568 2956 732 3004 vatem,
761 2970 851 2997 cum
866 2957 976 2996 lauro
993 2960 1032 2996 δε
1051 2953 1204 3009 tripode
1220 2954 1432 3010 signatum,
1461 2967 1504 2998 ut
1519 2955 1625 3012 apud
1643 2955 1815 2998 Milesios
1831 2954 2037 2997 colebatur.

306 3037 390 3078 Hic
407 3049 578 3077 nummus
593 3034 730 3088 infimae
746 3035 853 3077 molis
866 3045 934 3090 pro
951 3046 1038 3075 raro
1055 3031 1317 3075 numerandus.

255 3613 271 3639 1
284 3612 320 3639 M
335 3611 367 3637 ι».
400 3609 426 3636 G
440 3610 466 3635 o
480 3610 545 3636 RD
559 3612 573 3637 ι
588 3611 613 3637 A
628 3610 659 3637 N
672 3611 698 3638 v
710 3611 744 3637 s.
776 3612 798 3637 Ρ
812 3610 826 3637 1
840 3611 866 3637 v
880 3610 913 3637 s.
945 3610 968 3636 F
983 3611 1005 3637 E
1019 3609 1057 3638 L.
1090 3609 1118 3636 A
1131 3608 1210 3637 vc.
1240 3596 1375 3651 Caput
1391 3592 1586 3650 Gordiani
1601 3584 1822 3633 laureatum.

311 3668 333 3693 c
346 3667 372 3693 o
386 3666 421 3692 L.
454 3665 477 3691 Ρ
490 3666 527 3691 L.
561 3667 581 3690 Ρ
595 3667 620 3691 A
636 3667 669 3692 c.
700 3668 726 3693 ι)
739 3667 760 3692 E
775 3667 802 3692 v
814 3668 839 3693 L
852 3667 889 3692 T.
920 3654 1074 3692 Colonia
1089 3650 1232 3693 Flavia
1250 3650 1430 3704 Pacensts
1446 3649 1665 3691 Deultana.
1711 3646 1954 3701 AEsculapius
1974 3644 2104 3687 dextra
2122 3644 2275 3688 innixus
2289 3646 2354 3697 bas,

365 3707 474 3753 culo,
501 3706 563 3745 cui
580 3707 773 3748 involutus
791 3708 846 3749 est
861 3707 1027 3762 serpens.

308 3786 500 3825 Deultana
523 3783 700 3823 Thi-acite
724 3786 893 3825 Colonia
912 3785 999 3826 suos
1026 3785 1233 3826 Gordiano
1252 3796 1434 3825 nummos
1457 3783 1499 3824 in
1518 3781 1685 3823 victoriae
1701 3790 2000 3821 monumentum
2017 3778 2160 3820 cudiss'e
2177 3778 2354 3828 videtur,

253 3855 369 3894 quam
391 3841 450 3880 ille
471 3841 509 3879 in
533 3839 676 3892 Syriam
694 3853 825 3880 contra
846 3841 974 3881 Persas
1001 3841 1241 3881 contendens
1266 3840 1413 3887 retulit,
1441 3840 1530 3880 cum
1557 3838 1735 3877 barbaros
1751 3836 1989 3890 provinciam
2005 3835 2192 3876 vastantes
2209 3836 2299 3877 vicit
2314 3839 2355 3875 &

252 3895 508 3949 propulsavit,
526 3906 719 3933 annuente
729 3895 954 3947 Capitolino
964 3897 1002 3935 in
1012 3897 1095 3949 ejus
1104 3897 1191 3937 vita.
1222 3894 1331 3935 Fecit
1339 3897 1414 3936 iter
1422 3896 1464 3934 in
1475 3890 1660 3943 Maestam,
1676 3893 1840 3946 atquein
1850 3891 1926 3945 ipso
1935 3893 2153 3944 procinctu,
2173 3889 2361 3946 quidquid

250 3950 404 4002 hostium
420 3952 461 3990 in
476 3948 516 3991 T
510 3950 652 3990 hracizis
654 3948 766 4002 sitit,
792 3949 956 3996 aelewi,
973 3951 1167 4003 fugavit,
1194 3949 1366 4005 expulit,
1392 3957 1508 4003 atque
1520 3946 1734 4002 submovit.
1776 3944 2022 4000 AEsculapius
2042 3946 2083 3986 in
2111 3959 2272 4038 numme}
2298 3945 2355 3987 sui

2207 4013 2255 4040 cu
2273 4011 2354 4042 tum
