2574 4214
349 208 447 253 '222
983 199 1871 254 COMMODUS]

407 287 431 313 c
442 285 470 312 o
481 270 522 312 LI
547 269 578 312 n
588 285 615 312 v
625 268 665 312 αξ
696 282 722 311 'r
733 283 763 311 R
773 283 799 310 o
811 284 838 311 A
850 285 887 311 D.
917 269 1074 311 Colonia
1092 268 1267 324 Augusta
1287 266 1516 321 Troadensz's.
1546 268 1683 324 Equus
1698 268 1874 324 pascens,
1903 266 2014 309 arbor
2030 269 2069 308 ὃς
2084 249 2242 310 Silenus.

407 350 653 391 Troadenses
670 363 739 403 per
754 363 900 404 equum
915 348 1152 403 pascentem,
1180 346 1284 387 urbis
1300 346 1606 394 immunitatem,
1634 350 1673 386 &
1688 361 1756 401 per
1774 348 1964 394 Silenum,
1992 347 2160 401 ipsorum
2174 361 2265 403 erga
2281 361 2371 390 eum
2391 359 2457 391 ve»-

353 406 593 447 nerationem
610 405 792 446 indicant.
824 406 972 451 Arbor,
999 403 1027 442 fi
1043 403 1273 455 conjetsturae
1289 400 1418 448 locus,
1446 402 1498 442 ad
1514 402 1736 456 Apollinem
1754 402 1917 458 spectat,
1945 402 2056 453 cujus
2072 401 2309 445 fimulacrum
2326 406 2366 445 in
2385 419 2456 447 eo-

354 476 439 502 rum
462 461 629 501 nummis
651 459 854 514 frequens,
881 461 931 500 de
955 473 1038 513 quo
1064 457 1174 511 supra
1199 456 1356 497 abunde
1379 457 1526 497 dictum
1549 457 1603 497 est
1631 476 1643 503 ς
1672 455 1842 512 ιιειηιςὶιε
1859 457 1885 497 fi
1905 458 1989 499 haec
2009 458 2058 498 ad
2077 472 2222 513 equum
2239 460 2457 513 pascentem

354 518 584 571 pertineret,
611 529 736 568 equus
761 515 838 556 fine
864 517 998 556 arbore
1022 527 1103 554 non
1127 524 1207 553 tam
1226 510 1448 565 frequenter
1467 524 1692 552 occurreret.
1720 513 1874 568 Eligant
1893 514 2111 568 Antiquarii
2127 512 2283 561 eruditi,
2314 517 2388 556 utri
2403 515 2458 556 fa-

354 584 471 613 veant
488 571 691 611 sententiat.
720 571 919 612 Troadem
938 569 1046 624 supra
1056 567 1164 623 Julio
1181 566 1321 607 Caesari
1336 578 1483 622 gratam
1502 565 1610 606 fuiss‘e
1627 566 1792 608 diximus
1810 588 1825 613 ,-
1856 568 1887 608 is
1900 569 2003 609 enim
2021 581 2064 609 ut
2079 571 2351 624 cognationem
2367 584 2458 613 cum

353 627 552 668 Ilienfibus
575 625 837 674 confirmaret,
865 626 914 666 ad
934 638 1070 666 eorum
1092 623 1348 678 patrocinium
1375 622 1511 663 acriter
1534 622 1706 662 animum
1735 624 1884 677 appulit
1906 645 1919 672 5
1947 639 2035 665 nam
2059 625 2247 680 originem
2264 628 2286 666 a
2302 627 2457 667 Venere

352 684 502 724 trahere
523 682 559 722 se
569 682 736 735 jactabat
753 699 761 722 :
792 682 987 737 Augustus
1002 680 1095 719 vero
1110 679 1193 732 ejus
1210 678 1391 719 successor
1404 677 1596 732 inJuliam
1613 690 1768 734 gentem
1787 679 2017 734 adoptatu8‚
2043 681 2083 720 in
2100 682 2216 734 patris
2230 684 2457 723 memoriam

353 737 553 778 Troadem
574 738 844 778 Romanorum
863 736 1071 778 Coloniam
1091 735 1308 781 constituit,
1337 745 1381 774 ut
1399 734 1522 788 arguit
1541 733 1626 787 ejus
1644 734 1822 788 Augustae
1839 749 1992 776 nomen.
2024 736 2213 776 Claudius
2229 737 2299 791 ipfi
2319 738 2459 778 immu-

353 795 491 835 nitates
507 793 689 840 restituit,
718 798 757 833 ὃς
773 807 857 833 eam
875 794 913 833 in
930 802 1160 846 perpetuum
1179 791 1336 831 liberam
1353 789 1633 844 pronunciavit.
1663 789 1900 831 Poffidemus
1917 790 2141 831 rariffimum
2159 807 2361 833 nummum
2379 793 2458 834 hoc

353 862 533 903 tempore
555 849 604 889 ab
627 848 824 890 Iliensibus
848 847 1084 903 percussum,
1113 847 1154 887 in
1179 860 1263 900 quo
1289 858 1338 885 ex
1367 858 1443 884 una
1467 855 1576 897 parte
1595 843 1796 885 exhibetur
1815 858 1930 900 caput
1950 847 2113 902 Augusti
2129 847 2339 895 radiatum,
2367 860 2458 890 ante

353 904 465 959 quod
481 905 657 946 icuncula
677 905 866 946 Minerva·
881 917 969 944 cum
984 902 1197 957 epigraphe
1220 911 1344 939 ΘεοΣ
1370 910 1614 938 munz-roz
1640 911 1819 940 [ΛΙΕΩΝ.
1849 916 1900 941 ex
1929 902 2046 942 altera
2067 914 2185 956 caput
2209 903 2364 943 Claudii
2387 918 2459 944 nu-

354 962 454 1057 {um
475 971 531 999 TI.
557 970 803 999 KAATAIOE
827 970 1004 999 ΚΑΙΣΑΡ.
1033 958 1096 999 ille
1123 969 1167 999 ut
1189 957 1367 1000 Coloniae
1391 956 1612 1004 Fundator,
1641 957 1706 998 hic
1730 959 1824 1000 vero
1851 969 2035 1012 tanquam
2052 959 2154 999 urbis
2170 958 2457 1001 immunitatum

398 1017 617 1058 estaurator.

411 1094 496 1136 Hic
512 1091 853 1147 nummusfi’cundi
864 1092 1006 1135 moduli
1023 1093 1066 1135 in
1081 1093 1265 1134 rariorum
1279 1104 1430 1136 numero
1448 1089 1692 1132 collocandus.

420 1646 525 1676 cor„
569 1645 689 1672 AvG.
719 1643 825 1671 ‘rao
842 1643 920 1670 An.
949 1628 1105 1670 Colonia
1131 1627 1306 1683 Augusta
1329 1626 1557 1681 Troadensts.
1586 1626 1729 1682 Aquila
1756 1638 1826 1682 per
1849 1628 1935 1667 aera
1960 1625 2125 1667 volitans
2141 1620 2334 1680 unguibus
2353 1634 2472 1681 caput

476 1688 588 1730 bovis
609 1687 719 1742 gerit.

419 1767 532 1807 Idem
561 1764 698 1820 aquilae
731 1763 923 1819 unguibus
949 1773 1066 1817 caput
1097 1762 1207 1803 bovis
1221 1762 1388 1816 gerentis
1408 1773 1522 1816 typus
1538 1761 1578 1802 in
1596 1760 1785 1801 Antonini
1804 1760 1861 1801 Pii
1876 1760 2044 1800 nummis
2060 1759 2140 1813 jam
2157 1758 2321 1813 prodiit,
2350 1773 2472 1814 quem

366 1821 416 1863 ad
431 1822 634 1876 augurium
650 1817 865 1859 condendae
880 1817 1049 1858 Troadis
1065 1818 1131 1857 ubi
1148 1831 1252 1857 nunc
1267 1818 1321 1858 est
1330 1845 1342 1865 ,
1371 1818 1590 1864 retulimus,
1617 1815 1704 1857 freti
1718 1817 1874 1857 auctore
1889 1817 2096 1862 Strabone,
2113 1816 2182 1870 qui
2198 1815 2356 1855 Oraculi
2369 1814 2475 1867 jussu

367 1877 493 1918 rursus
518 1876 594 1916 alio
619 1876 658 1915 in
681 1874 771 1914 loco
787 1872 1010 1914 aedificatam
1021 1901 1032 1920 ‚
1061 1877 1100 1913 ὃ(
1116 1875 1165 1913 ab
1180 1887 1229 1913 eo
1243 1873 1283 1913 in
1310 1887 1394 1928 quo
1413 1874 1581 1928 primiim
1598 1873 1755 1913 condita
1771 1872 1915 1917 fuerat,
1943 1886 2000 1911 xx
2011 1886 2047 1911 x.
2069 1869 2150 1912 fere
2165 1870 2293 1911 stadiis
2309 1869 2475 1912 diffitam

366 1943 503 1973 narrat.
533 1931 676 1984 Aquila
694 1930 854 1983 pariter,
881 1930 971 1969 cum
991 1929 1170 1970 Seleucus
1187 1928 1237 1968 de
1257 1929 1346 1969 loco
1369 1928 1586 1969 condendae
1605 1928 1708 1968 urbis
1728 1928 1861 1968 anxius
1878 1925 2121 1972 sacrificaret,
2149 1925 2259 1966 bovis
2272 1925 2474 1965 immolan-

366 1987 410 2029 di
427 1997 576 2041 partem
593 1985 721 2026 versus
740 1998 843 2024 mare
862 1985 1033 2032 abstulit,
1062 1984 1129 2024 ubi
1144 1982 1303 2024 Oraculi
1317 1984 1420 2038 jussu
1435 1984 1645 2025 Seleuciam
1663 1983 1753 2024 Rex
1772 1981 1984 2023 aedificavit.
2015 1980 2126 2022 Idem
2147 1980 2228 2021 fere
2242 1979 2352 2022 fuisse
2367 1978 2475 2022 vide-

365 2055 429 2084 tur
447 2056 521 2096 pro
536 2041 695 2081 Troade
710 2039 835 2080 rursus
851 2038 1074 2080 aedificanda
1092 2040 1317 2095 augurium,
1346 2040 1462 2094 quod*
1476 2039 1704 2081 confirmare
1720 2038 1871 2079 videtur
1888 2038 2051 2092 sequens
2068 2035 2253 2092 Crispinae
2270 2049 2476 2083 nummus,

367 2099 410 2139 in
439 2109 523 2152 quo
547 2097 649 2137 urbis
673 2106 878 2136 renovator
902 2094 1083 2136 sacrificat
1105 2109 1235 2137 coram
1261 2095 1471 2151 Apolline,
1501 2098 1542 2136 &
1568 2095 1729 2151 ipsamet
1760 2093 1888 2149 aquila
1903 2107 1994 2135 cum
2011 2092 2153 2136 eodem
2169 2092 2278 2134 bovis
2293 2092 2418 2149 capite
2433 2091 2475 2135 in

368 2153 521 2196 nummi
533 2152 675 2193 vertice
689 2151 819 2192 caelata
833 2161 1004 2206 apparet.

426 2232 509 2274 Hic
528 2245 700 2274 nummus
716 2231 880 2273 minimae
887 2228 1030 2287 formae
1047 2229 1148 2271 inter
1162 2240 1266 2270 raros
1280 2225 1538 2282 affi’rvandus.

1302 2588 1559 2634 ³&wa
