2491 4219
688 156 1745 206 DIADUMENIANU·S.'
2159 181 2214 214 71

187 218 351 278 Elegans
367 223 422 263 est
439 223 502 263 hic
519 219 814 263 Diadumeniani
831 236 1011 263 nummus
1031 238 1117 263 cum
1137 224 1248 265 titulo
1268 226 1513 277 Imperatoris
1530 253 1541 271 ,
1569 227 1635 278 qui
1653 226 1852 265 confirmat
1870 224 2090 265 sententiam
2110 226 2222 265 Lam-

109 326 112 330 ·
131 279 265 332 pridii,
295 279 561 318 Herodianum
579 279 770 318 historiam
791 277 844 316 sui
862 279 1043 331 temporis
1058 279 1278 320 scribentem
1297 280 1574 334 redarguentis,
1603 281 1712 332 quod
1729 281 2077 320 Diadumenianum
2097 282 2222 320 Casa-

130 348 211 373 rem
231 335 378 373 tantum
399 333 505 372 fuisse
521 333 721 373 afleruerit.
761 333 1003 373 Herodianus
1017 335 1173 385 Cir-fectis
1186 336 1351 388 Scriptor
1364 362 1375 380 ,
1404 348 1483 373 mec
1496 339 1735 388 praeteriens,
1762 337 2050 374 ‘Diadumenum
2066 336 2220 375 trintina

130 390 313 440 Caefizrem
333 389 430 427 dicit
442 399 598 441 piternm
613 386 637 426 ιὶ
649 387 833 431 militibus
852 399 1118 442 nuncupatum.
1163 390 1238 430 Sed
1255 390 1495 442 Lampridius
1514 405 1603 430 eum
1625 391 1897 443 Imperatorem
1915 390 2023 429 fimul
2043 404 2130 429 cum
2152 405 2220 442 pa-

129 457 187 484 tre
202 471 214 490 ,
241 444 288 484 ab
308 444 473 483 exercitu
491 453 670 494 vocatum
690 443 890 484 contendit
906 471 917 490 ,
946 445 1006 483 cui
1033 444 1267 500 refragantur
1293 447 1440 484 nummi
1465 460 1551 486 cum
1573 446 1729 485 Caesaris
1752 446 1885 492 titulo,
1915 444 2117 499 praesertim
2136 446 2220 486 Ro-

128 500 231 538 mani
248 514 255 538 :
287 498 484 538 Macrinus
497 508 623 536 autem
644 497 749 536 illum
766 498 919 552 Imperii
945 501 1158 553 consortem
1177 499 1467 554 Consulemque
1487 501 1619 540 dixili'e
1635 500 1782 540 videtur
1800 527 1812 546 ,
1839 515 1887 540 eo
1904 503 2051 542 tanturn
2070 514 2220 553 tempo-

126 567 169 594 re
185 581 197 600 ,
226 567 308 607 quo
326 553 547 606 Elagabalus
565 553 585 590 a
602 552 827 605 quibusdam
846 554 1081 609 Legionibus
1098 555 1310 609 Imperator
1332 554 1509 595 salutatus
1525 555 1615 595 effer
1631 576 1641 601 ·‚
1670 555 1779 610 quod
1798 556 1955 597 innuere
1973 556 2123 596 videtur
2141 557 2220 596 Dio

125 609 166 648 in
184 609 260 647 vita
277 609 442 648 Macrini
462 621 544 662 pag.
566 609 655 647 888.
675 609 762 647 cum
779 608 841 648 ille
857 609 999 662 scripsit
1015 610 1064 648 ad
1079 611 1258 650 Senatum
1277 609 1326 649 de
1343 609 1652 651 Pseudantonino
1666 639 1677 657 ,
1705 612 1937 664 conquestus
1955 612 2004 651 de
2025 612 2219 658 militibus,

126 664 235 717 quod
255 663 410 703 adducti
429 661 574 702 infinit-:1
594 665 765 715 pecunia:
783 664 993 717 cupiditate
1009 664 1057 703 ab
1072 664 1109 704 se
1127 663 1347 704 defecerint.
1378 669 1482 701 ταῡηε
1496 683 1523 702 π
1539 672 1680 705 {ras-am
1697 671 1711 702 ὅ
1727 677 1905 715 Μακρῖνςῷψ,
1931 673 1955 718 ’ii
1973 669 2074 704 {aurbu
2090 667 2142 713 μὸζι)
2159 686 2218 704 πα-

125 724 220 763 'siey'
246 719 265 751 ‘ir
282 719 301 763 ὃ
318 716 495 761 modesto&
511 715 560 761 q‘iiv
577 718 652 751 ain-3!
668 720 847 761 σαυεχὲςατω
861 717 1017 757 dammim,
1043 721 1067 768 a}
1085 717 1138 752 erici>
1152 720 1268 756 inensam
1285 717 1306 756 ξ
1322 719 1546 754 Ψώδακτωνίνε
1564 723 1713 759 Meam,
1738 720 1807 755 ωλι)
1823 721 1952 766 νεώτερον
1971 724 2044 757 ochra!
2062 724 2080 755 ἴ*
2097 722 2144 766 ις’ὂν
2161 724 2219 756 du-

122 771 296 816 mgjw&
314 770 479 817 Σποφῂνας.
498 765 623 819 Igitur
631 765 834 806 ffllacrinm
842 767 915 806 has
923 767 1077 806 litteras
1085 766 1182 818 miss't
1193 794 1204 813 ,
1219 768 1259 806 in
1274 766 1393 822 iisque
1408 768 1445 816 fe
1455 779 1603 821 patrem
1612 770 1737 808 crebro
1747 784 1792 809 ac
1800 770 2219 821 ‘Diadumenumfilinm'

112 822 229 873 fimm
245 822 465 867 vocitabat,
493 820 716 874 eundemque
727 821 941 874 proferebat
957 830 1002 861 ut
1013 822 1279 876 Imperatorem
1291 850 1302 869 ‚
1321 823 1438 863 multe
1452 825 1635 871 juniorem
1652 825 1985 876 ‘l{fc221dant072irio‚
2006 827 2113 877 cnjus
2129 836 2222 866 aeta-

122 887 200 918 tem
215 877 494 916 criminabatur.
523 875 743 914 Nummum
760 890 807 916 ex
823 877 926 917 notis
951 891 982 916 S.
1002 893 1034 917 c.
1060 883 1098 918 ὃς
1124 890 1157 916 Δ.
1177 893 1212 917 Ε.
1235 879 1453 920 Antiochia:
1470 880 1621 926 cusum,
1648 879 1727 932 jam
1744 879 1852 934 supra
1871 882 2220 934 pronunciavimus,

124 933 182 973 bis
197 931 353 984 quidem
369 946 484 972 voces
503 938 689 982 Δημαςχκῆς
705 935 818 976 ὲξκσῖως
838 933 876 971 in
894 932 971 972 hoc
988 947 1150 972 nummo
1168 933 1349 987 appositae
1367 934 1471 980 sunt,
1499 934 1564 974 sed
1580 949 1658 975 non
1676 937 1845 988 repetitae
1857 963 1868 981 ,
1898 948 1940 976 ut
1958 936 2024 975 sibi
2042 937 2220 989 perluafit

122 988 165 1035 P.
184 987 409 1027 Harduinus
424 1002 510 1041 pag.
530 1001 572 1026 12
585 1001 616 1026 1.
647 1001 733 1026 nam
762 1000 964 1027 ΔΗΜΑΡΧ.
991 999 1050 1026 ΕΞ.
1082 990 1177 1028 circa
1197 990 1383 1029 ambitum
1402 989 1537 1029 aversae
1557 988 1835 1044 nummipartis
1854 991 2038 1044 inscriptae
2055 990 2105 1030 ad
2126 992 2217 1031 Dia-

122 1042 396 1083 dumenianum
413 1042 590 1096 specstant.
621 1054 655 1081 Δ.
677 1057 710 1081 E.
731 1043 771 1082 in
787 1058 871 1083 area
885 1071 895 1090 ‚
915 1043 965 1083 ad
981 1043 1226 1083 Antiochiam
1245 1045 1377 1084 urbem
1396 1046 1606 1097 pertinent,
1625 1046 1677 1085 ob
1696 1059 1891 1086 monetam
1907 1046 1975 1098 ipsi
1995 1046 2129 1099 populi
2145 1046 2219 1099 jus-

119 1097 161 1138 su
179 1125 192 1144 ,
220 1109 262 1137 ut
280 1097 414 1152 saepius
429 1098 593 1138 diximus
607 1124 619 1144 ,
647 1098 870 1141 concessam.
913 1097 1193 1138 Antiochenses
1210 1114 1278 1153 per
1295 1100 1459 1153 aquilam
1473 1127 1485 1146 ,
1513 1100 1550 1140 se
1566 1101 1734 1154 Imperio
1754 1102 1938 1142 Romano
1957 1100 2126 1142 subditos
2147 1102 2214 1141 de-

107 1165 268 1202 notant.

173 1230 257 1270 Hic
273 1245 444 1282 nummus
459 1233 605 1272 minimi
621 1229 762 1273 moduli
777 1258 789 1278 ,
817 1232 918 1271 inter
938 1234 1097 1271 rariores
1115 1232 1351 1285 reponendas.

781 1337 816 1376 C
841 1337 933 1384 [AE
961 1334 992 1376 S
1017 1335 1064 1375 A
1091 1336 1130 1374 l?
1161 1337 1200 1375 E
1229 1339 1273 1377 ,l
1327 1334 1551 1383 “Pausa’slinte.

1052 1417 1352 1425 *A

111 1879 163 1920 Μ.
194 1881 221 1906 o
235 1879 255 1906 Ρ
269 1880 291 1905 Ε
306 1879 341 1906 L.
371 1880 398 1906 D
411 1879 426 1904 1
442 1879 466 1904 A
480 1880 506 1905 D
518 1879 545 1905 v
558 1879 594 1905 M
607 1880 629 1904 Ε
643 1879 672 1904 N
685 1879 722 1904 o.
755 1880 781 1905 A
795 1880 834 1906 v.
875 1867 1007 1920 Caput
1025 1867 1324 1909 Diadumeniani
1341 1867 1420 1908 sine
1434 1866 1570 1907 laurea.
1823 1899 1829 1906 .
2050 1918 2051 1921 Ἰ

166 1937 190 1963 c
201 1936 227 1962 o
242 1937 280 1962 L.
313 1936 345 1960 Ρ.
377 1935 400 1961 F
413 1936 449 1961 L.
480 1936 507 1960 A
524 1935 548 1961 v
562 1935 601 1960 o.
635 1934 668 1960 F.
701 1936 723 1960 c
739 1935 763 1960 A
780 1936 803 1960 E
817 1936 848 1960 s.
881 1922 1035 1963 Colonia
1050 1924 1189 1965 ‘Prima
1204 1923 1343 1968 Flavia
1356 1923 1528 1978 Angusta
1541 1922 1652 1964 Felix
1666 1921 1848 1975 Caesarea.
1889 1922 1929 1965 V
1931 1923 2015 1964 ariae
2032 1922 2118 1966 sunt
2134 1926 2215 1980 epi-

221 1977 385 2032 graphae.
415 1977 548 2031 Caput
562 1976 751 2030 Serapidis
767 1977 917 2018 calatho
934 1989 1121 2018 ornatum.

162 2054 369 2110 Singularis
393 2055 448 2095 est
470 2055 533 2095 hic
557 2068 738 2094 nummus
755 2082 766 2101 ,
795 2056 863 2108 qui
887 2070 967 2096 non
990 2056 1113 2095 modo
1132 2053 1368 2097 Diadumeni
1386 2070 1607 2111 cognomen
1632 2071 1704 2111 pro
1721 2056 1897 2111 adoptati
1915 2057 2216 2101 Diadumeniani

105 2110 418 2158 nomenclatione
434 2110 610 2156 exhibet,
638 2110 702 2149 sed
719 2110 786 2163 qui
802 2110 871 2163 ipsi
890 2126 961 2164 pro
978 2110 1224 2162 Imperatoris
1241 2112 1401 2152 nomine
1422 2112 1586 2166 Augusti
1605 2112 1757 2152 titulum
1775 2113 1917 2153 tribuit.
1959 2114 2020 2153 Sic
2040 2114 2214 2168 Lampri-

105 2166 195 2212 dius
211 2179 300 2206 eum
318 2165 527 2220 Augustum
547 2166 720 2205 nominat
740 2166 779 2203 in
800 2165 883 2218 ejus
906 2167 995 2205 vita.
1027 2179 1199 2205 PATRI
1233 2174 1412 2206 A'vovs
1430 2180 1518 2213 To,
1551 2180 1740 2208 F1L1vs
1773 2182 2078 2209 AVGVSTVS.
2120 2170 2214 2211 Non

94 2221 226 2278 satis,
254 2222 306 2260 mi
324 2220 451 2260 Pater
467 2245 480 2266 ,
508 2221 653 2260 videris
669 2222 708 2259 in
728 2233 850 2260 amore
864 2220 982 2272 nostro
999 2220 1155 2272 tenuisse
1174 2230 1260 2260 tuos
1279 2235 1395 2261 mores
1413 2248 1426 2267 ,
1454 2223 1521 2277 qni
1540 2223 1754 2274 tyrannidis
1772 2222 1964 2274 affeeiatae
1979 2225 2139 2276 conscios
2155 2241 2214 2266 re-

93 2275 263 2336 servasti
273 2302 286 2322 ‚
305 2274 383 2318 &a
422 2275 499 2316 Sed
518 2274 655 2316 eadem
672 2275 918 2328 Imperatoris
935 2280 975 2315 &
994 2276 1158 2330 Augusti
1180 2275 1346 2332 dignitas
1371 2278 1544 2317 Dionem
1560 2278 1718 2319 illustrat
1741 2281 1809 2332 qui
1827 2280 2046 2320 Macrinum
2065 2281 2212 2323 Diadu-

105 2345 264 2373 menum
279 2330 400 2372 filium
414 2331 689 2384 Imperatorem
707 2330 918 2384 designasse
933 2342 1059 2370 narrat
1072 2331 1136 2371 lib.
1155 2335 1220 2383 78.
1238 2347 1326 2388 pag.
1343 2346 1439 2381 902·
1469 2336 1528 2371 Koa*
1544 2337 1564 2370 ἑὲ
1581 2336 1629 2382 ιξεν
1646 2337 1867 2383 οευτοκςφέτορθι
1881 2365 1890 2377 ,
1917 2342 2019 2385 καίπερ
2039 2339 2073 2372 τὰ
2089 2343 2212 2375 δέκατον

102 2392 234 2437 ἄμικτα,
257 2392 424 2432 ἀπέδειξεν.
460 2388 524 2427 Ac
537 2385 668 2439 filium
687 2386 954 2439 Imperatorem
972 2412 984 2432 ,
1012 2386 1104 2425 licet
1127 2401 1268 2427 annum
1288 2389 1471 2428 decimum
1488 2398 1678 2442 agentem,
1703 2390 1926 2444 defignavit.
1966 2390 2213 2435 Caesarienses

103 2444 308 2494 Palaestinae
327 2442 430 2482 hunc
447 2441 610 2496 Angzsti
626 2441 780 2482 titulum
798 2440 1110 2481 Diadumeniano
1128 2442 1337 2483 tribuentes
1355 2470 1366 2489 ,
1397 2444 1417 2482 51
1434 2440 1601 2484 Macrini
1617 2445 1787 2498 partibus
1811 2458 1943 2487 contra
1963 2446 2209 2501 Elagabalum

102 2499 243 2541 stetisse
258 2498 447 2539 videntur.
483 2497 631 2552 Serapis
646 2497 745 2538 inter
763 2497 954 2551 praecipua
972 2497 1152 2538 Caesareae
1172 2499 1273 2539 urbis
1289 2499 1466 2540 Numina
1483 2498 1664 2554 frequens
1683 2502 1849 2542 occurrit
1864 2502 1903 2542 in
1921 2503 2089 2544 nummis
2105 2504 2210 2553 Titi,

102 2554 294 2602 Antonini
313 2553 390 2598 Pii,
421 2567 470 2592 M.
490 2552 636 2593 Aurelii
652 2578 665 2598 ,
693 2567 730 2592 L.
751 2552 870 2598 Veri,
899 2557 938 2592 δε
955 2553 1192 2611 Commodi,
1220 2568 1320 2609 quos
1337 2554 1502 2595 consule.

157 2631 242 2673 Hic
261 2644 433 2672 nummus
449 2632 575 2671 tertiae
590 2630 866 2686 magnitudinis
876 2631 1200 2685 praestanttffimus
1215 2631 1272 2684 cst.

833 2735 1471 2778 DEULTON.

97 3331 149 3373 M,
179 3333 205 3360 o
221 3332 241 3358 Ρ
253 3331 277 3357 E
291 3330 328 3357 L.
362 3330 389 3355 A
402 3328 432 3354 N
444 3328 469 3354 τ
480 3328 546 3355 oN
560 3327 575 3354 1
587 3328 617 3354 N
629 3329 656 3355 v
668 3327 702 3354 s.
733 3329 759 3355 n
772 3328 787 3354 1
801 3328 826 3354 A
841 3330 866 3355 n
881 3329 919 3356 v.
951 3329 986 3355 c.
1027 3316 1161 3371 Caput
1175 3317 1475 3359 Diadumeniani
1491 3316 1653 3358 nudum.

152 3389 211 3416 co
222 3389 259 3414 L.
290 3386 313 3413 F
326 3387 361 3412 L.
393 3385 415 3410 P
429 3385 454 3410 A
469 3386 504 3411 c.
533 3385 559 3410 D
571 3384 594 3409 E
608 3383 633 3408 ν
646 3384 672 3410 L
685 3383 722 3410 T.
754 3371 910 3410 Colonia
927 3369 1069 3412 Flavia
1087 3373 1265 3425 Pacensts
1277 3373 1464 3413 Deulton.
1500 3374 1671 3414 Fortuna
1689 3373 1787 3415 stans
1803 3387 1891 3415 cum
1908 3375 2058 3418 calatho
2075 3379 2114 3420 in
2131 3396 2194 3422 ca-

202 3431 304 3485 pite,
331 3426 464 3467 dextra
482 3437 699 3471 temonem,
728 3425 868 3466 sinistra
882 3427 1136 3480 cornucopiae.

147 3508 321 3549 Deulton
337 3505 515 3545 Thraciae
536 3503 704 3545 Colonia
724 3518 903 3544 nummos
917 3505 1229 3547 Diadumeniano
1246 3520 1335 3546 cum
1352 3509 1543 3547 Antonini
1561 3508 1717 3547 nomine
1732 3507 1964 3551 consecravit
1981 3531 1992 3557 ς
2010 3512 2190 3554 Macrino

94 3563 270 3607 videlicet
289 3561 461 3606 adulata,
490 3559 600 3613 quod
619 3559 833 3614 Imperator
850 3573 994 3600 nomen
1015 3560 1114 3600 adeo
1128 3577 1257 3602 carum
1271 3562 1509 3615 Reipublicae
1525 3562 1754 3609 reddiderit,
1782 3567 2032 3617 quamobrem
2052 3568 2189 3621 suppli·

94 3619 262 3659 cationes
290 3617 465 3657 Macrino
489 3616 511 3655 a
535 3615 676 3656 Senatu
696 3615 866 3656 decretas
887 3627 1011 3656 narrat
1029 3616 1272 3669 Lampridius
1289 3617 1327 3655 in
1345 3617 1427 3669 ejus
1446 3618 1531 3657 vita.
1570 3620 1702 3672 Atque
1718 3620 1798 3658 dies
1813 3621 2188 3683 septggnfiipplicatio

86 3684 158 3728 pro
177 3673 367 3712 Antonini
384 3672 529 3710 nomine
545 3670 732 3710 celebrata
749 3671 807 3719 eli.
847 3670 1020 3711 Fortuna
1044 3671 1084 3711 in
1107 3673 1276 3711 nummis
1299 3672 1464 3711 Macrini
1480 3675 1519 3711 &
1536 3672 1859 3724 Diadumeniani‘,
1889 3676 1998 3729 cujus
2018 3677 2055 3715 in
2073 3677 2187 3723 urbe,

94 3740 139 3769 ut
155 3728 195 3768 in
214 3727 381 3781 pluribus
399 3727 499 3773 aliis,
517 3725 662 3766 cultum
680 3725 842 3772 indicat,
862 3726 1005 3780 sculpta
1026 3726 1100 3772 est,
1130 3738 1314 3780 tanquam
1332 3727 1484 3780 utrique
1499 3728 1596 3781 patri
1613 3729 1847 3770 nimirum'&
1864 3730 1942 3770 filio
1958 3731 2185 3784 obsequens,

96 3797 168 3824 ceu
184 3782 377 3836 utriusque
396 3782 481 3822 Dea
498 3781 751 3821 conservatrix
763 3808 775 3827 ,
803 3781 925 3835 qualis
941 3781 1162 3836 depingitur
1178 3795 1224 3821 ex
1242 3782 1341 3821 Lilio
1362 3782 1524 3822 Giraldo
1546 3783 1643 3823 Hist.
1664 3785 1781 3825 Deor.
1802 3785 1906 3838 Synt.
1928 3791 1986 3826 16.
2013 3786 2053 3825 in
2070 3788 2187 3841 cippo

94 3838 236 3879 Romae
253 3851 341 3877 cum
360 3837 525 3892 imagine
541 3837 731 3877 muliebris
748 3837 992 3891 cornucopiae
1009 3836 1171 3883 sinistri,
1199 3836 1332 3877 dextra
1349 3839 1440 3877 vero
1459 3849 1655 3879 temonem
1672 3839 1855 3880 habentis.

149 3916 234 3957 Hic
250 3928 419 3956 nummus
437 3914 633 3955 mediocris
652 3913 700 3959 ά
720 3915 1030 3979 minimaeffirmae
1042 3942 1055 3963 ,
1080 3917 1180 3955 inter
1199 3917 1359 3955 rariores
1376 3914 1619 3957 collocandus.
