2491 4219
618 159 1207 212 PHI'LIPPUS
1294 157 1712 204 SENIOR.
2161 151 2255 211 i67

146 247 235 275 mus
257 234 304 272 ab
324 233 621 287 Heliopolitanis
639 228 832 285 percuss'us
849 256 860 274 ‚
891 240 933 267 ut
956 228 994 267 in
1023 226 1105 278 ejus
1125 226 1396 281 explanatione
1418 223 1522 263 hunc
1544 222 1807 262 Mercatorum
1826 220 1956 259 Deum
1975 219 2049 259 esse
2066 218 2229 260 diximus
2243 239 2256 266 ;

145 290 238 330 ideo
254 289 358 328 illum
378 294 416 328 ἃ
433 291 513 341 ejus
534 289 718 339 templum
738 286 775 324 in
798 284 965 323 nummis
989 283 1172 335 Philippo
1194 281 1328 321 dicatis
1347 280 1605 319 exhibuerunt
1622 276 1901 330 Heliopolitani
1916 302 1928 321 ‚
1957 275 2066 328 quod
2088 275 2256 328 Impera-

146 356 208 386 tor
229 358 296 397 per
313 359 448 397 pacem
466 357 552 383 cum
574 341 691 382 Perfis
709 339 909 379 fundatam
921 366 931 384 ‚
961 338 1113 377 solenne
1131 337 1233 376 urbis
1253 335 1527 376 commercium
1545 332 1755 372 restaurarit
1770 352 1781 378 ς
1811 331 1901 370 ideo
1916 344 1978 370 ara
1997 333 2034 368 ὃ(
2050 343 2114 368 vas
2131 331 2184 369 ob
2198 329 2251 389 sas

145 399 282 439 crificia
304 415 372 452 pro
392 400 624 452 imperatore
644 406 858 449 perpetrata
876 394 1023 433 adsunt.
1060 391 1271 444 Templum
1295 391 1404 442 supra
1422 403 1534 442 rupes
1553 387 1752 427 conditum
1768 387 1845 426 est:
1873 400 1921 425 an
1941 386 1980 425 in
1998 385 2098 425 clivo
2117 385 2250 444 Libani

146 457 288 494 montis
306 457 393 494 urbs
415 454 458 494 lit
472 452 676 496 aedificata,
695 450 907 502 dijudicent
922 448 1158 503 Antiquarii;
1186 448 1227 487 id
1244 449 1402 487 innuere
1421 445 1572 484 videtur
1592 446 1818 496 Anonymus
1836 455 1952 496 quem
1973 440 2142 494 vulgavit
2162 440 2249 479 Go-

115 510 127 520 ’“
145 510 350 550 thofredus
371 511 409 548 in
430 507 585 561 Exegcfi
605 507 721 546 totius
741 506 884 545 Mundi
907 510 944 555 ᾗ.
970 519 1029 544 10.
1062 507 1232 545 Ηλιόπολις,
1259 504 1446 550 ἢῡςὴησιοέζει
1462 508 1503 548 τῷ
1522 502 1637 546 Αιξάνῳ
1654 501 1723 545 ὄρει,
1752 497 1982 551 Heliopolis,
2005 508 2088 550 quae
2099 497 2248 556 propp—2.

145 579 220 620 qua
245 565 294 609 ell
323 564 472 603 Libano
497 564 626 601 monti.
672 560 852 615 Hyginus
880 562 1049 615 primum
1075 560 1274 599 Mercurio
1298 558 1486 610 templum
1514 557 1552 596 in
1577 554 1739 596 Arcadia
1761 554 1783 594 a
1803 553 1984 608 Lycaone
2006 550 2150 607 Pelasgi
2173 550 2253 595 hlio

147 620 290 661 fastum
308 632 431 659 narrat
448 619 538 658 Fab.
559 632 576 657 2
590 632 605 656 z
620 630 650 667 5.

132 722 135 725 -
201 697 284 738 Hic
298 710 469 738 nummus
479 697 597 751 primi
612 694 750 738 moduli
766 695 866 734 iuter
881 693 1124 750 elegantiores
1139 689 1379 746 reponendus.

985 759 1414 837 HIPPO.

150 1360 200 1389 M.
233 1361 254 1386 P
268 1361 294 1387 n
312 1361 321 1386 1
337 1361 361 1387 L
375 1360 389 1386 1
403 1361 423 1386 Ρ
436 1358 456 1385 1³
470 1356 496 1386 V
511 1360 544 1385 s.
578 1359 604 1385 A
619 1359 645 1384 v
659 1358 696 1384 G.
729 1356 760 1383 P.
783 1357 818 1383 Ρ.
859 1343 993 1398 Caput
1007 1343 1177 1398 Philippi
1195 1342 1417 1384 laureatum.
1658 1394 1661 1395 ⁷

205 1417 239 1442 c.
265 1417 302 1442 e.
327 1417 354 1442 1.
378 1417 417 1443 n.
439 1416 474 1442 Ρ.
499 1416 540 1441 A.
578 1401 733 1441 Colonia
751 1399 917 1439 Gemella
933 1399 1050 1453 Julia
1066 1399 1312 1454 Hipponenfis
1329 1399 1411 1439 Pia
1428 1397 1612 1452 Augusta.
1650 1398 1762 1452 Lupa
1783 1410 1872 1439 cum
1889 1396 2066 1451 puerulis.

194 1493 284 1548 Jam
301 1492 443 1547 prodiit
465 1491 586 1531 similis
607 1493 727 1545 Lupae
742 1507 829 1533 cum
849 1493 1016 1546 puerulis
1033 1497 1073 1533 ὃ(
1089 1492 1148 1533 his
1168 1492 1301 1532 litteris
1317 1491 1523 1532 initialibus
1543 1502 1659 1547 typus
1675 1491 1715 1532 in
1737 1490 1968 1532 Commodo
1988 1505 2075 1547 pag.
2099 1502 2190 1544 214.
2217 1488 2263 1533 il-

147 1547 200 1588 las
222 1550 258 1588 in
284 1549 342 1588 M.
369 1547 525 1586 Aurelio
549 1545 597 1586 ad
624 1548 919 1602 Hipponensem
944 1548 1151 1588 Coloniam
1178 1547 1344 1602 speRare
1362 1545 1530 1588 diximus
1545 1575 1558 1594 ,
1586 1548 1675 1588 cum
1700 1549 1722 1588 e
1740 1547 1872 1588 contra
1888 1547 1930 1588 P.
1949 1547 2178 1589 Harduinus
2195 1561 2263 1591 eas

146 1604 198 1644 ad
223 1603 546 1643 Haclrumetinam
572 1603 741 1644 retulerit
761 1620 767 1643 :
809 1602 976 1644 secunda
1003 1616 1131 1644 autern
1156 1603 1279 1644 littera
1303 1604 1357 1644 est
1383 1618 1433 1650 G,
1461 1617 1542 1644 non
1562 1618 1584 1644 c
1598 1623 1610 1650 3
1639 1604 1780 1658 Hippo
1797 1603 1902 1644 enim
1922 1604 1961 1643 in
1982 1603 2172 1645 Numidia
2188 1604 2259 1646 du-

146 1659 234 1714 plex
252 1686 263 1705 ,
293 1660 353 1698 seu
374 1659 549 1711 geminus
568 1683 578 1703 ‚
607 1658 700 1698 alter
724 1660 870 1712 Regius
895 1672 1055 1700 vocatus
1072 1687 1085 1706 ,
1113 1659 1206 1700 alter
1221 1659 1463 1711 ‘Diarrhytus
1489 1658 1553 1700 seu
1576 1659 1739 1715 irriguus
1753 1684 1765 1708 ‚
1794 1660 1900 1715 prior
1917 1660 1938 1700 a
1959 1659 2259 1715 PlinioJuniore

146 1715 317 1754 Colonia
342 1712 607 1766 Hipponensis
631 1713 769 1755 dicitur
788 1715 847 1754 lib.
865 1730 904 1766 9.
922 1715 1031 1770 epist.
1054 1715 1102 1755 ad
1120 1715 1329 1755 Caninium
1346 1742 1358 1762 ‚
1387 1714 1499 1769 quod
1522 1714 1724 1756 confirmat
1748 1716 1976 1756 Antoninus
1997 1716 2087 1757 Pius
2112 1717 2152 1757 in
2169 1717 2256 1759 ltin.

147 1769 324 1824 Hippone
349 1770 468 1822 Regio
498 1768 651 1809 Colonia
683 1784 727 1809 M.
752 1785 786 1810 Ρ.
813 1785 950 1810 xxxx.
996 1770 1221 1810 Adummim
1249 1784 1298 1810 M.
1321 1785 1355 1810 P.
1374 1784 1464 1811 xxx
1481 1785 1495 1811 1
1514 1785 1544 1811 1.
1592 1770 1784 1826 Nalpotes
1812 1786 1859 1812 M.
1884 1786 1916 1811 P.
1938 1785 2015 1812 xL.
2055 1772 2259 1816 Thabraca

148 1839 198 1866 M.
224 1840 257 1864 P.
280 1838 379 1864 xxx.
417 1823 593 1877 Hippone
610 1823 784 1877 Zarytho
814 1839 861 1864 M.
886 1840 923 1866 P.
945 1840 1021 1866 Lx.
1059 1826 1122 1866 De
1140 1826 1301 1881 geminis
1317 1827 1386 1867 illis
1402 1827 1559 1868 urbibus
1575 1826 1659 1867 haec
1675 1838 1802 1870 narrat
1820 1828 1972 1869 Solinus
1989 1841 2072 1883 cap.
2089 1842 2153 1878 29.
2182 1829 2260 1869 Bo-

146 1883 229 1921 rion
247 1882 541 1934 promontorium
561 1906 573 1926 ,
609 1879 712 1933 quod
732 1881 922 1935 Aquilone
946 1882 1104 1921 caditur
1119 1908 1131 1928 ‚
1163 1882 1287 1922 Graeci
1316 1882 1474 1922 advena
1486 1883 1546 1934 stc
1568 1891 1831 1931 vocaverunt,
1859 1883 2074 1937 Hipponem
2096 1885 2260 1940 Regium

145 1936 291 1976 dic‘lum
309 1949 321 1973 .·
350 1935 448 1974 Item
474 1935 686 1988 Hipponem
711 1935 872 1976 alterum
900 1937 1137 1989 inteijfluente
1153 1937 1262 1991 freto
1288 1938 1537 1985 ‘Diarrhyton
1564 1947 1821 1994 nuncupatum
1839 1958 1853 1984 3
1885 1938 2103 1989 nobiliffima
2124 1941 2260 1995 oppida

145 1994 291 2047 equites
302 1991 427 2030 Graeci
443 1990 699 2031 condiderunt.
731 1991 855 2042 Qiod
872 1992 1067 2047 improbat
1084 1993 1296 2034 Bochartus
1313 2005 1407 2049 part.
1420 2008 1455 2034 2.
1469 1993 1532 2034 lib.
1552 2007 1584 2034 1.
1602 2008 1688 2049 pag.
1707 2007 1748 2045 5¹
1758 2007 1796 2046 7.
1828 1994 1979 2035 Solinus
1990 1995 2141 2035 Graecos
2158 1998 2261 2052 equi-

146 2054 205 2088 tes
229 2056 427 2101 utrumque
450 2045 649 2099 condidiffe
668 2046 756 2087 vult
774 2074 785 2094 ‚
800 2048 921 2101 fali‘d
945 2063 994 2088 ex
1014 2051 1160 2089 nomine
1176 2049 1392 2104 conjecJura
1409 2064 1420 2088 .·
1448 2049 1700 2105 quodfalsum
1720 2049 1771 2101 est
1784 2047 1832 2094 ἐν
1847 2049 2057 2090 ridiculum.
2086 2051 2261 2095 Sallustio

146 2102 266 2144 fidem
286 2102 444 2142 adhibet
458 2129 470 2148 ,
501 2102 569 2156 qui
592 2103 823 2156 Hipponem
848 2103 1079 2153 Phoenicum
1102 2119 1202 2159 opus
1226 2105 1424 2150 accenset,
1452 2105 1509 2144 uti
1530 2105 1610 2157 jam
1630 2104 1798 2145 diximus
1820 2105 1861 2145 in
1878 2105 2073 2146 Caracalla
2089 2120 2173 2162 pag.
2192 2122 2258 2160 40.

145 2158 379 2213 Hipponem
397 2158 607 2198 Coloniam
625 2159 646 2198 εἰ
658 2158 681 2210 J
687 2159 763 2197 ulio
781 2158 932 2199 Caesare
948 2160 1194 2199 constitutam
1212 2160 1330 2200 docet
1345 2158 1470 2210 Juliae
1487 2172 1633 2199 nomen
1653 2160 1693 2200 in
1715 2173 1881 2201 nummo
1891 2181 1904 2208 ς
1932 2161 2258 2208 Hadrumetinam

144 2227 240 2255 vero
258 2216 278 2254 a
294 2213 468 2266 Trajano
483 2211 687 2253 deduc-*tam
703 2241 715 2260 ‚
746 2213 870 2266 Uloiae
887 2213 1096 2268 appellatio
1111 2213 1151 2253 in
1169 2215 1328 2255 Gruteri
1344 2214 1589 2268 inscriptione
1610 2216 1630 2255 a
1647 2215 1760 2256 Patre
1776 2216 1986 2259 Harduino
2001 2218 2114 2261 allata
2135 2217 2257 2262 deno⁴

144 2281 209 2312 tat.
237 2270 349 2323 Lupa
365 2282 452 2310 cum
469 2269 645 2309 Romulo
660 2269 843 2310 &Remo
860 2269 1105 2314 laetantibus,
1135 2269 1316 2309 Coloniae
1333 2270 1524 2310 Romanae
1539 2269 1755 2324 symbolum
1772 2271 1838 2312 est.
2248 2267 2256 2273 ’

197 2360 282 2402 Hic
296 2375 467 2403 nummus
483 2362 631 2402 minimi
646 2361 785 2402 moduli
800 2363 902 2402 inter
916 2362 1077 2401 rariores
1091 2359 1356 2401 numerandus.

859 2470 1369 2513 LAODICEA
1419 2471 1547 2525 Syme.

143 3032 246 3062 ATT·
268 3030 302 3057 K.
329 3031 373 3057 M.
402 3028 548 3058 iorni.
578 3028 820 3059 amitinos:
852 3031 959 3060 ceu.
996 3020 1130 3075 Caput
1145 3019 1312 3077 Philippi
1327 3021 1547 3065 laureatum.

199 3094 222 3120 c
235 3091 260 3117 o
275 3091 313 3116 L.
343 3090 369 3115 L
383 3089 410 3114 A
421 3090 447 3116 o
457 3090 482 3115 D
494 3089 508 3114 1
521 3090 555 3116 c.
586 3089 623 3115 M
635 3089 658 3114 Ε
671 3089 695 3114 T
707 3089 737 3115 R
749 3090 775 3115 o
785 3089 806 3115 Ρ
817 3089 843 3115 0
857 3090 882 3116 L
895 3090 919 3115 E
932 3090 958 3115 0
971 3089 1003 3116 s.
1043 3077 1199 3117 Colonia
1217 3078 1414 3118 Laodiceae
1431 3080 1693 3134 Metropoleos.
1729 3083 1776 3122 In
1796 3097 1882 3124 area
1909 3097 1946 3124 Δ.
1965 3098 2000 3124 Ε.
2039 3084 2166 3128 Diana
2184 3094 2245 3130 tu-

252 3131 370 3171 tulata
387 3134 424 3170 &
442 3131 606 3172 tunicata
618 3158 630 3177 ‚
660 3131 794 3171 dextra
817 3130 916 3171 elata
940 3132 1060 3172 telum
1078 3133 1099 3172 ἐ
1117 3132 1295 3186 pharetra
1309 3133 1423 3176 dorso
1441 3136 1608 3191 appensa
1625 3137 1843 3193 depromit,
1873 3138 2014 3180 sinistra
2032 3155 2161 3184 arcum
2179 3158 2246 3201 ge-

253 3200 362 3237 rens,
391 3198 464 3240 pro
478 3187 644 3240 pedibus
657 3186 854 3241 hincinde
868 3187 1032 3228 Cervus.

195 3264 407 3307 Laodiceas
419 3265 533 3305 urbes
548 3265 569 3305 ἒι
586 3265 746 3306 Seleuco
762 3264 951 3306 Nicatore
972 3265 1037 3307 sex
1052 3265 1092 3307 in
1109 3268 1238 3310 matris
1254 3268 1441 3311 Laodices
1461 3272 1685 3314 memoriam
1701 3272 1876 3314 conditas
1893 3286 2018 3317 narrat
2033 3276 2242 3332 Appianus

141 3323 182 3364 in
201 3322 380 3383 Syriacis:
406 3324 508 3366 Kal‘zg
522 3329 568 3359 ἐπὶ
584 3329 620 3372 τῇ
634 3325 733 3370 fan-ce)
749 3325 929 3363 Aaodlnelou.
959 3321 1018 3375 Et
1023 3322 1101 3374 fi’x
1116 3323 1139 3363 ἁ
1158 3333 1279 3365 matre
1299 3324 1522 3366 Laodiceas.
1563 3327 1640 3368 Sed
1661 3343 1709 3369 ex
1733 3329 1779 3370 iis
1795 3330 1976 3372 omnibus
1993 3345 2038 3372 ea
2059 3334 2135 3376 sola
2151 3349 2238 3389 quae

139 3380 180 3420 in
205 3379 311 3432 Syria
334 3377 383 3418 ad
408 3391 510 3417 mare
535 3378 708 3434 adjacet,
736 3377 907 3430 Colonia
928 3378 950 3417 a
966 3377 1153 3433 Septimio
1169 3380 1311 3422 Severo
1332 3380 1384 3420 ob
1407 3381 1493 3422 belli
1515 3383 1634 3424 civilis
1655 3385 1790 3426 merita
1809 3386 2017 3428 constituta
2034 3389 2108 3436 est,
2138 3402 2180 3432 ut
2196 3391 2239 3433 in

140 3432 338 3476 Caracalla
351 3431 438 3486 fuse
458 3430 623 3474 diximus
641 3448 727 3488 pag.
744 3448 804 3488 39.
840 3433 908 3474 Illa
924 3433 978 3474 est
994 3433 1103 3480 urbs,
1131 3449 1248 3490 quarn
1267 3436 1425 3490 diripuit
1441 3438 1589 3480 Caffius
1600 3466 1613 3486 ‚
1642 3440 1731 3481 cum
1747 3441 1786 3481 in
1806 3454 1891 3481 eam
1909 3440 1946 3483 se
1965 3443 2162 3485 Dolabella
2179 3459 2237 3486 re-

140 3489 296 3544 cepisset
309 3515 328 3536 ‚-
344 3501 392 3539 *ut
409 3489 514 3530 idem
531 3489 736 3544 Appianus
752 3489 868 3530 tradit
881 3489 930 3530 de
949 3488 1039 3530 Bell.
1057 3490 1126 3530 civ.
1148 3492 1210 3533 lib.
1230 3505 1267 3545 4.
1295 3498 1454 3532 Λωοῶκέων
1471 3497 1544 3544 &ni
1556 3514 1585 3534 τε
1600 3499 1672 3545 1269?
1687 3498 1735 3546 ’tul
1750 3499 1788 3534 πε
1804 3501 1886 3539 mma&
1899 3501 2011 3542 ἕωλοι,
2035 3504 2083 3551 ‚033
2098 3506 2150 3540 τές
2165 3509 2232 3540 ἐπι.

142 3553 244 3591 φωνεῖς
259 3549 400 3597 mauge.
433 3543 716 3597 Laodicenfium
739 3542 786 3589 ὄπ’
798 3544 905 3598 fana
930 3542 978 3588 dy
1000 3547 1173 3587 aerarium
1195 3549 1377 3602 diripuit,
1404 3550 1660 3602 nobilffmum
1683 3565 1862 3608 quemque
1873 3549 2062 3611 fhpplicio
2086 3554 2233 3607 afficit.

138 3600 332 3642 Laodicea
352 3614 534 3656 tanquam
550 3601 714 3642 secunda
728 3601 842 3655 Syriae
862 3600 1094 3654 Metropolis
1113 3600 1292 3658 Philippo
1310 3618 1443 3658 pacem
1462 3620 1550 3647 cum
1569 3606 1716 3647 Parthis
1735 3607 1915 3651 sancienti
1930 3623 2111 3651 nummos
2127 3611 2231 3652 laeta‹

140 3656 270 3697 bunda
289 3659 462 3711 percutit.
508 3657 633 3697 Diana
651 3656 705 3696 est
722 3657 761 3696 in
778 3670 940 3696 nummo
957 3683 969 3702 ,
997 3660 1037 3696 &
1052 3669 1132 3696 non
1148 3659 1297 3713 Cybele
1314 3686 1325 3705 ‚
1352 3659 1450 3701 inter
1469 3660 1569 3702 duos
1588 3676 1722 3703 cervos
1737 3691 1749 3710 ‚
1779 3665 1834 3705 uti
1855 3664 2001 3719 profert
2018 3666 2175 3707 Patinus
2188 3667 2229 3708 in

138 3711 275 3753 Indice
294 3726 377 3767 pag.
397 3726 411 3752 1
425 3725 458 3763 5.
477 3726 595 3766 quem
612 3712 665 3752 ob
681 3711 873 3752 calathum
890 3712 1006 3765 capiti
1022 3712 1116 3753 Deae
1131 3713 1410 3769 superpositum
1433 3716 1558 3758 forsan
1574 3732 1653 3758 non
1671 3718 1852 3773 sequutus
1871 3720 1962 3760 esset
1977 3721 2124 3761 Comes
2142 3722 2230 3762 Me-

137 3767 345 3808 diobarbus
364 3781 450 3823 pag.
473 3780 563 3820 347.
591 3767 616 3806 fi
634 3781 834 3807 nummum
851 3767 1000 3808 vidisset
1016 3787 1028 3813 ς
1055 3768 1155 3809 adeo
1175 3770 1374 3811 neceffiria
1393 3772 1449 3812 est
1466 3773 1734 3815 numismatum
1755 3775 1962 3829 inspeffim
1991 3779 2029 3814 &
2049 3790 2131 3816 non
2153 3777 2230 3818 sola

137 3836 273 3864 corum
296 3821 509 3875 descriptio.
559 3823 681 3862 Diana
707 3823 907 3863 Laodicea:
929 3823 982 3862 sui
1008 3823 1152 3865 cultum
1175 3826 1327 3866 indicat.
1368 3827 1462 3879 Ejus
1486 3828 1634 3882 {ignum
1655 3830 1835 3871 Seleucus
1861 3831 1881 3869 a
1901 3829 2019 3870 Pcrfis
2036 3844 2083 3871 ex
2101 3833 2231 3872 Attica

138 3878 331 3923 ablatum,
360 3882 398 3917 ὃς
413 3877 512 3917 Sufis
530 3889 743 3931 repertum,
773 3878 1069 3919 Laodicenfibus
1085 3881 1286 3926 concessit‚
1316 3893 1358 3921 ut
1379 3895 1426 3921 ex
1446 3882 1628 3925 Pausania
1651 3884 1691 3925 in
1715 3884 1920 3940 Elagabalo
1938 3898 2020 3940 pag.
2044 3888 2107 3926 82.
2128 3898 2229 3927 retu·

137 3934 261 4022 limus.
291 3932 408 3974 Cervi
427 3947 498 3987 pro
520 3932 685 3987 pedibus
700 3933 836 3974 Dianae
859 3934 1012 3982 adsunt,
1040 3935 1150 3990 quod
1172 3936 1199 3976 ii
1226 3935 1344 3978 essent
1370 3936 1461 3980 huic
1482 3938 1576 3979 Dese
1596 3939 1706 3987 sacri,
1733 3940 1760 3980 sl
1780 3939 2023 3994 Apollodoro
2038 3940 2230 4036 fidesi'gst,

202 4017 206 4020 Δ
2136 4010 2147 4034 ι
2178 4009 2240 4037 .2.
