2574 4214
565 176 1912 245 ,MAURErru-s*
2172 187 2263 243 ιη’

157 246 242 298 haec
263 245 286 292 ἓι
312 241 659 293 munificentiffimo
682 248 860 303 Principe
884 249 1109 296 restaurata,
1136 247 1207 303 ipfi
1235 262 1313 289 non
1338 249 1461 289 modo
1486 263 1691 294 nummos,
1718 248 1782 288 sed
1810 252 1848 288 δὲ
1875 247 1930 288 Μ.
1961 249 2119 289 Aurelio
2143 251 2191 290 ab
2210 267 2259 291 eo

157 310 367 362 adoptatO,
396 311 435 347 δε
462 304 610 346 Caesare
635 308 862 357 nuncupato
888 303 1073 357 percussit.
1130 304 1358 357 Adoptionis
1379 305 1463 350 lex,
1491 305 1616 357 inquit
1636 303 1900 357 Capitolinus,
1930 304 2141 358 hry'ufhzodi
2158 305 2254 345 data

157 363 206 415 est
225 378 237 402 :
265 370 310 402 ut
325 359 630 417 quemadmodum
644 360 868 399 Antoninus
883 358 933 398 ab
951 359 1157 400 Hadriano
1173 359 1449 413 adoptabatur,
1478 362 1537 398 ita
1546 359 1616 405 fibi
1636 357 1700 397 ille
1713 357 1910 410 adoptaret
1929 358 1985 396 M
2010 359 2252 399 Antoninum

143 418 293 473 fratris
316 417 446 455 uxoris
458 415 544 466 ficae
556 414 686 465 filium
692 440 705 461 ,
734 412 782 457 &¹
807 413 858 453 L.
888 414 1028 454 Verum
1052 414 1190 460 QAElii
1216 415 1326 462 Veri,
1353 416 1420 470 qui
1439 414 1487 454 ab
1505 413 1710 453 Hadriano
1727 412 1930 465 adoptatus
1932 412 2093 466 fitcrvvt,
2110 413 2248 463 filmm.

154 474 306 527 Lupam
323 471 439 511 ubera
455 469 632 511 Romulo
649 472 687 508 &
710 468 841 509 Remo
858 470 1092 523 praebentem
1108 471 1148 510 in
1169 483 1330 511 nummo
1348 470 1541 524 signarunt
1556 465 1856 512 Antiochenses,
1886 479 1929 508 ut
1945 468 1980 508 se
2003 468 2249 507 Romanos&

154 527 326 582 ejusdem
354 526 511 581 originis
533 525 608 566 esse
635 523 846 565 indicarent
870 544 882 571 3
911 524 1053 580 hicque
1079 536 1193 580 typus
1216 539 1289 580 pro
1315 525 1495 566 Coloniae
1517 524 1709 565 Romanae
1739 522 1913 576 symbolo
1939 522 2121 576 frequens
2143 524 2248 563 exhi-⁴

154 583 275 628 betur.

205 668 289 710 Hic
305 680 478 708 nummus
489 667 636 707 minimi
650 665 790 707 moduli
805 665 942 707 obvim
960 664 1008 709 ὠ
1024 667 1146 706 tritus
1162 665 1220 717 est.

151 1249 430 1288 AVRELIVS'
462 1247 692 1282 CAESAR.
729 1242 864 1296 Caput
878 1237 938 1283 M.
958 1242 1103 1284 Aurelii
1122 1245 1281 1287 nudum.

130 1296 137 1300 ’
200 1311 483 1339 coLoNIAss
516 1311 893 1339 ANTIOCHEAE.
923 1299 1150 1353 Aquilaalis
1173 1296 1358 1355 expanfis.

197 1390 398 1431 Nummus
414 1390 461 1430 ab
478 1389 610 1430 iisdem
632 1389 955 1431 Antiochensibus
972 1389 1139 1436 Pifidiae,
1167 1404 1246 1430 non
1271 1400 1400 1430 autem
1427 1390 1565 1444 Syriae9
1592 1402 1635 1432 ut
1661 1383 1774 1433 tradit
1788 1391 1944 1433 Pa'tin‘u's
1963 1396 2049 1446 pag.
2071 1394 2159 1445 234.
2179 1379 2238 1431 M;

144 1445 302 1491 Aurelio
321 1444 448 1485 adhuc
467 1444 605 1485 Caesari
622 1445 814 1500 percussus
831 1446 896 1486 est.
926 1445 994 1486 Ille
1017 1446 1194 1500 quamvis
1212 1445 1418 1499 adoptatus
1436 1447 1484 1485 ab
1505 1447 1707 1487 Antonino
1723 1448 1814 1493 Pio,
1843 1447 1998 1487 vivente
2014 1447 2140 1486 adhuc
2158 1447 2241 1487 Ha-

144 1501 300 1547 driano,
329 1500 503 1541 nondum
523 1500 680 1540 Caesaris
695 1515 838 1540 nomen
854 1500 924 1541 nisi
949 1501 1037 1552 post
1061 1501 1251 1541 Hadriani
1275 1511 1441 1540 mortem
1456 1500 1619 1553 adeptus
1635 1501 1712 1547 est,
1731 1514 1835 1541 anno
1852 1502 1988 1541 scilicet
2008 1502 2061 1541 U.
2080 1503 2129 1542 C.
2147 1505 2238 1551 891.

143 1557 301 1599 CHrist.
336 1559 425 1610 138.
455 1555 505 1596 de
524 1568 605 1609 quo
633 1557 877 1610 Capitolinus
896 1571 904 1596 :
931 1556 1076 1596 Adhuc
1093 1556 1324 1611 Qtaestorem
1342 1552 1390 1599 ὠ
1407 1556 1740 1607 Consulemfi’cum
1758 1557 1863 1596 ‘Pius
1880 1556 2059 1597 Alorcum
2075 1556 2239 1610 defigna-

142 1614 228 1659 vit,
255 1610 302 1656 &¹
322 1610 481 1664 Caesuris
500 1611 746 1664 appellatione
761 1626 842 1652 eum
862 1611 1032 1651 donavit.
1068 1611 1326 1652 Tribunitiam
1344 1611 1438 1651 vero
1456 1611 1685 1666 potestatem
1702 1613 1852 1653 tantum
1869 1613 1956 1665 post
1972 1613 2124 1666 nuptias
2142 1612 2174 1651 F
2175 1626 2241 1652 au-

142 1668 248 1711 stinae
267 1667 306 1707 in
331 1665 498 1707 secundo
520 1667 732 1706 Consulatu
761 1681 862 1707 anno
885 1667 937 1707 U.
965 1667 1014 1707 C.
1035 1670 1126 1715 899.
1146 1667 1303 1708 CHrist.
1330 1672 1417 1719 146.
1435 1667 1606 1721 accepit,
1634 1679 1677 1708 ut
1699 1668 1826 1722 inquit
1841 1668 1945 1708 idem
1966 1667 2211 1722 Capitolinus
2230 1682 2239 1707 :

141 1723 236 1774 ‘Post
255 1723 335 1762 haec
356 1721 571 1774 Faustinam
590 1722 706 1775 duxit
727 1736 899 1769 uxorem,
928 1720 976 1765 ὅγ’
985 1721 1164 1776 fics'ceptd
1175 1721 1285 1774 filici,
1314 1721 1534 1762 Tribunum
1545 1722 1729 1777 potestate
1743 1724 1906 1763 donatus
1923 1722 1983 1775 est.
2028 1725 2240 1777 Imperator

140 1777 299 1820 demum
324 1778 409 1831 post
430 1777 618 1818 Antonini
642 1777 698 1817 Pii
723 1789 885 1818 mortem
906 1777 961 1817 est
977 1778 1201 1832 appellatus.
1230 1777 1395 1840 Aquila,
1422 1777 1579 1832 Imperii
1598 1777 1769 1818 Romani
1787 1778 2023 1833 symbolum,
2050 1780 2097 1820 ad
2118 1778 2240 1819 Colo«

139 1834 212 1874 niae
228 1833 453 1887 dignitatem
472 1832 623 1886 spen-at.
656 1831 933 1874 Antiochenses
949 1843 1078 1876 autern
1096 1833 1136 1872 in
1153 1832 1336 1887 superiori
1354 1844 1517 1873 nummo
1532 1833 1662 1886 lupam
1683 1847 1772 1873 cum
1790 1834 1958 1887 puerulis
1969 1833 2019 1873 ad
2036 1834 2240 1874 Romano-

139 1902 225 1932 rum
255 1888 440 1942 originem
464 1908 476 1934 3
505 1888 670 1940 aquilam
697 1888 737 1928 in
762 1888 861 1935 hoc,
889 1888 939 1928 ad
964 1887 1190 1929 eorumdem
1208 1889 1425 1943 potentiam
1448 1888 1715 1935 indicandam,
1744 1888 1808 1929 seu
1835 1900 1878 1930 ut
1903 1889 2072 1931 solemne
2095 1890 2238 1937 Romae

141 1942 354 1998 symbolum
373 1941 640 1997 percusserunt.

193 2032 277 2076 Hic
295 2047 465 2075 nummus
480 2033 631 2075 minimi
643 2032 782 2074 moduli
797 2033 934 2075 obvius
949 2030 1187 2092 &frequens
1203 2034 1262 2088 est,

895 2128 1485 2205 BERYT‘US.

137 2755 200 2791 xm
213 2759 247 2786 P.
285 2759 308 2786 c
320 2759 347 2785 A
359 2758 383 2786 Ε
395 2759 414 2785 s
427 2759 454 2786 A
467 2752 512 2786 R.
545 2753 571 2785 A
586 2758 617 2785 N
631 2758 655 2785 1·
668 2759 693 2786 o
705 2759 736 2786 N
748 2759 764 2787 1
775 2758 806 2787 N
819 2754 846 2788 v
857 2757 876 2786 s
911 2760 938 2788 A
951 2759 976 2788 v
991 2761 1032 2789 e.
1069 2747 1203 2804 Caput
1221 2740 1282 2788 M.
1299 2738 1443 2791 Aurelii
1456 2748 1687 2795 laureatum,
1714 2745 1849 2803 aquilae
1867 2749 1972 2790 velut
1987 2745 2224 2805 imp'ofit'umj

243 2801 284 2842 in
300 2814 386 2841 area
415 2815 437 2841 c
449 2814 475 2840 o
489 2814 526 2841 L.
555 2800 719 2842 Colonia.

187 2870 249 2901 1M
262 2870 297 2895 P.
331 2871 354 2896 c
367 2870 394 2896 A
405 2871 429 2896 E
441 2870 473 2895 s.
505 2871 544 2896 L.
576 2871 604 2899 A
618 2871 642 2896 v
654 2870 686 2897 R
698 2871 721 2896 E
735 2872 771 2898 L.
801 2870 829 2895 v
841 2870 864 2896 E
878 2870 907 2897 R
919 2871 946 2897 v
960 2871 991 2897 s.
1025 2872 1052 2898 A
1066 2872 1093 2896 v
1105 2872 1145 2898 G.
1186 2858 1318 2913 Caput
1336 2858 1378 2900 L.
1400 2858 1496 2901 Veri
1515 2859 1724 2900 laureatum
1741 2885 1754 2906 ,
1783 2858 1920 2913 aquilae
1941 2859 2048 2901 velut
2068 2860 2222 2916 impost-

243 2923 324 2954 tum
335 2938 347 2958 ,
373 2912 414 2952 in
432 2925 516 2952 area
547 2926 568 2952 B
582 2926 605 2952 E
618 2926 661 2952 R.
690 2913 854 2965 Berytus
873 2913 934 2954 vel
949 2913 1166 2966 Berytenfis.

186 3001 354 3043 Colonia
378 3000 591 3057 Berytensis
614 3015 815 3045 nummum
839 3004 925 3045 belli
943 3004 1107 3045 Parthici
1123 3015 1298 3060 tempore
1319 3004 1532 3060 percussisse
1550 3004 1724 3052 videtur,
1752 3003 1812 3046 M.
1827 3005 1985 3046 Aurelio
2000 3009 2038 3045 &
2056 3005 2099 3046 L.
2113 3005 2221 3047 Vero

131 3057 403 3115 gratulabunda
427 3061 479 3100 ob
503 3059 664 3100 Parthos
689 3074 757 3113 per
778 3060 925 3116 Syriam
943 3060 1146 3115 grassantes
1164 3087 1177 3107 ‚
1206 3061 1478 3102 Romanorum
1499 3064 1611 3102 armis
1635 3062 1752 3116 longe
1775 3061 1984 3116 propulsos.
2022 3060 2222 3103 Nummus

133 3126 339 3167 utrumque
355 3114 563 3155 laureatum
579 3142 590 3162 ,
620 3115 835 3170 Augustum
849 3143 862 3163 ‚
889 3119 929 3155 &
947 3116 1223 3170 Imperatorem
1239 3117 1375 3171 aquilae
1393 3116 1728 3172 superimpositum
1743 3116 1898 3156 exhibet
1920 3131 1928 3155 :
1956 3130 2043 3156 nam
2061 3116 2117 3156 M.
2144 3120 2220 3158 Au-

131 3169 243 3210 relius
259 3169 302 3209 L.
315 3169 462 3211 Verum
479 3170 635 3224 Imperii
654 3171 876 3226 participem
896 3171 1065 3218 fecerat5
1091 3172 1185 3213 teste
1202 3172 1437 3226 Capitolino.
1466 3172 1639 3213 Fratrem
1651 3171 1729 3224 sibi
1744 3172 1971 3226 particzpem
1994 3173 2035 3210 in
2061 3173 2221 3227 imperio

129 3223 338 3278 defignavit
356 3240 367 3263 :
396 3239 503 3280 quem
519 3226 569 3265 L.
584 3227 682 3265 Aur.
703 3227 843 3266 Verum
859 3225 1096 3266 Commodum
1111 3226 1321 3282 appellavit
1333 3255 1345 3274 ‚
1374 3228 1628 3284 Caesaremque
1645 3235 1759 3281 atque
1776 3225 1984 3279 Augustum
2001 3228 2106 3267 dixit
2118 3255 2131 3275 ,
2159 3240 2219 3270 at.

129 3293 199 3334 que
215 3294 263 3319 ex
281 3294 320 3319 eo
331 3282 480 3334 pariter
495 3289 680 3335 caeperunt
695 3281 824 3335 Remp.
833 3295 975 3335 gerere.
1012 3280 1189 3339 Tuncque
1196 3283 1362 3337 primum
1379 3279 1594 3324 Romanum
1619 3283 1813 3335 Imperium
1830 3281 1922 3320 duos
1943 3283 2129 3337 Augustos
2145 3284 2218 3324 ha-

128 3336 211 3375 bere
228 3337 345 3388 coepit.
386 3335 483 3375 Ideo
499 3347 661 3390 uterque
678 3337 866 3378 laureatus
883 3337 937 3377 est
954 3337 993 3376 in
1014 3349 1175 3378 nummo
1187 3365 1198 3384 ,
1225 3340 1264 3377 &
1278 3350 1441 3393 uterque
1459 3338 1652 3393 Augustus
1671 3351 1679 3375 :
1707 3351 1794 3376 nam
1812 3336 1979 3376 Caesares
1992 3337 2118 3379 laured
2133 3354 2215 3383 non

129 3391 420 3430 coronabantur.
457 3391 636 3444 Uterque
652 3391 898 3445 Imperatoris
913 3405 1056 3432 nomen
1073 3394 1193 3449 gerit,
1220 3393 1364 3434 &ideo
1378 3407 1542 3448 uterque
1560 3392 1696 3446 aquilae
1711 3391 2051 3446 superimponitur,
2081 3407 2214 3437 utam-

128 3444 181 3487 bo
196 3444 354 3540 Imsperil}
367 3445 537 3542 Ιῗοτηειῗὶί
554 3446 755 3503 participes
765 3467 778 3494 5
806 3446 931 3502 aquila
947 3447 1071 3496 enim,·
1100 3460 1144 3490 ut
1158 3448 1323 3490 diximus
1339 3450 1449 3508 supra
1462 3451 1502 3489 in
1517 3447 1734 3488 Antiochiae
1749 3448 1936 3495 nummis,
1956 3448 2112 3504 Imperii
2126 3452 2211 3493 Ro-

128 3512 233 3544 mam
264 3514 326 3553 ym
355 3515 381 3541 o
394 3515 459 3541 um
476 3516 498 3542 e
532 3533 540 3541 .

180 3583 262 3627 Hic
277 3599 450 3627 nummus
452 3587 630 3640 ficundae
646 3587 940 3644 magnitudinis,
966 3585 990 3627 ιὶ
1006 3586 1155 3628 Patina
1163 3598 1255 3647 pag.
1275 3602 1365 3640 ²41·
1383 3588 1565 3643 vagatus
1572 3615 1585 3636 ‚
1611 3590 1711 3629 inter
1725 3590 1882 3630 rariores
1896 3591 2156 3637 numerandus,

181 3922 284 3965 Tom.
310 3919 347 3964 Ι.
1388 3920 1425 3969 ’Ζ
