2574 4214
699 174 1366 221 ANTONINUS
1450 174 1694 221 PIUS.
2154 189 2243 223 ’πό-’ν

201 244 430 290 Antiochia,
457 237 547 283 urbs
564 241 786 296 multiplex;
816 240 898 280 haec
916 253 1044 280 autem
1063 254 1149 294 quae
1166 242 1334 281 Colonia
1351 241 1418 281 sub
1433 242 1635 281 Antonino
1651 241 1721 280 Pio
1735 240 1956 295 perhibetur
1969 269 1979 287 ,
2010 251 2086 282 non
2104 244 2150 283 ad
2168 211 2247 285 Ans⁴

144 301 325 344 tiochiam
339 300 453 353 Syriae
469 298 537 338 sub
556 297 751 337 Caracalla
769 297 916 336 tantum
936 297 1163 341 deduftam,
1193 296 1257 336 sed
1283 296 1330 336 ad
1356 296 1554 336 Pilidicam
1573 296 1746 350 pertinet.
1779 297 1918 337 Plinius
1936 298 1994 336 lib.
2023 310 2053 347 ς.
2075 313 2154 352 cap.
2178 314 2239 348 27,

145 355 307 408 [nfident
330 356 474 395 vertice
498 353 661 404 Pistdae,
688 350 874 406 quondam
899 351 1037 399 Solymi
1061 351 1263 405 appellati,
1293 365 1446 406 quorum
1472 352 1627 390 Colonia
1651 350 1842 398 Caefiirea,
1871 352 1998 391 eadem
2015 354 2237 394 Antiochia.

141 413 305 454 Nomen
332 409 508 461 Caesareae
530 408 577 448 ab
603 407 777 461 Augusto
803 406 1047 447 constitutam
1076 407 1224 462 arguit-‚
1253 421 1340 447 nam
1359 407 1554 447 Strabonis
1572 406 1654 458 ejus
1672 405 1783 446 sstum
1801 406 2045 447 describentis
2062 421 2145 445 sevo
2159 408 2239 458 jam

141 467 319 510 Coloniae
336 465 449 507 titulo
471 463 664 518 gaudebat
682 477 689 500 :
719 461 769 502 sic
787 462 889 501 enim
907 463 970 502 ille
989 463 1050 502 lib.
1074 476 1132 502 12.
1155 476 1240 518 pag.
1264 476 1352 514 577.
1385 465 1568 514 ngdcdgmzv
1584 462 1636 509 μῼὸ
1653 466 1845 510 Φιλομήλην,
1868 468 1906 499 εκ
1921 470 2023 510 &aaa
2040 467 2072 500 δὲ
2087 470 2238 512 μέμ-λυ-

141 527 257 572 πάχεα.
271 529 285 564 ἦ
301 525 380 567 ,πῶς
397 526 521 559 Umbrae
535 521 703 567 noekxfzgv'n,
728 523 745 560 ἦ
760 518 812 566 ,1424)
829 527 859 557 <³st
876 521 961 567 mosia
979 519 1089 567 κειμῼᾶη
1105 527 1204 560 πᾶσα,
1222 522 1236 561 ἢ
1255 523 1292 564 AL
1310 527 1355 556 ἐπὶ
1372 522 1468 567 λε’φον
1487 524 1580 567 ἔχευα
1595 524 1732 557 Simmiam
1752 526 1896 566 Ρωμκίων.
1929 517 2067 569 Iserssts
2080 517 2234 571 SrPl'en-

139 583 297 621 trionem
315 577 585 619 Philomelium
602 604 614 623 ,
640 576 696 616 ad
707 575 909 616 Menatem
928 575 1141 616 Antiochia
1156 590 1238 630 quae
1256 582 1418 614 vocatur
1435 596 1446 621 3
1475 576 1542 615 illa
1563 578 1604 614 in
1623 585 1750 628 campo
1766 601 1777 619 ,
1806 574 1885 614 hac
1908 575 1948 612 in
1965 573 2053 613 colle
2057 574 2161 621 sita,
2190 572 2237 615 ὠ·

139 635 332 676 Coloniam
348 632 490 672 habens
508 632 733 671 Romanam.
772 631 838 670 Illa
854 631 1005 672 videtur
1017 631 1222 670 Antiochia
1233 658 1244 676 ,
1275 642 1390 684 quam
1409 630 1530 670 arfiffe
1547 630 1614 670 sub
1634 630 1835 669 Antonino
1852 629 1965 669 refert
1976 627 2239 682 Capitolinus:

139 690 198 731 Et
216 687 470 739 Narbonensts
485 689 631 727 civitas
648 714 659 733 ,
689 684 736 729 a}
756 687 967 726 Antiochia
985 685 1157 739 oppidum
1174 712 1186 731 ,
1216 685 1264 729 ό»
1281 685 1577 740 Carthaginense
1587 685 1722 738 forum
1740 683 1839 730 arsit
1878 684 2085 724 Antiochia
2102 682 2241 722 restau-

136 745 292 785 rationis
309 757 476 788 memor,
505 739 854 782 munificentiffimo
873 741 1038 793 Principi
1055 752 1234 779 nummos
1250 739 1414 779 dedicat.
1454 741 1613 795 Figura,
1642 741 1703 779 cui
1721 738 1888 778 crescens
1902 739 2010 778 Luna
2038 738 2151 778 dorso
2170 740 2242 779 im-

135 799 257 855 posita
282 826 293 845 ,
338 803 375 838 &
392 798 510 853 gallus
532 797 581 838 ad
599 796 718 852 pedes
734 824 746 843 ,
776 797 888 836 Deus
905 796 1037 835 Lunus
1053 795 1132 839 est,
1160 795 1270 848 cujus
1291 808 1435 834 nomen
1465 810 1501 835 M
1516 811 1537 835 E
1551 811 1579 836 N
1595 810 1612 836 s
1626 798 1641 834 i
1655 809 1674 834 s
1705 795 1743 834 in
1761 808 1922 833 nummo
1943 793 2121 847 scriptum
2142 794 2238 850 Iegi-

136 869 216 900 tur,
244 867 285 894 ut
301 853 487 894 subolevit
507 853 662 893 Patinus
675 880 687 899 ,
717 865 790 906 pro
810 866 894 905 quo
910 851 1000 906 legit
1015 850 1058 889 P.
1073 850 1302 890 Harduinus
1320 863 1401 890 uno
1419 852 1537 891 verbo
1568 866 1593 891 A
1611 865 1640 891 N
1653 865 1676 890 T
1692 864 1706 889 1
1719 864 1745 889 o
1760 865 1781 889 c
1794 865 1822 890 H
1835 865 1857 888 E
1869 863 1898 888 N
1914 863 1931 887 s
1945 863 1960 887 1
1974 864 1991 888 s
2006 876 2016 895 ‚
2045 863 2115 902 pro
2146 864 2171 888 A
2188 863 2240 888 N-

137 925 162 951 τ
176 924 191 950 1
203 923 228 949 o
242 924 264 949 c
276 925 314 950 ι-ι.
345 922 381 948 Μ
395 923 418 948 E
431 922 461 948 N
475 922 492 947 s
507 922 521 947 i
535 923 565 948 s.
604 908 696 961 Ejus
718 907 795 947 Dei
813 907 853 946 in
871 907 943 946 hac
965 906 1058 946 urbe
1081 905 1226 945 cultum
1245 916 1433 946 memorat
1448 906 1549 947 idem
1567 906 1700 948 Strabo
1718 905 1805 945 loco
1823 904 1991 944 laudato.
2026 916 2063 943 Ης
2085 909 2116 941 δὲ
2133 912 2238 942 eumc-

135 972 175 1012 31„
196 966 243 1013 χρὴ
270 968 405 1014 ῑερωσωίη
428 971 469 1003 τὶς
493 967 600 1003 Μῑωδς
623 970 733 1002 Amata
756 968 870 1006 πλῆᾖυς
892 966 987 1011 {xxm
1002 963 1153 1011 ἱεροὸέλων
1168 963 1216 1009 wi
1231 964 1354 1009 χωρίων
1369 969 1457 1009 ἱερῶν.
1493 961 1585 1002 Fuit
1609 961 1665 1001 ibi
1689 962 1806 1000 etiam
1818 960 2075 1012 sacerdotium
2097 959 2238 1008 Aliensis

135 1021 264 1073 Afcaei
281 1048 292 1066 ‚
319 1020 600 1061 multitudinem
618 1018 894 1060 hierodulorum
918 1018 1058 1059 haberis
1076 1015 1329 1068 &sacrorum
1345 1017 1513 1057 locorum.
1553 1016 1717 1070 Antiqui
1735 1016 1889 1055 Lunum
1911 1018 1948 1054 &
1969 1015 2119 1054 Lunam
2138 1016 2240 1054 cole-s

137 1079 230 1117 bant
244 1103 254 1121 ,
284 1075 415 1129 quod,
444 1087 485 1116 ut
498 1075 624 1128 inquit
641 1074 865 1115 Macrobius
882 1073 1063 1114 Saturnal.
1082 1072 1144 1113 lib.
1162 1085 1198 1126 3.
1218 1087 1299 1127 cap.
1317 1075 1352 1114 8.
1371 1073 1497 1114 eadem
1514 1071 1560 1116 ὠ
1577 1086 1659 1112 mas
1674 1071 1875 1123 aestimatur
1890 1069 2113 1123 &flemina
2144 1070 2237 1109 Gal-

134 1132 192 1172 lus
209 1131 436 1186 gallinaceus
456 1131 491 1170 ei
512 1131 674 1171 tributus
692 1129 746 1171 est
761 1154 774 1176 ,
804 1129 915 1183 qued
938 1129 1098 1170 Latonae
1121 1130 1233 1169 matri
1254 1129 1478 1184 parturienti
1503 1128 1695 1174 adfuerit,
1723 1127 1776 1167 ob
1799 1127 1839 1166 id
1857 1125 2082 1183 gratiffimus
2102 1125 2173 1180 ipsi
2190 1138 2239 1170 ex

135 1184 292 1229 AEliano
309 1185 457 1227 dicitur.

187 1263 270 1305 Hic
286 1277 458 1305 nummus
465 1263 645 1317 secunda
661 1264 935 1319 magnitudinis
946 1291 959 1310 ,
987 1263 1092 1319 apud
1106 1263 1298 1304 Patimini
1308 1272 1394 1319 pag.
1416 1273 1434 1303 2
1447 1277 1461 1303 1
1473 1265 1506 1305 8.
1524 1262 1728 1320 vulgatus,
1756 1261 1903 1318 elegans
1921 1257 1969 1306 c}
1989 1275 2098 1302 rarus
2115 1259 2173 1313 cst.

891 1366 1483 1409 BERYTUS.

1311 1454 1379 1497 ...I

131 1925 162 1960 A
175 1932 207 1959 N
221 1930 244 1959 r
257 1932 283 1958 o
296 1931 327 1958 N
341 1932 355 1958 1
367 1931 398 1958 N
411 1922 436 1957 v
449 1931 481 1958 s.
513 1932 541 1958 A
555 1932 582 1957 v
595 1931 635 1958 G.
665 1931 687 1957 P
700 1932 715 1958 1
728 1926 800 1959 vs.
829 1932 865 1960 P.
897 1932 932 1959 Ρ.
962 1920 1097 1974 Caput
1115 1920 1305 1962 Antonini
1320 1912 1378 1961 Pii
1395 1918 1614 1961 laureatum.
1656 1964 1657 1967 Ἴ
1828 1962 1831 1966 ,

183 1989 208 2014 c
220 1988 246 2014 o
258 1989 294 2015 L.
327 1988 383 2013 BE
394 1987 437 2013 R.
469 1973 625 2014 Colonia
641 1974 816 2027 Berytus.
844 1974 1058 2030 Neptunus
1075 1976 1175 2017 stans
1186 2002 1200 2024 ,
1228 1976 1367 2018 dextra
1383 1976 1634 2031 delphinum,
1650 1973 1745 2016 laeva
1761 1973 1966 2016 tridentem
1976 1999 1988 2021 ,
2009 1969 2110 2028 pede
2120 1974 2231 2025 saxo,

239 2030 280 2069 in
296 2028 376 2069 aliis
392 2040 513 2084 prorae
527 2028 721 2083 impofito.

181 2105 398 2161 Berytenfis
415 2105 585 2146 Colonia
607 2118 788 2148 nummos
806 2107 1010 2148 Antonino
1027 2107 1101 2147 Pio
1116 2102 1345 2161 Imperatori
1367 2105 1718 2149 munificentiffimo
1741 2106 1921 2155 dedicat3
1949 2107 2110 2162 plurima
2128 2109 2231 2150 enim

127 2158 311 2204 beneficia
327 2162 367 2202 in
385 2162 600 2216 provincias
615 2163 664 2202 ab
679 2175 729 2202 eo
746 2162 904 2209 collata,
932 2161 1133 2202 Pausanias
1151 2169 1279 2203 narrat
1296 2163 1337 2202 in
1357 2162 1563 2203 Arcadicis.
1599 2166 1654 2204 Kal
1676 2164 1713 2201 ὧν
1736 2166 1828 2213 ἔργων
1849 2165 2068 2201 nummolum
2092 2167 2117 2200 ἕν
2141 2181 2169 2201 π
2193 2170 2231 2212 τῇ

128 2220 231 2255 aaa&
244 2246 254 2259 ,
278 2222 302 2269 ἢ,
320 2218 384 2256 a&
402 2222 520 2259 lautam,
544 2222 569 2270 ,ᾗ
588 2219 651 2255 a&
665 2219 867 2267 Καρχηδόνα,
891 2218 920 2254 τὲ
936 2218 984 2265 atq}
1001 2223 1032 2254 ὸν
1048 2223 1087 2268 τῇ
1100 2223 1143 2267 γῇ
1160 2219 1285 2261 Σάμων.
1325 2217 1424 2273 Qa
1449 2228 1596 2272 operum
1622 2217 1904 2272 magnificentia
1933 2218 2141 2265 Graeciam,
2169 2219 2231 2258 Io-

125 2275 248 2320 niam,
277 2273 444 2327 Syriam,
473 2269 521 2316 &
529 2271 705 2326 postremo
725 2274 996 2329 Carthaginem
1016 2274 1226 2313 exornarit.
1263 2273 1427 2328 Berytus
1452 2274 1655 2314 Antonino
1678 2274 1749 2314 Pio
1768 2273 2059 2328 Patrospatriae
2077 2273 2231 2314 titulum

125 2329 256 2370 tribuit
267 2357 280 2377 ,
308 2329 359 2370 de
373 2343 454 2383 quo
471 2327 716 2382 Capitolinus
735 2329 775 2369 in
791 2329 824 2384 ej
831 2344 874 2370 us
893 2330 972 2370 vita
991 2337 999 2368 i
1029 2328 1169 2368 Patris
1181 2329 1322 2381 patria
1344 2342 1475 2368 nomen
1492 2328 1661 2369 delatum
1676 2328 1700 2368 a
1716 2329 1881 2375 Senatu,
1910 2329 2013 2384 quod
2016 2329 2137 2383 primo
2155 2329 2229 2380 dis-'-

124 2384 266 2424 tulerat
277 2411 289 2431 ,
317 2399 401 2425 cum
416 2384 563 2438 ingenti
574 2384 793 2437 gratiarum
809 2385 958 2425 anione
978 2385 1128 2437 recepit.
1157 2383 1370 2438 Neptunus
1387 2385 1427 2424 in
1443 2396 1607 2425 nummo
1622 2384 1732 2425 cusus
1752 2384 1882 2438 Beryti
1897 2384 2041 2424 cultum
2058 2383 2230 2437 huienu-

124 2439 220 2479 mini
241 2441 446 2494 praestitum
465 2438 609 2479 indicat
630 2453 638 2478 t
667 2437 769 2480 illam
787 2440 890 2480 enim
908 2439 1043 2479 urbem
1061 2440 1081 2479 a
1100 2439 1266 2479 Saturno
1284 2438 1481 2479 conditam
1500 2451 1623 2481 narrat
1639 2439 1867 2494 Stephanus.
1899 2441 2012 2489 Bnpuazlr
2033 2442 2114 2481 πόλις
2140 2446 2227 2489 Φοινίτ

123 2513 190 2539 unc,
214 2503 326 2548 κτίσμα
341 2501 438 2549 xgo'vs.
494 2493 661 2541 Berytus
676 2495 766 2534 urbs
783 2495 997 2535 ‘Phoenicia’
1014 2505 1104 2549 opus
1119 2495 1290 2535 Saturni.
1319 2493 1382 2534 Ut
1397 2494 1600 2537 confirmat
1622 2494 1667 2535 N
1669 2509 1795 2536 onnus
1814 2494 1973 2549 Dionys.
1993 2508 2059 2547 41.

658 2579 662 2584 .
698 2553 753 2586 Ka?
770 2550 866 2595 Bepo'nc
881 2550 1017 2584 νοέω-οινπ
1034 2549 1110 2583 πόλιν
1126 2548 1328 2595 ww'aetcpopov
1345 2550 1428 2595 ἕδῇιν·

696 2605 736 2632 Ην
754 2598 873 2645 ΧςόνΘ·
889 2598 974 2634 duae
990 2599 1100 2644 ἔδειμε.

694 2645 755 2685 Et
773 2647 912 2688 Beroes
930 2645 1161 2686 habitabant
1177 2645 1305 2685 urbem
1317 2645 1679 2699 primosbminatam
1693 2667 1707 2694 ς

696 2700 833 2753 Qam
852 2700 1044 2741 Saturum
1061 2702 1136 2754 ips&
1153 2698 1374 2750 aedificavit.

125 2753 358 2809 Neptunum
375 2755 458 2808 ejus
473 2753 592 2795 filium
608 2755 718 2809 aquis
735 2756 1010 2811 imperantem,
1039 2755 1128 2795 urbs
1151 2755 1352 2796 tutelarem
1377 2754 1508 2795 Deum
1533 2755 1671 2809 elegit,
1700 2755 1750 2797 de
1774 2755 1884 2810 cujus
1909 2756 2071 2798 tridente
2089 2760 2127 2798 ὃς
2144 2756 2226 2799 clel-

125 2809 249 2865 phino
265 2810 411 2852 dictum
426 2811 466 2850 in
484 2811 671 2866 Augusto.

177 2887 260 2929 Hic
281 2902 452 2930 nummus
459 2888 637 2944 secundae
654 2885 702 2934 ὠ
716 2889 842 2931 tertiae
857 2887 1134 2944 magnitudinis
1150 2889 1273 2929 tritus
1290 2885 1338 2932 (ἔγ
1354 2887 1537 2945 νιιζςανῑὲς.

786 2994 822 3035 c
847 2992 939 3042 <AE
966 2993 998 3034 S
1021 2993 1068 3035 A
1092 2992 1134 3034 R
1162 2992 1202 3034 E
1229 2995 1276 3034 A
1335 2978 1591 3048 Palaestinas

121 3535 185 3563 IM
197 3536 233 3563 Ρ.
263 3535 302 3564 τ.
333 3538 359 3564 A
372 3538 395 3564 E
408 3536 447 3564 L.
479 3537 507 3564 A
521 3537 552 3564 Ν
566 3538 590 3563 T
602 3537 628 3563 o
640 3537 671 3564 N
684 3537 699 3564 1
711 3537 741 3564 N
753 3538 780 3564 o
814 3529 841 3565 A
854 3536 880 3564 v
896 3538 937 3566 c,-
966 3516 1100 3579 Caput
1120 3521 1309 3566 Antonini
1327 3515 1547 3567 laureatum.
1703 3567 1706 3571 ⁴

176 3593 200 3619 c
211 3592 237 3617 o
250 3592 286 3618 L.
317 3593 338 3618 P
351 3593 382 3630 a
394 3594 409 3619 1
419 3593 456 3619 M
470 3593 510 3619 A.
543 3593 566 3620 F
579 3594 618 3620 L.
650 3595 678 3620 A
688 3594 725 3621 v.
755 3594 779 3622 c
792 3595 820 3621 A
836 3594 859 3620 E
871 3594 904 3621 s.
935 3579 1091 3622 Colonia
1111 3580 1252 3621 Prima
1265 3579 1409 3622 Flavia
1425 3578 1598 3635 Augusta
1611 3579 1782 3634 Caesarea
1799 3580 1859 3623 vel
1879 3582 2107 3636 Caesareffs.
2135 3583 2212 3625 Ca-

229 3645 301 3688 put
314 3634 503 3690 Serapidis
518 3649 607 3676 cum
623 3634 786 3677 calatho.

171 3710 353 3752 Caesareae
367 3713 568 3753 Palaestinae
584 3714 777 3768 percuffus
791 3713 846 3754 est
862 3713 926 3754 hic
941 3727 1142 3761 nummus,
1171 3728 1288 3768 quam
1306 3715 1328 3754 a
1345 3712 1579 3768 Vespasiano
1595 3714 1805 3757 Coloniam
1823 3717 2007 3771 accepisse
2015 3716 2102 3757 alibi
2113 3716 2210 3756 dixi·

120 3779 205 3806 mus
222 3786 234 3813 3
260 3767 298 3806 in
321 3781 364 3807 ea
381 3768 528 3823 Serapis
545 3768 733 3824 fignatus,
759 3769 876 3824 ipsius
890 3770 931 3810 in
948 3769 1020 3810 hac
1039 3770 1132 3810 urbe
1155 3770 1300 3810 cultum
1318 3769 1473 3810 indicat.
1529 3771 1601 3811 Per
1625 3771 1781 3826 Serapin
1800 3785 1928 3813 autem
1948 3773 2107 3813 Veteres
2124 3772 2208 3811 uni-

119 3821 262 3861 versam
287 3822 430 3862 Mundi
454 3824 597 3864 molem
623 3828 661 3864 ὃς
684 3825 764 3879 ipsa
791 3839 916 3865 rerum
945 3825 1132 3880 principia
1146 3825 1432 3871 intellexerunt,
1462 3828 1587 3865 aerem
1605 3826 1763 3873 scilicet,
1792 3841 1954 3881 aquam,
1983 3830 2020 3865 &
2040 3839 2174 3866 terram
2199 3847 2211 3872 3

118 3889 188 3929 per
210 3879 335 3918 aerem
361 3877 523 3918 seorsum
534 3879 700 3932 Jovem,
728 3894 797 3934 per
811 3894 953 3934 aquam
969 3880 1225 3935 Neptunum,
1253 3883 1291 3920 &
1306 3894 1375 3935 per
1394 3892 1531 3921 terram
1549 3881 1752 3922 Plutonem
1769 3883 2004 3935 interpretati
2022 3896 2029 3919 ε
2058 3881 2122 3921 sed
2144 3881 2209 3919 uni

117 3931 289 3986 Serapidi
304 3933 434 3974 omnia
449 3947 583 3974 eorum
599 3935 800 3984 attributa,
828 3935 1041 3983 calathum,
1071 3935 1274 3978 tridentem
1286 3963 1298 3983 ,
1326 3940 1365 3977 ὃς
1379 3936 1575 3978 cerberum
1596 3936 1786 3979 dederunt
1804 3953 1811 3977 :
1839 3951 1907 3990 per
1923 3936 2112 3976 calathum
2127 3935 2213 3996 eius

2100 4000 2216 4042 CCIPIU
