2491 4219
1268 50 1332 85 lv

634 122 1218 173 PHILIPPUS
1302 105 1720 172 SENroRi
2162 133 2263 186 μσς

161 798 329 827 Atrox.
355 797 389 823 K.
417 798 461 825 M.
486 795 614 825 ΙΟΥΛ.
640 793 889 826 ΦΙΛΙΠΠΟΟ.
922 799 978 826 cE
992 798 1024 826 Β.
1066 784 1200 840 Caput
1218 783 1385 838 Philippi
1402 784 1623 824 laureatum.
2251 837 2256 839 λ

213 860 236 886 c
249 859 274 884 o
287 858 323 884 L.
354 859 381 884 H
395 857 416 882 Ε
428 859 466 884 L.
498 859 522 884 L
536 858 558 882 E
571 857 611 883 G.
640 856 680 883 v.
712 856 748 882 Μ
762 856 788 881 Α
805 857 826 882 c
839 857 861 881 r,
875 857 909 881 D.
944 857 970 882 v
987 856 1001 881 1
1023 856 1036 881 1
1056 856 1086 881 1.
1122 856 1148 881 A
1162 856 1188 881 v
1202 856 1241 881 o.
1279 841 1436 881 Colonia
1457 840 1507 879 H<
1520 838 1683 894 liopolis,
1701 836 1911 892 Legionum
1930 851 1967 877 v.
1983 836 2265 884 Macedonica,

268 914 296 939 v
312 913 326 939 1
347 913 362 938 1
383 913 414 938 1.
446 899 632 951 Augustae.
669 898 801 952 Caput
821 898 994 938 turritum
1017 898 1172 951 pectore
1190 909 1302 939 tenus
1318 898 1436 952 cippo
1455 896 1679 952 impolitum
1694 920 1707 941 ,
1736 894 1829 935 hinc
1847 898 1885 935 &
1900 894 1993 935 inde
2010 892 2133 949 figura
2149 894 2265 944 virilis

265 968 355 995 cum
373 956 529 1001 vexillo,
559 959 597 995 &
614 953 751 1009 clypeo
767 954 829 994 cui
848 953 978 992 innixa
994 954 1059 993 est.

152 1098 154 1102 ι
207 1048 370 1104 Insignis
394 1048 448 1089 est
470 1048 531 1088 ille
555 1060 692 1102 typus,
720 1047 789 1102 qui
816 1047 1031 1088 Veteranos
1057 1047 1272 1102 Legionum
1291 1061 1325 1087 ν.
1348 1046 1607 1088 Macedonicae
1630 1048 1667 1085 &
1694 1059 1722 1085 v
1737 1059 1753 1086 1
1773 1059 1788 1085 1
1808 1058 1839 1084 1.
1863 1043 2044 1099 Augusiae
2068 1044 2265 1097 Heliop0⁴

152 1104 220 1145 lim
237 1105 275 1145 in
294 1105 501 1145 Coloniam
519 1104 627 1144 fuiss'e
645 1103 870 1144 transsniffos
887 1118 961 1144 nos
977 1103 1138 1149 edocet,
1162 1108 1240 1156 jam
1262 1118 1329 1156 per
1345 1103 1505 1144 alterum
1522 1101 1682 1158 Augusti
1700 1114 1902 1142 nummum
1921 1102 1941 1140 a
1964 1101 2125 1155 Berytiis
2142 1100 2264 1155 signa-

153 1172 236 1201 tum
255 1188 267 1207 ‚
296 1160 512 1201 Veteranos
528 1160 609 1200 illos
627 1160 762 1213 partim
781 1159 964 1213 Berytum
983 1159 1179 1200 traduSros
1198 1159 1363 1199 vidimus
1380 1186 1391 1205 ‚
1422 1158 1527 1199 unde
1551 1172 1630 1198 non
1655 1158 1898 1199 mediocriter
1916 1158 2119 1199 illustratus
2137 1158 2191 1198 est
2209 1158 2264 1197 lo-

2220 1212 2259 1237 a*x

153 1230 220 1256 cus
237 1216 432 1256 Strabonis
450 1216 544 1256 duas
563 1216 752 1270 Legiones
769 1215 816 1254 ab
837 1216 1008 1270 Agrippa
1027 1217 1065 1255 in
1081 1215 1154 1255 hac
1170 1215 1264 1255 urbe
1282 1215 1422 1256 locatas
1444 1215 1792 1256 commemorantis.
1824 1214 1936 1260 Βηρνπές
1961 1214 1978 1259 ξ’)
2001 1214 2189 1253 uanam-den
2205 1211 2258 1271 stult:

152 1271 225 1307 <zio
244 1271 388 1318 Τςύφονος
404 1295 413 1309 ‚
437 1271 586 1312 οἰινελῆφῇη
605 1272 623 1315 {jx
640 1274 694 1304 νιιῦ
710 1271 779 1307 cm*
797 1279 932 1314 Ρωμαιων
947 1294 957 1310 ,
983 1268 1175 1315 δεὸαξοιμκῖόη
1191 1270 1242 1304 δύο
1259 1270 1407 1316 τυὶγμωπι
1422 1270 1442 1305 οἳ
1459 1272 1571 1316 &pun-em
1591 1273 1747 1315 Αχίπῡῑοις
1763 1274 1902 1313 ὸνταῦῇτι.
1947 1265 2109 1309 Berytus
2128 1262 2217 1303 verb
2237 1275 2262 1302 a

150 1320 346 1373 Tryphone
367 1321 495 1360 diruta
513 1347 524 1366 ,
554 1333 653 1359 nuuc
669 1318 757 1359 verb
776 1319 800 1359 a
823 1321 1004 1359 Romanis
1018 1321 1230 1365 instaurata
1246 1347 1258 1366 ‚
1287 1325 1434 1359 amous
1458 1321 1688 1373 Legiombus
1712 1320 1766 1359 ibi
1791 1322 1838 1360 ab
1860 1322 2030 1375 Agrippa
2057 1320 2266 1359 collocatis.

149 1375 351 1417 Nummus
374 1376 474 1416 enim
501 1375 717 1430 Legionum
746 1375 904 1415 nomina
927 1375 947 1414 a
964 1375 1152 1415 Strabone
1174 1375 1416 1429 praetermissa
1438 1375 1622 1421 restituit,
1652 1389 1815 1429 quarum
1840 1388 1985 1428 partem
2011 1375 2166 1416 alteram
2191 1376 2263 1415 Be-

149 1442 278 1484 rytum
295 1459 307 1477 ,
337 1432 491 1472 alteram
517 1430 758 1483 Heliopolim
784 1429 997 1471 tradu&am
1022 1430 1284 1477 demonstrat,
1313 1430 1405 1471 ideo
1430 1430 1511 1470 duo
1539 1430 1758 1485 Legionum
1786 1432 1996 1477 vexillarii,
2026 1445 2123 1471 unus
2148 1430 2261 1470 nimi-

136 1483 234 1526 tum
254 1501 286 1525 v.
307 1487 587 1532 Illacedouicae,
617 1489 655 1524 ὃς
672 1485 764 1525 alter
791 1499 844 1525 VI
863 1500 878 1526 1
900 1500 931 1525 1.
957 1486 1137 1540 Augusta
1165 1486 1423 1533 exhibentur,
1460 1485 1510 1526 ad
1536 1485 1649 1527 latera
1676 1488 1777 1527 urbis
1803 1487 1921 1527 Genii
1948 1487 2066 1541 cippo
2094 1486 2265 1542 impoliti

149 1541 291 1582 stantes
311 1554 493 1595 tanquam
511 1541 688 1582 Coloniae
706 1541 900 1582 Praefides.
946 1541 1169 1597 Epigraphe
1191 1542 1342 1583 nummi
1366 1541 1545 1597 bilinguis
1560 1568 1574 1590 ,
1603 1542 1710 1597 apud
1734 1543 1986 1599 Antiquarios
2012 1544 2109 1586 illius
2134 1545 2264 1586 rarita-

149 1608 229 1638 tem
248 1598 423 1652 adauget.

202 1674 287 1714 Hic
301 1688 473 1714 nummus
482 1675 619 1729 primae
634 1674 910 1730 magnitudinis
926 1689 976 1716 ex
991 1675 1112 1727 musteo
1128 1675 1245 1727 nostro
1255 1703 1268 1724 ,
1296 1677 1447 1717 eximiae
1453 1676 1737 1732 fingularitatis
1754 1677 1802 1723 ἔφ’
1819 1679 2013 1734 elegantiae
2031 1680 2094 1734 cst.

139 2361 204 2391 lm
216 2363 250 2389 Ρ.
283 2363 305 2388 c
319 2361 346 2387 A
360 2361 383 2386 E
397 2359 430 2385 s.
462 2359 511 2385 Μ.
544 2359 559 2385 1
573 2359 598 2385 v
611 2360 650 2386 L.
680 2356 770 2386 ΡΗῙ
783 2359 869 2386 Lu>
882 2355 972 2387 Pv's
1005 2358 1027 2386 Ρ
1040 2359 1056 2386 1
1069 2360 1096 2387 v
1109 2361 1128 2387 s
1162 2361 1186 2388 F
1200 2361 1222 2387 E
1235 2362 1272 2388 ι.
1305 2358 1335 2387 A
1349 2362 1376 2388 v
1390 2363 1430 2389 G.
1467 2347 1515 2389 In
1531 2348 1612 2390 aliis
1627 2349 1764 2390 Graeca
1778 2362 1821 2392 ut
1835 2349 2007 2406 superior
2022 2355 2247 2413 epigraphe}

249 2404 384 2457 Caput
402 2401 570 2456 Philippi
590 2401 810 2442 laureatum.
2235 2406 2239 2409 ’

193 2474 217 2501 c
227 2473 254 2500 0
266 2474 303 2499 L.
335 2472 350 2498 1
362 2471 389 2497 v
402 2472 440 2497 L.
474 2471 500 2496 A
515 2471 540 2496 v
554 2472 592 2497 G.
626 2471 648 2497 F
662 2472 684 2497 E
697 2472 734 2497 L.
764 2472 792 2497 H
806 2472 829 2497 E
841 2472 879 2498 L.
918 2456 1074 2498 Colonia
1089 2456 1206 2510 Julia
1223 2457 1396 2513 Augusta
1408 2458 1520 2500 Felix
1531 2459 1740 2515 Heliopolis
1755 2463 1816 2504 vel
1831 2463 2125 2518 Heliopolitana.
2154 2471 2249 2512 Mu-

244 2514 314 2554 lier
330 2513 492 2554 tutulata
509 2517 546 2552 &
565 2513 696 2553 stolata
716 2513 813 2554 stans
830 2540 842 2560 ,
872 2512 1006 2553 dextra
1027 2525 1224 2554 temonem
1240 2542 1252 2560 ,
1286 2514 1428 2556 finisti-a
1446 2518 1692 2571 cornucopiae
1706 2544 1719 2564 ,
1747 2518 1839 2559 hinc
1856 2520 2002 2561 &inde
2020 2522 2141 2577 figura
2161 2541 2246 2568 mu-

245 2568 372 2609 liebris
396 2568 514 2622 cippo
538 2568 714 2622 imposita
741 2569 869 2609 velum
896 2568 1163 2623 ampliffimum
1187 2569 1298 2624 supra
1321 2583 1437 2626 caput
1462 2575 1546 2626 ejus
1570 2573 1736 2614 volitans
1763 2586 1924 2630 utraque
1948 2590 2063 2618 manu
2081 2581 2220 2624 retinet
2231 2610 2246 2630 ‚

245 2639 320 2680 pro
337 2624 500 2678 pedibus
517 2624 637 2665 astant
653 2624 738 2665 duae
756 2623 886 2680 figurae
904 2625 1029 2666 viriles
1044 2640 1133 2666 cum
1151 2625 1293 2667 labaro.
1948 2627 1950 2632 ’

144 2767 148 2772 ,
187 2719 313 2773 Juliae
332 2722 371 2758 &
388 2718 569 2773 Augustae
586 2718 745 2759 nomina
761 2718 963 2773 Heliopoli
982 2720 1065 2760 urbi
1081 2719 1120 2759 in
1137 2718 1216 2760 hoc
1232 2732 1396 2760 nummo
1412 2719 1569 2774 ascripta
1581 2747 1593 2767 ‚
1620 2734 1706 2762 eam
1723 2722 1745 2762 a
1762 2721 1861 2775 Iulio
1871 2725 2020 2766 Caesare
2031 2727 2243 2773 Coloniam

132 2774 242 2818 fuisse
262 2775 526 2821 constitutam,
557 2779 596 2815 ὃς
613 2776 661 2815 ab
681 2775 856 2830 Augusto
876 2776 1101 2822 Veteranis,
1129 2787 1172 2816 ut
1187 2775 1375 2823 diximus,
1404 2775 1685 2831 frequentatam
1707 2779 1963 2834 proculdubio
1982 2784 2242 2835 convincunt,

133 2846 207 2872 nec
233 2832 292 2871 illa
317 2835 337 2870 a
363 2831 465 2884 Sept.
491 2831 633 2871 Severo
656 2830 822 2871 dedufflt
844 2831 923 2878 est,
951 2843 993 2873 ut
1022 2831 1240 2885 Antiquarii
1257 2831 1439 2872 haetenus
1455 2833 1717 2876 existimarunt
1733 2849 1780 2876 ex
1803 2836 1959 2892 Ulpiani
1975 2839 2064 2880 loco
2083 2841 2169 2898 Dig.
2188 2844 2240 2885 de

133 2887 248 2928 Cens.
276 2886 346 2935 Es}
365 2885 414 2930 ἄν
433 2885 714 2940 Heliopolitana
729 2900 811 2941 quae
829 2888 853 2926 d
873 2888 991 2927 ‘Divo
1009 2886 1144 2928 Severo
1156 2898 1226 2942 per
1242 2888 1328 2928 belli
1346 2888 1478 2929 civilis
1496 2889 1713 2941 occastonem
1738 2892 1888 2933 Italicae
1913 2895 2241 2953 Coloniaem-mpu-
2301 2940 2303 2942 ,

132 2943 271 2983 blicam
291 2943 448 2995 accepit.
478 2942 584 2981 Ctim
602 2941 764 2995 Ulpiani
782 2956 890 2983 mens
913 2942 956 2984 sit
979 2958 1060 2983 non
1081 2944 1240 2998 quidem
1266 2944 1507 2999 Heliopolim
1533 2947 1555 2987 a
1579 2947 1723 2989 Severo
1747 2949 1989 2992 constitutam
2009 2952 2238 3005 Coloniam,

131 2998 197 3038 sed
211 3001 296 3051 jure
314 2998 447 3037 Italico
465 3011 580 3051 quam
599 2998 680 3037 haec
696 2998 870 3038 nondum
889 2999 1127 3046 obtinuerat,
1155 2999 1203 3039 ab
1218 3013 1263 3039 ca
1280 2999 1517 3055 Imperatore
1533 3001 1716 3045 donatam
1734 3005 1927 3053 indicare·‚
1945 3007 2004 3048 illa
2020 3009 2123 3048 enim
2140 3010 2238 3064 ejus-

131 3053 221 3094 dem
239 3053 345 3094 sortis
363 3064 443 3093 erat
462 3067 506 3092 ac
525 3053 697 3093 Caesarea
716 3053 939 3100 Palaestinae,
969 3054 1019 3094 de
1036 3069 1114 3109 qua
1130 3054 1270 3096 Paulus
1289 3056 1310 3095 l.
1334 3070 1367 3096 2.
1386 3057 1437 3098 de
1457 3059 1658 3100 Cenfibus.
1691 3061 1835 3101 ‘Divus
1853 3062 2093 3117 Vespaffanus
2111 3067 2236 3118 Ca’sa-

131 3107 269 3159 riensbs
293 3108 447 3148 Colonos
461 3108 585 3160 fecit,
614 3123 687 3149 uon
712 3108 862 3162 adjec‘lo
887 3117 932 3149 ut
949 3108 1112 3166 &juris
1137 3110 1272 3151 Italici
1287 3111 1412 3164 efferat.
1441 3113 1528 3154 Imo
1542 3115 1746 3157 Ptolemais
1768 3117 1975 3158 Phoenicia:
1992 3132 2038 3159 ex
2059 3121 2142 3174 ipso
2163 3123 2235 3165 Ul-

130 3165 250 3217 piano
274 3164 420 3202 nudum
447 3162 613 3204 habebat
641 3163 819 3204 Coloniae
841 3179 998 3205 nomen.
1040 3165 1184 3206 Mulier
1209 3167 1390 3214 tutulata,
1420 3169 1570 3210 Genius
1587 3171 1641 3211 est
1662 3172 1764 3212 urbis
1783 3172 1850 3213 sub
1869 3174 1900 3213 F
1902 3185 2049 3215 ortunae
2066 3176 2234 3233 imagine

130 3219 264 3273 saepius
291 3219 330 3257 in
357 3217 735 3271 Heliopolitanorum
761 3221 929 3261 nummis
951 3224 990 3259 &
1016 3220 1056 3260 in
1083 3220 1163 3262 aliis
1185 3222 1465 3277 repraesentata‚
1492 3225 1628 3267 'stolata
1655 3226 1816 3281 quidem
1841 3229 1920 3276 est,
1958 3230 2232 3279 Romanorum

129 3288 239 3315 more
256 3274 388 3313 vestita
406 3288 413 3312 :
440 3273 535 3312 duas
554 3287 624 3327 pro
640 3273 803 3327 pedibus
819 3275 902 3328 ejus
920 3275 1058 3330 figuras
1075 3290 1164 3317 cum
1184 3278 1349 3325 vexillis,
1378 3279 1426 3320 ad
1446 3280 1625 3321 Coloniae
1639 3283 1826 3337 originem
1846 3283 2038 3337 speaare,
2066 3287 2107 3329 in
2123 3288 2233 3345 supe-

65 3325 67 3328 ’
129 3330 221 3372 riori
247 3331 410 3369 nummo
437 3327 632 3375 diximus;
659 3329 723 3370 sed
750 3344 927 3383 quaenam
953 3330 1025 3372 fint
1046 3331 1118 3372 inae
1144 3333 1342 3379 mulieres,
1369 3335 1499 3375 velum
1525 3336 1634 3390 supra
1649 3349 1765 3391 caput
1785 3338 1967 3381 Fortunae
1985 3340 2231 3396 sustinentes,

128 3401 178 3426 an
195 3385 282 3425 duae
296 3384 476 3424 icunculae
494 3395 642 3423 tantum
663 3385 711 3424 ad
731 3384 913 3426 simulacri
931 3386 1013 3437 ejus
1029 3400 1299 3430 ornamentum
1313 3389 1352 3428 in
1373 3392 1520 3446 templo
1535 3392 1688 3447 positae,
1716 3408 1765 3433 an
1786 3394 1903 3448 ipsius
1925 3397 2020 3438 Deae
2042 3399 2228 3443 Sacerdo-

129 3453 206 3487 tes,
235 3454 282 3480 an
308 3440 400 3479 vero
428 3438 606 3500 Nemefis
631 3442 670 3478 &
690 3439 853 3481 Themis
876 3440 992 3495 ipsius
1015 3443 1197 3491 comites,
1225 3444 1437 3495 dijudicent
1460 3447 1618 3488 Eruditi.
1666 3448 1848 3489 Vidimus
1875 3463 2002 3493 autem
2029 3458 2225 3511 egregium

128 3509 295 3556 marmor
312 3495 452 3555 Romae
469 3494 652 3534 exh1bens
670 3494 880 3536 Fortunam
899 3495 1093 3537 sedentem
1113 3513 1201 3540 curn
1218 3499 1366 3541 duabus
1385 3503 1553 3555 puerulis
1580 3514 1669 3544 ante
1692 3507 1730 3543 &
1758 3518 1862 3558 pone
1884 3507 2001 3562 ipsam
2021 3503 2222 3560 stantibus,

129 3563 356 3611 anteriorem
373 3549 531 3603 quidem
552 3550 772 3603 puerulam‚
799 3551 1011 3593 Fortunam
1030 3553 1253 3606 praesentem
1267 3575 1280 3602 ;
1306 3567 1408 3597 retro
1425 3569 1555 3599 autem
1571 3559 1752 3606 stantem,
1782 3559 1899 3603 futuri
1923 3567 2105 3619 temporis
2120 3566 2154 3606 F
2156 3581 2220 3609 or-

130 3618 261 3648 tunam
280 3605 633 3659 interpretabantur.
683 3601 697 3622 ’
2211 3612 2222 3645 f

183 3694 268 3735 Hic
286 3710 456 3738 nummus
470 3698 624 3754 majoris
639 3698 778 3740 moduli
793 3700 893 3739 inter
912 3698 1109 3751 rarffmos
1124 3701 1402 3757 computandus.

1394 3965 1488 4024 X3
