2574 4214
893 180 936 229 Α
974 185 1019 231 U
1058 184 1100 230 G
1139 179 1186 230 U
1217 186 1242 230 S
1286 182 1328 231 T
1364 183 1412 230 U
1449 178 1491 230 ‘S.
1694 241 1697 243 ,
2165 194 2223 241 241

140 254 323 294 Maxima
342 259 468 292 autem
474 244 601 305 gloria
617 265 663 291 ac
668 251 848 307 potentia
865 254 991 290 crevit
1007 250 1179 291 Corduba
1191 250 1368 290 Marcelli
1383 261 1483 304 opus.
1516 250 1552 290 A
1570 253 1649 304 quo
1667 249 1833 290 Colonia
1849 249 2014 292 deduua
2032 250 2076 291 lit
2086 280 2096 298 ‚
2126 252 2234 307 igno-

141 320 244 350 ratur
263 328 273 353 3
304 307 464 361 Hispani
480 306 679 360 scriptores
696 307 743 346 ab
762 307 938 360 Augusto
960 306 1211 359 suspicantur,
1240 306 1305 345 sed
1323 306 1369 345 ab
1391 319 1440 345 eo
1461 304 1741 345 Veteranorum
1758 305 2063 359 supplementum
2086 311 2235 348 tantum

141 363 324 416 accepisse
342 362 512 408 videtur,
542 361 570 400 fi
587 362 749 415 primam
763 362 1035 402 Romanorum
1053 362 1092 400 in
1103 361 1291 414 Hispania
1300 361 1506 401 Coloniam
1525 360 1640 414 ipsam
1659 360 1766 400 fuisse
1786 361 1906 401 tradat
1922 361 2056 401 Strabo
2072 362 2158 401 loco
2171 364 2235 403 cit.

142 420 254 457 ssnnau'v
278 433 306 452 τε
329 419 360 458 ἐξ
381 421 478 462 ’ὒξχῆς
500 415 638 460 Ῥωμαίων
659 417 687 450 τὲ
702 415 750 461 >1981
767 420 793 450 '‘i-'¹
812 416 987 462 &Tinxwgy‘wv
1003 419 1142 450 ἐπίλεκτοι
1159 417 1257 461 &Uber
1271 442 1281 455 ‚
1308 415 1355 461 &25
1373 416 1407 453 δὲ
1425 415 1472 460 ›griy
1489 414 1606 451 711³aele
1621 417 1760 449 vatni‘cw
1782 418 1819 450 ε-ἱς
1833 415 1886 451 τές
1901 417 1933 449 δε
1948 414 2001 451 w}
2015 416 2100 451 wirrae
2114 417 2230 452 ’έςειλσοι

141 479 277 517 Ρωμαῖοι.
312 466 660 520 Inhabitaruntque
675 479 755 505 eam
770 464 820 503 ab
838 479 876 503 eo
893 464 1026 504 deleat
1047 465 1298 504 Romanorum
1316 463 1362 508 όν
1382 464 1644 518 indigenarum
1661 465 1740 503 viri
1757 491 1768 509 ,
1788 465 2023 518 primamque
2037 463 2076 502 eb
2096 464 2175 515 istis
2193 467 2234 504 in

142 522 354 579 regionibus
369 520 548 560 caloniam
565 521 729 559 Romam·
745 519 992 559 deduxerunt.
1031 519 1103 560 Per
1123 519 1291 560 delectos
1309 520 1581 560 Romanorum
1599 518 1699 557 viros
1717 518 1950 573 intelligendi
1968 518 2054 558 sunt
2073 519 2236 565 Patricii,

143 581 165 619 a
182 578 320 633 quibus
337 575 491 617 Colonia
518 575 701 615 “Patricia
727 575 875 614 videtur
894 588 1040 616 vocata.
1086 575 1287 616 Coronam
1317 588 1521 628 quei-ceam
1546 574 1585 613 in
1616 573 1779 627 Augusti
1807 588 1967 613 nummo
1992 573 2044 614 ob
2059 574 2170 613 ‘cives
2194 576 2234 614 in

144 634 243 674 bello
260 633 306 672 ab
321 646 368 672 eo
385 631 549 670 servatos
566 629 757 686 signarunt
774 630 940 676 Coloni,
969 644 1050 669 non
1066 641 1197 669 autem
1215 630 1254 669 in
1272 629 1464 669 honorem
1476 630 1570 684 Julii
1586 629 1744 669 Caesaris
1756 656 1768 674 ,
1796 642 1839 670 ut
1857 629 2053 670 arbitratur
2071 629 2236 671 Ambroa

145 688 217 729 fius
235 687 416 728 Morales.

196 766 279 807 Hic
291 762 643 826 nummusficundae
660 762 934 818 magnitudinis
951 775 1019 802 uec
1035 775 1143 802 rarus
1159 775 1226 801 uec
1244 760 1392 802 obvius.

141 1335 164 1362 ι’
175 1335 198 1361 E
210 1334 240 1360 R
254 1326 300 1359 M.
331 1333 354 1359 c
366 1333 393 1359 A
407 1333 430 1358 E
442 1332 475 1357 s.
507 1332 535 1358 A
549 1332 575 1358 v
588 1331 628 1358 o.
658 1316 848 1370 Permiffu
865 1315 1027 1369 Caefizris
1041 1318 1157 1372 Augu
1189 1319 1214 1358 i.
1251 1312 1385 1372 Caput
1406 1316 1568 1373 Augusti
1588 1318 1750 1359 nudum.¹

196 1376 447 1416 COLONIA'
475 1387 537 1413 PA
553 1386 763 1414 TRICIA.
804 1374 919 1427 Apex
936 1376 974 1414 ὃ(
990 1372 1208 1428 simpulum.

196 1455 308 1508 Apex
331 1457 370 1493 δε
389 1452 593 1506 fimpulum
618 1452 866 1492 instrumenta
893 1451 978 1492 sunt
997 1450 1243 1506 pontificalia.
1280 1453 1396 1505 Apex
1420 1451 1485 1491 seu
1505 1451 1743 1506 albogalerus
1764 1452 1784 1492 a
1803 1450 1910 1507 galea
1927 1450 2148 1492 nominatus
2169 1449 2242 1492 est:

139 1510 195 1550 est
214 1510 316 1550 enim
333 1509 481 1561 pileum·
495 1508 650 1562 capitis,
680 1522 762 1562 quo
780 1507 909 1547 Diales
925 1508 958 1548 F
960 1507 1140 1553 lamines,
1168 1506 1209 1546 id
1229 1508 1282 1548 est
1299 1507 1524 1548 Sacerdotes
1535 1508 1668 1561 Jovis‚
1689 1508 1916 1553 utebantur,
1944 1506 2058 1547 fiebat
2073 1507 2176 1546 enirn
2193 1520 2242 1547 ex

140 1565 262 1606 hostia
282 1564 365 1604 alba
375 1563 468 1618 Jovi
486 1563 599 1610 caesa,
627 1564 689 1603 cui
705 1562 931 1618 affigebatur
946 1577 1046 1616 apex
1065 1563 1171 1617 virga
1189 1562 1383 1618 oleagina,
1406 1562 1552 1603 Festus.
1590 1561 1798 1616 Simpulum
1816 1563 1880 1602 seu
1897 1562 2159 1616 capeduncula
2180 1575 2247 1603 vas

139 1631 218 1662 erat
235 1633 419 1674 parvum,
448 1634 529 1659 non
544 1618 717 1658 dissimile
734 1618 898 1673 cyatho,
925 1633 1007 1673 quo
1022 1619 1154 1658 vinum
1174 1618 1213 1657 in
1230 1617 1416 1658 sacrificiis
1433 1618 1642 1664 libabatur,
1672 1631 1719 1657 ex
1736 1617 1879 1658 eodem
1900 1618 2080 1665 au&ore;
2106 1619 2148 1658 id
2168 1617 2247 1659 for·-

141 1677 180 1717 τὲ
201 1676 223 1715 a
239 1674 427 1715 sumendo
444 1675 589 1714 diuum
603 1702 614 1720 ‚
642 1686 685 1715 ut
701 1674 962 1729 capeduncula
980 1675 1002 1713 a
1021 1673 1212 1728 capiendo
1230 1701 1241 1720 ,
1271 1674 1409 1715 Varro.
1450 1674 1549 1714 Haec
1567 1673 1616 1713 ad
1634 1674 1845 1713 maximum
1864 1674 2028 1728 Augusti
2045 1673 2249 1728 pontifica-

140 1743 223 1773 tum
241 1730 411 1784 spestant
423 1757 434 1776 ,
464 1744 582 1784 quem
601 1731 747 1784 accepit
766 1741 921 1769 mortuo
942 1729 1002 1769 M.
1022 1729 1175 1782 Lepido
1191 1729 1415 1769 Triumviro
1433 1744 1535 1769 anno
1554 1730 1608 1769 U.
1623 1729 1672 1768 C.
1692 1742 1783 1781 741.
1823 1729 1996 1783 Lepidus
2010 1741 2140 1769 autem
2158 1730 2247 1783 post

132 1786 280 1841 Julium
301 1786 489 1826 Caesarem
511 1799 615 1825 anno
632 1799 723 1838 710.
742 1797 786 1825 ut
803 1784 918 1825 resert
936 1785 1140 1839 Appianus
1156 1785 1217 1824 lib.
1238 1799 1271 1824 2.
1291 1785 1342 1825 de
1360 1784 1470 1826 Bello
1487 1785 1557 1824 civ.
1590 1788 1646 1824 Kou‘
1667 1785 1682 1822 ὅ
1705 1791 1850 1830 Mons&
1871 1792 1952 1835 ἦρὲπ
1978 1788 2040 1822 ὂᾎιθ
2060 1787 2115 1824 τὼ)
2130 1788 2151 1826 ξ
2167 1792 2248 1824 Καί-

141 1853 237 1892 mf&
253 1845 411 1894 ῖεροσιίνῐιμ,
449 1840 509 1881 Et
524 1841 693 1895 Lepidus
707 1843 748 1881 in
767 1840 929 1892 Caefizris
949 1842 1087 1880 mortui
1107 1840 1229 1879 locum
1243 1840 1438 1892 Pontifex
1456 1840 1664 1880 Maximus
1666 1840 1809 1894 fabius
1823 1840 1881 1892 est.
1924 1841 1975 1880 Et
1997 1841 2079 1881 Dio
2097 1840 2160 1881 lib.
2184 1855 2246 1893 54,

141 1911 229 1953 pag.
253 1910 342 1948 540.
362 1897 579 1950 Augustum
597 1908 721 1936 narrat
738 1912 746 1935 z
775 1899 882 1938 ’ἐπειδή
895 1913 923 1932 π
938 1897 960 1937 Ξ
975 1902 1091 1933 Amat<
1106 1899 1340 1945 μεταηωίξοωπς
1354 1898 1506 1946 ὶῡξχερόθς
1522 1899 1712 1945 οἱπὸείχθῃ.
1739 1896 1837 1936 Cum
1851 1895 1997 1950 Lepido
2009 1905 2151 1936 mortuo
2160 1896 2248 1936 Aua

132 1954 265 2008 gustus
273 1951 447 2003 summus
464 1951 658 2004 Pontifex
679 1949 766 2003 effi’t
780 1960 941 1991 creatus.
979 1951 1253 1992 Cordubenses
1270 1953 1449 2007 Augusto
1466 1951 1735 2007 gratulabundi
1749 1979 1763 1999 ,
1789 1950 2091 1992 sacerdotiorum
2109 1950 2248 1993 insti-u·-

141 2014 272 2049 menta
288 2006 327 2045 in
342 2005 509 2045 nummis
526 2005 798 2059 percusserunt.

193 2082 280 2138 ,Hic
299 2096 471 2124 nummus
487 2081 877 2138 minimaeformaepro
894 2097 978 2123 raro
991 2083 1255 2124 numerandus.

139 2740 163 2768 Ρ
176 2740 199 2766 Ε
212 2732 242 2767 ‘R
253 2739 302 2766 M.
333 2740 356 2766 c
368 2739 395 2765 A
409 2740 432 2765 E
446 2738 480 2765 s.
512 2739 539 2765 A
552 2740 579 2766 v
591 2740 630 2766 G.
668 2726 803 2782 Caput
819 2727 985 2783 Augusti
1002 2727 1083 2770 fine
1101 2730 1239 2771 laurea.

195 2797 219 2823 c
230 2796 256 2821 o
269 2796 295 2821 L
307 2795 334 2820 o
348 2795 378 2821 N
391 2795 407 2820 1
419 2795 447 2821 A
479 2795 500 2821 Ρ
514 2795 542 2822 A
558 2796 582 2822 T
597 2796 628 2822 R
641 2796 657 2822 1
670 2797 692 2822 e
703 2796 719 2822 1
732 2797 774 2823 A.
815 2784 1071 2839 Aspergillum
1080 2813 1093 2832 ,
1123 2785 1402 2841 praefericulum
1412 2812 1424 2832 ‚
1453 2785 1570 2828 lituus
1591 2789 1631 2827 &
1656 2796 1796 2842 patera.
1835 2785 2103 2840 ‘Divetstsunt
2117 2789 2206 2844 typi.

192 2859 446 2900 Instrumenta
470 2860 609 2900 iterum
635 2860 831 2915 prodeunt
856 2862 1092 2916 pontificalia
1119 2864 1159 2904 in
1188 2864 1327 2904 summi
1357 2860 1606 2919 pontificatus
1633 2867 1798 2922 Augusti
1826 2868 2053 2908 memoriam
2082 2867 2249 2924 fignata,

137 2915 352 2970 promiscua
368 2915 529 2955 aliorum
542 2914 841 2957 sacerdotiorum
854 2918 1038 2972 symbola.
1073 2919 1351 2974 Aspergillum,
1368 2919 1618 2975 aspersorium
1638 2923 1797 2976 quidam
1815 2935 1976 2970 vocant,
2007 2938 2089 2977 quo
2106 2937 2249 2977 aquam

137 2970 324 3012 lustralem
340 2970 609 3024 aspergebant,
637 2985 685 3011 ex
701 2971 906 3014 frondibus
922 2973 983 3014 vel
1001 2988 1048 3014 ex
1065 2973 1172 3022 setis,
1200 2976 1309 3016 lauro
1325 2975 1418 3015 item
1435 2988 1501 3016 aut
1518 2977 1603 3017 olea
1620 2978 1899 3032 composltum,
1928 2991 1970 3018 ut
1986 2990 2097 3032 putat
2114 2980 2245 3034 Raph.

136 3025 339 3069 Fabrettus
356 3025 406 3067 de
418 3027 510 3088 Col.
532 3026 692 3088 ssrajani
708 3042 792 3084 pag.
818 3034 903 3081 164.
942 3029 1259 3080 Praefrriculum,
1282 3045 1349 3071 vas
1362 3043 1441 3072 erat
1457 3032 1658 3074 sacrificale
1674 3034 1857 3075 ansatum.
1895 3034 2063 3080 Lituus,
2092 3035 2248 3076 baculus

133 3081 330 3144 aduncus,
359 3096 427 3136 qui
446 3083 494 3123 ab
509 3097 593 3136 ejus
612 3083 716 3131 litui,
745 3098 828 3139 quo
846 3084 1013 3135 canitur,
1043 3085 1290 3128 similitudine
1307 3101 1451 3128 nornen
1470 3088 1636 3130 invenit:
1666 3090 1808 3130 Cicero
1825 3090 1885 3130 lib.
1906 3089 1957 3129 de
1974 3089 2145 3131 Divinat.
2163 3094 2247 3132 Au-

136 3151 276 3194 gurum
298 3136 444 3192 msigne
460 3165 473 3185 ,
502 3138 655 3179 Patera
671 3166 682 3186 ,
710 3139 823 3194 quod
842 3140 1065 3182 sacrificium
1084 3142 1240 3198 epulare
1266 3142 1437 3184 facerent
1458 3144 1686 3186 Sacerdotes
1704 3173 1715 3192 ‚
1745 3145 1891 3199 septem
1909 3145 2079 3186 virorum
2097 3147 2245 3202 Epulo-

137 3206 233 3233 num
249 3192 462 3246 symbolum
478 3193 533 3234 est
551 3209 559 3233 :
588 3194 677 3234 vide
693 3194 735 3234 P.
754 3195 998 3236 Norismium
1015 3198 1158 3239 Cenot.
1181 3198 1251 3238 Pis
1268 3211 1353 3254 pag.
1377 3213 1466 3253 123.
1506 3201 1605 3241 Haec
1630 3201 1761 3242 omnia
1781 3200 1831 3240 ad
1853 3201 2045 3241 summum
2069 3202 2245 3244 sacerdo-

138 3249 233 3289 tium
250 3248 489 3302 speftabant,
517 3250 628 3303 quod
642 3249 824 3292 Pontifex
844 3252 1043 3293 Maximus
1063 3254 1195 3294 onmia
1212 3253 1422 3296 sacerdotia
1438 3257 1677 3303 contineret;
1705 3256 1848 3296 idcirco
1859 3255 1986 3310 Julius
1995 3257 2122 3298 Caesar
2137 3259 2244 3313 apud

136 3304 308 3344 Dionem
328 3304 391 3344 lib.
413 3317 475 3357 37.
497 3318 584 3360 pag.
601 3311 666 3357 46.
697 3310 850 3358 Αςχερόῦς
864 3315 890 3346 ⁰22
906 3315 1090 3359 Ποννηφίκων
1106 3310 1343 3351 renuntiatur
1361 3325 1370 3350 ε
1400 3326 1488 3366 quae
1502 3312 1669 3368 dignitas
1691 3312 1741 3353 ab
1754 3311 1940 3367 Augusto
1957 3319 2144 3369 tanquam
2162 3315 2242 3371 hae-j

134 3359 310 3402 reditaria
329 3359 470 3402 transiit
485 3375 526 3412 in
540 3361 697 3416 Imperii
715 3363 952 3406 successores.

150 3436 153 3440 ”
189 3437 272 3479 Hic
285 3452 456 3481 nummus
460 3435 624 3494 ficundi
640 3435 779 3483 moduli
799 3451 908 3484 rarus
918 3470 932 3491 ,
948 3436 1028 3496 fid
1034 3445 1152 3500 primi
1171 3444 1375 3497 rarifflmus
1390 3443 1449 3498 est.

189 4003 294 4046 Tam.
322 4002 357 4046 1.
1435 3985 1444 4026 4
1748 4002 1785 4054 f
