2491 4219
807 164 862 212 M
930 166 974 212 Ἀ
1042 164 1088 211 Ὁ
1158 169 1199 213 R
1270 169 1288 212 Ῑ
1361 169 1408 213 Ν
1481 168 1526 213 U
1600 167 1638 212 S.
2171 179 2199 213 6
2207 188 2233 216 7

133 234 358 279 constituta,
386 234 435 273 ab
454 234 630 288 Augusto
653 233 855 274 veteranis
875 232 1135 286 frequentata,
1163 233 1270 272 suum
1297 233 1476 273 Macrino
1503 232 1730 286 obsequium
1759 247 1827 287 per
1855 247 2035 274 nummos
2064 235 2231 275 testatur.

130 288 271 344 Figura
294 289 488 329 montibus
508 290 673 329 infidens
686 315 697 333 ,
727 289 828 327 urbis
848 287 959 327 fitum
976 289 1139 334 indicat,
1168 289 1217 328 de
1237 303 1320 343 quo
1337 289 1468 328 Livius
1486 289 1576 328 Dec.
1596 302 1632 327 v.
1649 288 1709 327 lib.
1738 302 1795 327 1v.
1837 288 1963 327 Situm
1991 288 2094 328 urbis
2122 291 2231 329 undi-

130 358 202 399 que
219 345 421 397 aspiciens,
450 358 563 397 quam
590 357 662 384 non
677 342 760 393 fine
783 356 854 382 cau
872 358 896 382 a
926 343 1106 383 ueletiam
1132 343 1200 396 effe
1225 347 1364 396 regiam
1383 344 1568 382 advertit.
1599 342 1686 381 Sita
1705 343 1754 393 est
1769 343 1972 383 intumulo
1993 347 2228 397 vergentem

131 401 376 439 Occidentem
395 399 614 444 hibernum,
642 397 722 441 &a
753 397 808 436 Ill.
824 399 1099 452 Spanhemius,
1127 400 1176 438 ad
1198 398 1308 444 fitum
1324 398 1436 438 Pellae
1458 398 1699 450 probandum
1717 397 1816 438 Not.
1835 399 1882 438 ad
1908 397 2020 437 Caeff.
2037 398 2171 446 Iuliani
2188 413 2225 452 p.

135 462 222 496 160.
242 460 281 496 ὃς
300 467 391 504 400.
415 454 517 492 hunc
537 466 670 507 typum
688 452 866 506 protulit,
896 455 998 493 nulla
1019 454 1148 509 figurae
1167 455 1360 495 mentione
1378 453 1496 499 faeni,
1527 453 1587 492 cui
1613 467 1697 506 pag.
1730 460 1815 492 160.
1833 453 1999 506 palmam
2019 467 2090 507 pro
2107 452 2226 493 fistula.

130 511 281 555 tribuit,
311 509 414 548 unde
435 514 462 547 A
473 509 592 548 micus
608 508 734 548 noster
751 508 798 547 ad
816 508 1013 549 Athletam
1035 509 1217 550 ludorum
1238 509 1419 549 vietorem
1432 536 1442 553 ,
1471 509 1540 561 qui
1563 507 1630 547 fibi
1649 521 1830 547 coronam
1857 510 2041 562 imponit,
2072 521 2227 548 revoca-

129 567 196 605 bat
213 585 223 610 ·,
239 564 303 604 sed
323 564 439 616 figura
455 563 516 602 illa
533 577 730 616 nunquam
748 564 912 616 palmam
931 579 1088 618 gerens,
1117 566 1265 618 semper
1282 563 1412 602 fistulae
1430 564 1578 608 innixa,
1609 562 1753 616 Apollo
1770 563 1844 603 elle
1855 565 2027 609 videtur,
2055 563 2228 604 Nomius

129 620 275 664 diet-us,
304 619 410 672 quasi
431 619 576 672 pastor,
605 619 715 671 quod
735 618 893 659 Admeti
912 620 1034 673 Regis
1051 633 1168 671 pecus
1189 619 1356 673 paverit,
1386 631 1427 658 ut
1447 618 1649 659 confirmat
1664 617 1808 671 pedum
1827 619 1865 658 in
1883 634 1957 660 una
1980 621 2128 659 nummi
2145 634 2229 674 para

129 687 181 716 te.
211 675 242 714 F
245 675 359 713 istulaff
381 674 508 712 multis
528 674 679 713 calamis
695 675 906 726 compaEhn
922 675 1093 720 innixus,
1124 686 1308 728 tanquam
1326 673 1489 726 Marsyae
1509 674 1635 728 spoliis
1655 673 1853 720 insultans,
1881 677 1950 728 qui
1965 675 2014 714 ad
2031 676 2131 716 tibiae
2149 680 2229 715 cer*-

129 743 258 777 tamen
275 728 395 783 ipsum
415 742 624 781 provocare
642 728 751 768 ausus
775 728 898 769 fuerat
916 749 927 775 3
956 728 1126 782 ideoque
1144 743 1327 768 coronam
1345 728 1413 768 fibi
1428 727 1603 782 imponit.
1632 728 1819 768 Pellenses
1840 729 1944 782 apud
1966 730 2169 770 Goltzium
2188 731 2228 770 in

131 785 290 825 Graeciae
310 784 474 823 nummis
487 784 559 823 tab.
576 799 591 822 2
605 798 637 823 z.
657 787 695 822 δε
719 797 778 836 23.
796 784 1018 837 Apollinem
1035 798 1124 824 cum
1142 784 1315 838 tripode,
1343 783 1529 837 illumque
1551 787 1638 823 cum
1656 783 1907 837 lauricorona
1927 784 2128 832 exhibent,
2155 799 2228 825 un-

128 840 182 882 de
202 839 305 894 apud
322 853 389 879 eos
405 839 594 893 Apollinis
609 839 732 879 cultus
747 840 926 893 arguitur.

125 915 127 918 ’
186 917 269 958 Hic
282 931 453 958 nummus
474 918 620 956 minimi
642 916 780 958 moduli
788 928 860 971 pro
877 931 959 957 raro
975 916 1235 958 numerandus.

190 1506 213 1533 c
225 1499 250 1531 o
264 1505 302 1530 L.
333 1503 348 1529 1
361 1504 387 1529 v
400 1504 438 1530 L.
470 1503 497 1528 A
513 1503 537 1529 v
549 1503 589 1529 G.
621 1503 642 1528 Ρ
656 1489 677 1528 Ε
691 1487 715 1529 ἰ
730 1504 766 1529 r..
797 1489 951 1529 Colonia
970 1475 1088 1541 Julia
1103 1488 1275 1544 Augusta
1294 1487 1424 1530 Pella.
1466 1472 1641 1531 ViCkoria
1665 1487 1770 1530 sedet
1793 1487 1904 1543 supra
1931 1486 2049 1543 spolia
2061 1513 2074 1535 ‚
2102 1486 2236 1529 dextra

243 1545 403 1600 stylum,
432 1544 614 1584 sinistram
631 1545 794 1598 apponit
813 1545 950 1599 clypeo
971 1559 1086 1599 quem
1107 1558 1210 1600 genu
1227 1544 1390 1586 sustinet.

186 1623 358 1664 Vistoria
381 1623 509 1677 spoliis
535 1621 720 1668 inficiens,
749 1623 798 1663 ad
820 1623 958 1664 bellum
982 1623 1201 1664 Parthicum
1226 1624 1369 1678 speEtat
1392 1644 1404 1670 ;
1433 1623 1495 1664 illa
1520 1624 1624 1665 enim
1647 1622 1774 1670 sedet,
1803 1623 1904 1663 bello
1928 1637 1998 1677 per
2014 1622 2236 1663 Macrinum

130 1678 334 1726 eonfeCro,
365 1682 404 1718 ὃς
421 1692 514 1731 pace
533 1691 621 1717 cum
638 1677 787 1719 Parthis
808 1679 920 1726 inita,
950 1694 1028 1734 qua
1048 1679 1097 1719 de
1116 1693 1156 1719 re
1173 1680 1254 1720 Dio
1269 1679 1328 1720 lib.
1345 1683 1407 1731 78.
1427 1694 1515 1734 pag.
1537 1682 1626 1732 887.
1657 1690 1764 1716 limma
1777 1681 2068 1729 Qnewcadssuon
2084 1686 2098 1718 ὁ
2116 1690 2233 1730 Μακρῖ-

133 1745 193 1780 v&
206 1737 253 1784 U}
268 1740 284 1772 ὁ
302 1738 505 1785 Αςηίζωρι,
532 1736 579 1781 χρὴ
596 1737 892 1782 :agam-macidane,
921 1730 1147 1782 mnndm'owt.
1184 1735 1395 1775 Secundum
1411 1735 1492 1775 haec
1507 1735 1619 1786 miffi's
1642 1735 1726 1775 utro
1747 1736 1914 1792 citroque
1935 1737 1982 1776 de
1997 1748 2094 1792 pace
2112 1737 2236 1791 Lega-

132 1794 188 1833 tis
195 1813 212 1838 ·,
235 1806 292 1831 res
314 1794 414 1831 inter
440 1790 660 1830 [Macrinum
685 1790 733 1833 ὢν
757 1791 1004 1830 Artabanum
1027 1800 1197 1830 mutuam
1214 1790 1269 1830 ad
1280 1791 1622 1831 reconciliationem
1637 1791 1904 1846 deductafuit.
1943 1792 2052 1833 Nam
2077 1794 2234 1833 austore

134 1847 366 1888 Herodiano
384 1846 422 1885 in
440 1846 517 1885 vita
536 1845 699 1884 Macrini
716 1873 728 1891 ,
756 1846 928 1885 Romani
945 1846 1074 1886 triduo
1092 1859 1180 1886 cum
1196 1846 1345 1887 Parthis
1362 1846 1659 1888 decertaverant.
1688 1848 1807 1896 Πςώπις
1822 1846 1874 1894 ogd
1891 1847 1924 1884 ἔν
1939 1852 1962 1901 23,
1979 1849 2129 1896 δὼτὲςρες
2143 1848 2236 1887 κνίσης

133 1904 252 1948 ἧμὲςρες
267 1904 296 1943 ἐξ
311 1905 412 1936 {oswi
425 1902 463 1935 εἰς
478 1903 605 1945 {rw-&390¹
621 1904 817 1946 ἐμαχέαῖωπ·
844 1903 868 1951 2}
885 1901 934 1942 νὺξ
951 1904 1105 1936 {massam
1120 1903 1231 1936 ὃιὲλυπ
1246 1901 1299 1937 ‘nir
1313 1899 1435 1947 μάχας·
1461 1902 1588 1947 ἑκάτεροί
1601 1917 1628 1936 τε
1646 1905 1801 1942 ἐπανῆλθεν
1815 1905 1854 1938 εἰς
1867 1902 1905 1937 πῖ
1918 1904 2028 1937 ἐρωτῶν
2043 1903 2232 1948 ςροιτόπεὸσι,

135 1959 215 1999 νικᾷν
230 1956 374 1995 ditium.
402 1957 438 2001 τῇ
455 1952 473 1998 ‘ti
490 1957 570 2000 τίίτῃ
587 1956 679 2000 ἡμέρῳ
696 1957 834 1993 οτωῆλῇτν
849 1957 887 1989 εἰς
901 1953 935 1987 r&
950 1953 1024 1987 οὶυτδ
1039 1954 1132 1995 πεδῖον
1146 1952 1329 2004 μωχόμὲζυορ.
1360 1951 1443 1990 Uno
1461 1953 1580 2006 igitur
1597 1951 1786 2005 alteroque
1805 1950 1886 1998 die,
1914 1951 1937 1990 a
1955 1965 2063 1992 mane
2083 1952 2137 1991 ad
2150 1952 2235 2003 ves-

124 2018 259 2067 peram
269 2016 483 2060 pugnatum
503 2020 515 2044 .·
543 2020 619 2046 nox
638 2006 814 2060 pralium
842 2007 995 2046 diremit
1010 2026 1024 2051 ,-
1053 2005 1361 2061 reverfiquesunt
1377 2007 1420 2045 in
1438 2006 1558 2056 castra
1574 2007 1746 2061 utrique,
1773 2005 1880 2060 quasi
1889 2007 2064 2046 victores.
2102 2007 2235 2047 Tertia

116 2057 197 2102 'die
210 2064 251 2101 in
268 2061 420 2102 eandem
430 2062 632 2115 planitiem
644 2056 852 2116 pugnaturi
871 2064 1086 2102 convenere.
1115 2062 1277 2101 Senatus
1292 2061 1473 2101 Macrino
1489 2060 1670 2100 sacrificia·
1681 2060 1851 2101 decrevit
1873 2060 1926 2100 ob
1949 2061 2145 2102 virstoriam
2157 2088 2168 2107 ,
2196 2066 2236 2103 ὃς

135 2116 298 2163 Parthici
326 2129 468 2156 nomen
493 2116 648 2163 datum,
675 2117 785 2170 quod
810 2131 890 2156 non
915 2117 1073 2169 accepit.
1118 2115 1238 2155 Multi
1262 2123 1469 2156 occurrunt
1495 2128 1514 2154 s
1529 2129 1562 2155 c.
1587 2114 1664 2156 cufi
1689 2115 1839 2155 nummi
1855 2129 1944 2157 cum
1960 2116 2069 2158 fimili
2085 2129 2180 2173 typo
2195 2121 2234 2159 δε

116 2171 344 2226 ‘epigraphe
363 2185 389 2210 v
402 2185 418 2211 1
430 2186 452 2212 c
463 2185 498 2211 T.
530 2185 552 2210 P
567 2187 593 2211 A
607 2185 635 2212 R
651 2186 675 2210 r
688 2187 728 2211 Η.
758 2172 868 2225 quod
887 2171 1024 2211 imitati
1039 2170 1124 2216 sunt
1138 2170 1336 2210 Pellenses.

192 2249 272 2290 Hic
285 2252 458 2291 nummus
473 2251 627 2291 minoris
639 2248 771 2300 formae
781 2277 793 2296 ,
821 2251 862 2290 in
879 2250 1061 2290 rariorum
1065 2247 1167 2300 serie
1183 2247 1430 2288 collocandus.

290 2324 310 2344 *
984 2333 1025 2374 T
1072 2334 1114 2373 Y
1157 2334 1198 2374 R
1257 2333 1299 2373 cs
1348 2332 1387 2372 s,

137 2940 153 2972 3
164 2939 200 2972 M
213 2939 244 2965 P.
279 2939 301 2965 c
314 2938 340 2964 A
354 2939 376 2964 E
389 2937 418 2964 s.
450 2936 486 2963 M
500 2938 526 2963 A
541 2938 563 2963 c
574 2937 604 2962 R
616 2936 631 2962 1
645 2935 673 2962 N
686 2937 712 2962 v
726 2936 759 2962 s.
793 2936 820 2961 A
833 2935 859 2962 v
873 2936 912 2962 G.
942 2922 1075 2977 Caput
1091 2921 1257 2962 Macrini
1276 2921 1498 2963 laureatum.

192 2995 212 3021 s
224 2996 247 3021 E
262 2995 282 3020 P
295 2994 330 3019 T.
363 2994 387 3019 T
403 2993 426 3019 Y
441 2993 470 3019 R
481 2993 508 3019 0
537 2993 573 3018 M
585 2993 608 3017 E
621 2993 644 3018 τ
657 2992 687 3018 R
699 2992 725 3017 o
738 2992 772 3017 P.
803 2992 826 3017 c
838 2991 864 3016 o
878 2992 940 3017 Lo
952 2991 995 3017 N.
1026 2979 1208 3032 Septimia
1226 2978 1321 3030 Tyro
1341 2976 1563 3032 Metropolis
1584 2977 1750 3018 Colonia.
1792 2978 1870 3018 Bos
1891 2991 1979 3018 cum
1999 2978 2162 3026 vexillo,
2189 2979 2232 3021 in

247 3050 330 3090 quo
348 3050 374 3075 L
386 3049 409 3074 Ε
422 3049 462 3074 G.
497 3048 512 3074 1
533 3048 548 3074 1
568 3048 600 3074 1.
631 3048 656 3074 G
671 3048 698 3073 A
713 3049 752 3074 L.
780 3033 901 3088 Legio
916 3035 1049 3076 Tertia
1065 3033 1230 3074 Gallica.
1261 3033 1524 3089 Conchylium
1543 3046 1632 3074 ante
1649 3033 1802 3074 bovem.

187 3114 316 3167 Tyrus
324 3113 532 3153 Phoeniciae
549 3111 803 3166 Metropoli3‚
819 3111 1040 3152 Macrinum
1056 3123 1255 3158 venerata,
1285 3125 1467 3154 nummos
1482 3114 1518 3153 ei
1534 3113 1719 3168 plurimos
1735 3111 1891 3158 obtulit,
1920 3111 1946 3151 fi
1963 3111 2122 3166 quidem
2141 3113 2228 3154 Ma-

133 3172 210 3215 rius
229 3169 414 3209 secundus
429 3169 526 3209 illius
546 3168 752 3223 provinciae
768 3167 996 3212 hierenus,
1024 3166 1073 3206 ab
1093 3167 1209 3221 ipsius
1229 3168 1399 3221 partibus
1415 3181 1549 3210 contra
1563 3167 1808 3223 Elagabalum
1828 3167 1950 3212 stetit,
1978 3178 2021 3207 ut
2031 3168 2109 3220 jam
2133 3169 2228 3210 vidi·

134 3240 221 3269 mus
237 3223 340 3278 apud
359 3224 539 3263 Dionem.
571 3224 669 3269 Bos,
697 3222 877 3262 Coloniae
901 3236 951 3262 ex
970 3221 1135 3263 Civibus
1160 3223 1299 3278 togatis
1320 3221 1498 3263 deduekae
1521 3223 1733 3278 symbolum
1750 3222 1833 3268 est;
1862 3221 2058 3269 vexillum,
2087 3224 2226 3280 Legio-

133 3283 193 3322 nis
208 3281 491 3321 Veteranorum
509 3279 549 3317 in
568 3292 651 3318 eam
672 3277 867 3318 mistorum
882 3277 1029 3331 insigne
1046 3292 1054 3316 ε
1082 3291 1130 3318 ex
1148 3292 1315 3333 quanam
1335 3290 1464 3319 autem
1481 3279 1532 3325 illi
1551 3279 1712 3324 fuerint,
1740 3277 1779 3316 in
1806 3290 1856 3316 eo
1885 3276 2063 3330 scriptum
2083 3279 2136 3319 est
2156 3294 2227 3320 no-

132 3351 223 3377 men
238 3335 381 3375 Tertiae
398 3333 566 3374 Gallicae.
595 3332 679 3387 Ipsa
696 3333 800 3372 enim
817 3333 857 3371 in
876 3331 1074 3373 Phoenicia
1088 3333 1246 3374 hiberna
1263 3332 1399 3387 agebat
1420 3349 1427 3372 :
1457 3334 1539 3373 haec
1560 3333 1733 3374 nondum
1761 3343 1892 3385 pacata
1909 3344 2008 3378 erat,
2035 3334 2121 3389 post
2142 3335 2226 3376 Ela-

132 3392 255 3450 gabali
274 3392 295 3430 e
310 3389 414 3444 Syria
432 3385 650 3434 discessum,
678 3401 766 3427 nam
784 3388 944 3427 Severus
962 3387 1154 3429 rebellavit
1170 3415 1182 3434 ‚
1211 3390 1304 3430 teste
1319 3388 1458 3429 eodem
1478 3390 1643 3429 austore.
1673 3393 1793 3436 Σεένῖρος
1818 3391 2023 3437 &mommsen
2041 3396 2064 3443 »g
2083 3395 2171 3430 αύτᾱς
2186 3397 2224 3439 τῇ

132 3450 281 3499 novumn
300 3453 330 3484 ἂν
345 3453 387 3494 τῷ
401 3447 496 3493 τότε»
513 3449 680 3492 ,parmeno
696 3451 740 3492 τῷ
757 3455 774 3480 Γ
776 3450 882 3490 omnm?
890 3469 900 3485 ,
926 3443 943 3480 ἕ
960 3443 1046 3492 ἦρχε.
1083 3443 1245 3484 Severus
1261 3452 1407 3490 autem,
1429 3441 1475 3487 ὠ
1491 3444 1566 3498 ipse
1583 3456 1734 3497 regnum
1749 3441 1942 3495 aclfec‘i‘are
1958 3443 2072 3496 ausus
2087 3446 2129 3483 in
2147 3445 2222 3483 Le-

123 3508 235 3560 gione
253 3503 405 3544 Gallica
423 3501 574 3548 Tertia,
602 3502 710 3556 cujus
727 3501 808 3540 dux
827 3508 919 3539 erat.
960 3498 1224 3552 Conchylium
1238 3498 1334 3552 Tyri
1351 3498 1497 3554 infigne
1518 3499 1594 3545 est,
1623 3498 1675 3538 ob
1690 3497 1876 3538 celebrem
1893 3498 1976 3551 ejus
1993 3512 2221 3554 purpuram,

132 3560 183 3600 de
200 3575 276 3615 qua
290 3559 459 3613 loquitur
478 3556 662 3612 Virgilius
679 3557 741 3595 lib.
765 3570 800 3609 3.
819 3556 967 3609 Georg.

291 3655 296 3662 ,
623 3611 771 3661 Vellera
788 3619 980 3650 mutentur
1000 3608 1130 3654 Tyrios
1145 3609 1294 3648 incoc‘la
1311 3607 1469 3648 rubores.

132 3671 214 3725 Jam
233 3669 407 3722 vulgatus
423 3668 478 3708 est
493 3667 532 3707 in
543 3658 646 3721 Julia
659 3666 725 3706 Pia
745 3665 870 3705 fimilis
888 3665 985 3719 Tyri
1002 3663 1179 3704 Coloniae
1195 3675 1307 3717 typus
1324 3678 1412 3703 cum
1439 3662 1573 3703 eadem
1599 3662 1829 3717 epigraphe,
1856 3677 1972 3717 quam
1998 3662 2195 3702 Tristanus
2206 3687 2220 3707 2

131 3731 171 3766 &
191 3725 286 3764 illius
303 3725 503 3778 sequaces,
535 3737 554 3761 s
567 3737 591 3762 E
604 3736 624 3761 Ρ
636 3737 663 3762 H
675 3735 699 3761 Υ
714 3735 741 3760 R
756 3734 782 3761 v
794 3735 813 3760 s
837 3725 875 3760 &
898 3734 916 3760 s
931 3735 954 3759 E
969 3734 988 3758 P
1000 3734 1029 3760 H
1043 3733 1066 3758 Υ
1081 3733 1147 3759 Ro
1166 3718 1359 3773 legerunt,
1387 3730 1429 3758 ut
1446 3718 1591 3758 notavit
1612 3718 1651 3757 P.
1671 3719 1895 3758 Harduinus
1921 3733 2003 3772 pag.
2039 3731 2059 3767 5
2071 3732 2079 3755 ι
2093 3729 2127 3768 3.
2149 3718 2218 3770 qui

129 3779 412 3832 inscriptionem
437 3777 564 3818 vexilli
587 3791 699 3817 LEG.
730 3790 754 3816 x
771 3790 785 3816 1
806 3790 838 3816 1.
867 3790 938 3830 pro
968 3790 993 3815 L
1007 3789 1029 3814 E
1043 3789 1081 3814 G.
1113 3788 1129 3813 1
1148 3787 1163 3813 1
1183 3787 1213 3813 1.
1240 3774 1345 3827 apud
1369 3773 1547 3814 Patinum
1570 3774 1756 3828 corrigere
1783 3774 1966 3814 debuerat
1991 3786 2037 3812 ex
2058 3777 2221 3814 nummo

131 3835 250 3882 Treb.
267 3833 390 3879 Galli,
417 3847 535 3888 quem
552 3833 712 3887 ipsemet
728 3845 817 3871 cum
835 3846 860 3872 L
872 3845 896 3870 E
910 3845 949 3871 G.
974 3844 988 3869 1
1011 3843 1023 3869 1
1044 3844 1075 3870 1.
1099 3840 1126 3869 G·
1141 3843 1168 3868 A
1182 3842 1221 3868 L.
1240 3842 1326 3883 pag.
1344 3828 1528 3883 sequente
1543 3829 1709 3883 protulit.

184 3911 268 3958 Hic
285 3924 456 3950 nummus
471 3910 663 3951 mediocris
681 3909 977 3965 magnitudinis,
1005 3907 1029 3949 ὰ
1047 3907 1198 3950 Patina
1208 3918 1298 3963 pag.
1321 3921 1370 3962 32
1382 3921 1412 3948 1.
1434 3905 1637 3961 vulgatus,
1666 3920 1773 3948 rarus
1787 3905 1847 3958 est.

242 3988 284 4033 Τ
278 4002 346 4029 om.
376 3988 400 4028 1
411 3988 447 4029 Ι.
1497 3983 1518 4027 I
1550 3998 1568 4024 2
