2491 4219
704 176 990 228 ALEX.
1077 176 1570 242 SEVERUS,
2116 184 2219 240 εις,

111 846 157 880 N.
187 851 212 878 T
225 851 265 878 R.
298 851 323 877 A
337 853 362 878 L
375 852 398 877 E
411 852 436 877 x
451 851 476 877 A
493 851 522 876 N
534 852 560 877 D
575 851 605 877 R
618 850 633 876 1
649 851 671 876 A
689 851 719 877 N
735 851 759 877 A
775 853 799 878 E
831 851 853 877 c
867 853 891 877 o
907 852 944 879 L.
977 852 1000 879 n
1012 852 1037 878 0
1051 851 1069 878 s
1084 853 1107 879 T
1121 853 1164 879 R.
1194 836 1360 879 Nes-vise
1374 838 1555 895 Trcy‘anae
1570 838 1876 879 Alexandr-ianae
1892 838 2052 881 Colouiae
2067 838 2219 891 Bostra».

221 893 398 933 Colonus
413 906 529 946 agens
551 895 681 933 boves.

161 948 417 989 Restituenda
445 960 488 989 ut
514 949 624 1002 supra
649 947 962 1001 apudErizzum
987 963 1105 1002 prava
1130 950 1212 991 haec
1242 950 1392 990 nummi
1420 948 1632 1004 epigraphe
1661 963 1712 990 M.
1752 963 1830 990 TR.
1869 964 1940 992 AN
1956 962 2137 989 DRIAN
2152 963 2178 989 A
2193 959 2218 988 Ε

221 1017 331 1043 COL.
360 1017 507 1043 POST.

157 1093 322 1135 Nomen
351 1093 642 1135 Alexandrianae
659 1120 672 1140 ,
709 1093 819 1147 quod
843 1094 960 1134 veteri
987 1093 1142 1134 Ner-vire
1169 1094 1347 1148 Trajanae
1377 1094 1626 1149 appellationi
1663 1095 1839 1149 adjunxit
1863 1087 2034 1136 Colonia
2063 1087 2218 1139 Bostra,

98 1149 218 1204 ipsam
237 1151 284 1190 ab
303 1150 522 1189 Alexandro
539 1150 681 1190 Severo
697 1148 903 1189 deduc-‘barn
923 1150 1048 1204 arguit
1064 1177 1076 1196 ,
1103 1150 1224 1203 idque
1245 1151 1391 1191 Coloni
1422 1154 1540 1191 boves
1561 1152 1708 1206 agentis
1727 1164 1841 1206 typus
1861 1152 1899 1191 in
1919 1164 2081 1190 nummo
2099 1148 2221 1202 signa-

97 1205 393 1247 tus'confirmar.
433 1206 570 1245 Graeca
597 1205 680 1257 ejus
702 1204 802 1245 urbis
828 1205 866 1245 in
889 1205 1119 1245 Commodo
1144 1206 1380 1260 epigraphe,
1413 1221 1440 1246 N
1456 1221 1490 1245 E.
1524 1220 1548 1244 T
1565 1221 1597 1245 P.
1633 1221 1654 1246 Β
1667 1221 1692 1246 o
1707 1222 1730 1247 c
1743 1222 1766 1246 T
1781 1221 1800 1246 P
1816 1222 1842 1246 A
1875 1208 1972 1247 circa
1989 1206 2218 1249 Camelum,

11 1243 19 1253 ‚
71 1263 74 1268 '
98 1261 203 1301 male
222 1261 324 1313 apud
342 1260 517 1301 Patinum
539 1274 624 1314 pag.
648 1263 736 1311 264.
773 1273 813 1299 N.
842 1275 866 1299 τ
884 1274 923 1299 R.
956 1275 1013 1299 Bo
1029 1276 1051 1300 c
1065 1275 1088 1300 T
1106 1275 1134 1301 R
1149 1276 1189 1300 A.
1220 1262 1372 1315 vulgata
1389 1262 1464 1306 est,
1496 1265 1534 1300 ὃς
1551 1261 1648 1302 illius
1666 1276 1866 1315 perperam
1892 1261 2019 1301 Novae
2037 1261 2219 1313 Trajanae
2243 1291 2248 1297 .

95 1316 391 1370 interpretatio,
430 1319 516 1356 cum
545 1329 726 1355 nummus
754 1315 815 1355 ille
842 1315 885 1355 sit
910 1315 1071 1355 Graecus
1089 1343 1100 1361 ‚
1130 1318 1185 1355 uti
1209 1317 1434 1357 Holstenius
1460 1330 1544 1371 pag.
1568 1330 1632 1368 72.
1663 1320 1701 1356 δε
1730 1318 1769 1356 P.
1793 1316 2018 1356 Harduinus
2044 1330 2130 1369 pag.
2148 1316 2217 1363 98.

98 1373 338 1428 agnoscunt3
368 1372 431 1412 sed
453 1373 490 1411 hi
514 1370 678 1411 eandem
702 1369 832 1410 Novae
852 1374 891 1409 &
917 1378 996 1411 Νέας
1021 1371 1315 1423 explicationem
1337 1372 1507 1411 reddunt
1523 1394 1535 1416 ⁵
1564 1385 1682 1424 quem
1705 1386 1872 1411 errorem
1893 1372 1914 1409 ἒι
1928 1371 2109 1409 Tristano
2130 1382 2218 1422 pag.

95 1440 150 1480 -42
160 1434 194 1467 6.
217 1437 352 1468 omnes
369 1426 527 1468 hausisse
545 1425 744 1473 videntur;
772 1427 834 1466 ille
851 1439 978 1466 autem
1000 1427 1170 1466 Bostram
1187 1428 1240 1466 ob
1254 1426 1412 1478 Trajani
1428 1426 1607 1471 nomina,
1636 1427 1843 1466 Coloniam
1857 1427 1906 1466 ab
1918 1439 1968 1465 eo
1981 1424 2119 1464 factam
2133 1438 2222 1477 pro-

97 1483 205 1529 tulit,
235 1483 298 1523 sed
315 1485 401 1523 cum
420 1482 630 1538 epigraphe
648 1482 784 1522 Graeca
805 1482 868 1529 sit,
899 1487 938 1522 δε
959 1482 1047 1521 urbs
1065 1482 1243 1522 Coloniae
1260 1482 1412 1522 titulum
1434 1497 1513 1521 non
1531 1481 1691 1527 habear,
1710 1496 1805 1535 pace
1823 1492 2017 1522 tantorum
2035 1481 2220 1525 virorum,

99 1537 274 1578 Bostram
293 1539 500 1579 Coloniam
519 1539 565 1577 ab
588 1552 636 1577 eo
655 1537 862 1577 dedustam
885 1537 994 1577 fuisse
1019 1537 1178 1577 minime
1196 1539 1362 1591 probant
1378 1564 1389 1583 ‚
1420 1538 1501 1578 imo
1519 1536 1713 1591 inscriptio
1733 1537 1904 1591 ejusdem
1925 1538 2027 1577 urbis
2045 1536 2084 1576 in
2102 1536 2221 1576 Cara-

97 1594 201 1634 callae
224 1608 385 1634 nummo
410 1594 541 1648 Regio
565 1593 585 1631 a
612 1593 649 1631 P.
678 1593 885 1633 Harduino
908 1593 995 1632 ibid.
1022 1593 1180 1647 vulgato
1212 1607 1252 1632 A.
1285 1605 1424 1633 TTXH
1456 1607 1591 1632 BOCT
1607 1605 1722 1632 ΡΩΝ.
1753 1593 1850 1633 circa
1877 1605 1993 1646 caput
2019 1592 2219 1638 turritum,

96 1649 304 1689 Coloniam
329 1649 394 1688 sub
416 1649 492 1689 hoc
510 1649 747 1701 Imperatore
766 1649 942 1689 nondum
963 1648 1148 1701 accepilse
1169 1648 1310 1689 evincit
1329 1662 1336 1685 :
1364 1648 1401 1687 in
1424 1663 1504 1702 qua
1524 1649 1708 1689 sententia
1727 1647 1837 1689 fuisse
1856 1649 2008 1689 videtur
2025 1648 2079 1687 Ill.
2099 1647 2221 1701 Span-

93 1703 248 1745 hemius
266 1705 358 1744 Difl'.
376 1719 411 1753 9.
431 1719 516 1759 pag.
538 1710 626 1754 776.
649 1705 718 1757 qui
739 1705 912 1745 Bostram
932 1704 952 1743 a
975 1705 1107 1743 Nerva
1125 1704 1298 1756 Trajano
1314 1715 1486 1744 ornatam
1501 1730 1512 1750 ‚
1544 1704 1607 1743 sed
1626 1703 1704 1744 fine
1719 1704 1899 1744 Colonia:
1913 1704 1999 1756 jure
2018 1707 2055 1742 &
2072 1717 2220 1758 cogno-

93 1772 250 1807 mento,
279 1764 317 1800 δε
343 1761 509 1812 primum
535 1758 676 1798 dieram
699 1762 737 1799 in
759 1759 964 1799 Alexandri
983 1760 1150 1799 nummis
1173 1759 1381 1799 Coloniam
1399 1760 1530 1799 affer-it.
1565 1759 1696 1799 Bostra
1714 1772 1844 1800 autem
1862 1759 2023 1800 Nerviae
2037 1758 2218 1811 Trajanae

92 1829 237 1857 nomen
259 1814 442 1869 accepisse
460 1814 612 1854 videtur
628 1814 680 1854 ob
699 1815 930 1855 beneficium
949 1816 997 1855 ab
1016 1816 1254 1869 Imperatore
1274 1815 1454 1856 collacum
1485 1815 1571 1868 post
1599 1814 1824 1867 acquifitam
1846 1829 1916 1868 per
1939 1815 2105 1855 Palmam
2133 1814 2219 1867 ejus

91 1869 295 1926 Legatum
314 1871 502 1910 Arabiam.
541 1869 716 1910 Tantum
740 1869 811 1910 fuit
835 1885 924 1925 erga
948 1871 1163 1924 Tra-{anum
1188 1869 1393 1919 Alexandri
1417 1871 1546 1910 Severi
1572 1870 1760 1915 studium,
1790 1882 1832 1910 ut
1849 1870 2010 1911 honoris
2026 1871 2158 1916 caus-31,
2188 1869 2218 1910 sl

92 1926 319 1979 Lampridio
340 1926 453 1972 fides,
484 1924 599 1979 ipfius
619 1939 764 1965 nomen
789 1926 972 1966 omnibus
997 1926 1166 1967 aedificiis
1189 1927 1237 1966 ab
1262 1925 1326 1966 illo
1344 1926 1559 1971 exstructi&
1592 1939 1680 1978 qua:
1698 1926 1927 1967 collabentia
1947 1927 2130 1972 restituit,
2159 1938 2218 1966 re-

90 1983 238 2022 servare
257 1981 427 2021 voluerit.
465 1981 615 2020 Pontes
634 1995 726 2036 quos
750 1982 941 2034 Trajanus
959 1981 1104 2030 ficerat
1118 2007 1129 2028 ,
1157 1982 1390 2028 instauravit
1406 1983 1504 2034 pene*
1522 1983 1563 2020 in
1583 1980 1755 2020 omnibus
1775 1980 1868 2020 locis
1887 1997 1899 2020 :
1927 1981 2073 2036 aliquos
2096 1984 2215 2022 etiam

90 2051 211 2077 novos
216 2036 317 2090 fecit
337 2064 347 2083 ‚
377 2036 441 2078 (ed
455 2035 678 2082 instauratis
711 2049 739 2074 N
752 2050 778 2075 o
795 2050 827 2076 M
842 2051 863 2076 E
880 2051 907 2076 N
940 2037 1016 2076 TR
1032 2052 1058 2075 A
1074 2051 1087 2076 1
1102 2051 1127 2076 A
1142 2051 1170 2076 N
1184 2051 1197 2076 1
1225 2037 1454 2086 refhrvavit.
1502 2036 1573 2076 Nil
1593 2037 1732 2075 mirum
1752 2037 1869 2091 igitur
1890 2037 1915 2075 sl
1940 2037 1978 2076 N
1985 2037 2096 2076 ervire
2112 2038 2212 2077 Tra-

85 2091 187 2148 janzr
205 2092 500 2147 appellationem
523 2092 664 2132 Bostra:
681 2092 902 2146 reliquerit,
933 2096 972 2133 8:
986 2092 1063 2132 hoc
1080 2091 1372 2132 Alexandriana:
1389 2092 1515 2145 gentis
1534 2091 1609 2130 suae
1629 2103 1774 2131 nomen
1794 2105 1958 2132 nummo
1978 2093 2130 2133 tantum
2147 2092 2214 2133 ad-

91 2148 242 2189 diderit.

87 2281 90 2283 ,
146 2241 230 2290 Hic
246 2253 418 2290 nummus
426 2241 559 2291 primae
578 2237 857 2293 magnitudinis
868 2266 879 2285 ‚
906 2237 954 2279 ab
971 2238 1134 2289 Erizzo
1144 2248 1234 2295 pag.
1253 2240 1347 2292 478.
1366 2236 1574 2294 vulgatus,
1605 2235 1654 2282 ὠ
1669 2239 1713 2280 in
1730 2238 1887 2280 cimelio
1899 2231 2073 2293 Mediqe'o
2089 2254 2215 2293 reconq

87 2295 218 2345 ditm,
247 2295 396 2338 eximz‘ae
413 2297 592 2336 rarztatis
610 2294 660 2346 est
681 2293 729 2338 &⁶
749 2295 821 2348 elcg
828 2295 958 2335 antiae.

145 2868 169 2899 e
181 2872 206 2898 o
222 2870 246 2898 ῑ,
259 2871 284 2897 0
296 2867 326 2897 N
339 2872 353 2898 1
370 2871 394 2897 A
428 2872 450 2898 B
461 2872 487 2898 o
499 2870 516 2897 s
531 2870 554 2898 T
568 2870 598 2898 R
612 2872 651 2898 A.
690 2858 824 2915 Caput
841 2859 1016 2901 turritum
1036 2859 1172 2902 modio
1193 2867 1393 2910 ornatum,
1423 2867 1528 2918 pone
1546 2852 1657 2918 quod
1676 2866 1934 2923 cornucopiae.

142 2946 277 2998 Caput
300 2946 473 2985 turritum
487 2972 498 2989 ,
527 2945 629 2985 urbis
648 2945 863 3000 symbolum
884 2949 938 2989 est
956 2976 968 2995 ‚
999 2948 1165 2988 turribus
1183 2948 1344 3003 quidem
1366 2961 1546 2990 ornatum
1560 2977 1572 2997 ‚
1601 2963 1646 2992 ut
1671 2965 1746 2993 una
1770 2967 1818 2994 ex
1838 2956 2026 3007 primariis
2044 2957 2204 3003 civitati-

87 3000 159 3041 bus
176 3027 188 3046 ,
220 3001 388 3040 Bostram
414 3014 540 3041 autem
568 3001 667 3041 inter
689 3003 839 3043 Arabi-³2
861 3004 1025 3057 insignes
1050 3002 1099 3044 ab
1122 3006 1246 3043 Amm.
1267 3005 1498 3045 Marcellino
1522 3008 1740 3048 nominatas
1764 3009 1875 3063 supra
1898 3012 2064 3053 diximus
2083 3042 2094 3060 ,
2126 3017 2206 3058 Da.

84 3055 244 3097 mascius
262 3056 364 3110 apud
384 3056 561 3097 Photium
582 3083 593 3102 ‚
622 3058 812 3099 civitatem
835 3062 855 3098 a
876 3060 1019 3100 Severo
1038 3059 1178 3100 factam
1198 3073 1333 3100 narrat.
1365 3060 1549 3105 Απεὸνῖμηστν
1563 3065 1601 3097 εἰς
1614 3063 1652 3096 πὶ
1667 3062 1760 3108 Βόςροι
1775 3066 1802 3099 ’τ8
1824 3068 1961 3110 Αςφὲέσες
1977 3069 2053 3101 πίων
2068 3067 2122 3113 Alba*
2139 3073 2198 3108 cim

83 3110 222 3157 »ξ’χαλαω
248 3111 317 3146 (κη-ὀ
339 3115 377 3144 τέ
399 3113 505 3158 Σεζῇρκ
528 3117 566 3145 τὲ
586 3112 733 3149 Barium·
757 3116 902 3161 πυλίζετιιῖ
920 3141 930 3154 ,
964 3113 1095 3163 <pegam
1125 3115 1157 3149 δὲ
1187 3119 1327 3150 παλαιόν.
1364 3109 1570 3150 Exonerat
1592 3112 1632 3160 [ζ’
1658 3113 1701 3150 in
1729 3114 1864 3163 Boslra
1888 3117 2046 3155 Arablae
2064 3145 2075 3164 ,
2114 3135 2198 3176 quae

70 3160 149 3212 sub
166 3158 303 3220 Severe
324 3160 547 3212 Imperatore
562 3162 603 3201 in
619 3163 822 3202 civitatem
839 3163 994 3203 redaffi‘a
1014 3163 1063 3213 est
1079 3190 1091 3208 ‚
1118 3163 1204 3203 cum
1219 3164 1307 3204 olim
1324 3165 1693 3219 praefidiumfug'fflt.
1735 3168 1808 3208 Per
1826 3171 2015 3211 civitatem
2040 3173 2199 3217 Damas-

81 3216 162 3256 cius
183 3215 390 3268 intelligere
407 3216 583 3264 videtur,
612 3217 783 3257 Bostram
806 3218 864 3266 jus
881 3219 1021 3258 civium
1038 3218 1309 3260 Romanorum
1332 3221 1380 3260 ab
1405 3221 1625 3261 Alexandro
1642 3224 1847 3276 accepisse,
1875 3228 1963 3265 cum
1985 3227 2077 3269 olim
2094 3231 2194 3272 Prae.

79 3269 216 3310 fidium
237 3269 343 3309 fuiss'e
361 3282 479 3311 notet.
517 3270 745 3313 Ptolemaeus
762 3285 892 3313 autem
913 3274 933 3312 1.
951 3286 984 3323 5.
1001 3289 1033 3314 c.
1053 3288 1110 3326 17.
1131 3290 1215 3315 earn
1234 3276 1424 3329 appellat,
1454 3280 1544 3325 Βόςρω
1566 3281 1690 3326 Λεφίων.
1717 3279 1851 3323 Bostra
1870 3281 1989 3335 ngz'o
2002 3310 2014 3329 ‚
2043 3283 2094 3325 fic
2115 3286 2193 3328 for.

75 3324 142 3366 san
162 3338 296 3365 vocata
311 3325 361 3365 esl
375 3353 390 3386 ,Ι
415 3326 468 3365 ob
483 3326 691 3381 Legionem
717 3342 730 3367 1
745 3342 776 3368 1.
796 3328 1003 3382 Trajanam
1018 3329 1159 3371 fortem
1176 3332 1197 3371 ἓι
1215 3332 1385 3384 Trajano
1401 3335 1646 3374 constitutam
1665 3335 1703 3373 in
1725 3334 1797 3374 hac
1816 3335 1909 3376 urbe
1925 3336 2097 3381 hiemare
2109 3343 2188 3396 jus-

75 3380 152 3422 sam
166 3408 177 3426 ,
205 3395 322 3435 quam
344 3381 421 3421 Dio
437 3381 457 3420 l.
478 3395 539 3430 55.
558 3397 596 3435 p.
617 3390 704 3435 564..
731 3383 989 3439 QAEgyptiam
1006 3398 1131 3427 vocat.
1172 3390 1317 3438 τςοαιωός
1331 3392 1358 3424 τὸ
1374 3392 1502 3438 δάίπρον
1519 3393 1546 3426 «ἢ
1563 3394 1721 3436 Αῐφότῆιον,
1747 3392 1796 3439 ’cal
1811 3395 1839 3428 π’
1855 3397 2013 3438 maore&
2029 3426 2039 3439 ‚
2066 3402 2099 3437 τὲ
2117 3413 2185 3453 ree-

75 3439 210 3487 pmw'v·
233 3438 255 3474 ἃ
273 3443 296 3490 ²3}
314 3441 374 3485 ἀφ’
389 3444 482 3475 {usn}
497 3441 692 3486 ὲπωνέμκσεν·
730 3441 920 3496 ‘Trajanm
935 3439 1141 3489 fi²cundam
1158 3443 1416 3499 QAEgrptiam
1431 3473 1442 3491 ‚
1473 3444 1521 3489 ὠ
1539 3445 1762 3500 trzgestmam
1780 3447 2046 3493 Germanicam
2058 3483 2069 3501 ‚
2098 3460 2181 3512 qui.

75 3494 144 3534 bus
162 3493 262 3545 dsuo
281 3496 425 3554 nominne
442 3508 571 3534 nomen
587 3496 772 3549 impofitit.
813 3496 882 3534 Ob
906 3494 998 3534 illud
1023 3494 1146 3537 forsan
1177 3499 1404 3540 beneficium
1427 3498 1779 3555 Ner-viae'srajanae
1801 3506 1956 3546 nomina
1975 3510 2180 3564 assumpse-

74 3559 143 3645 gat.
183 3549 442 3604 Cornucopia:
467 3551 553 3604 post
577 3563 694 3606 caput
718 3550 907 3605 fignatum
922 3576 934 3596 ‚
961 3551 1095 3592 urbem
1121 3555 1234 3595 rebus
1258 3556 1438 3596 omnibus
1465 3557 1516 3597 ad
1540 3557 1656 3597 vitam
1683 3559 1893 3602 necessariis
1915 3563 2175 3611 abundantem

105 3615 247 3645 enotat.

130 3689 213 3730 Hic
231 3698 403 3732 nummus
420 3692 584 3733 minimae
602 3692 710 3733 molis
719 3702 792 3747 pro
811 3706 896 3732 raro
916 3699 1144 3735 numeratur.

130 3988 235 4056 'Tomf
264 3989 295 4031 I
296 3987 331 4032 I.
1422 3990 1458 4038 Ρ
1487 4006 1508 4039 2
