2491 4219
459 184 532 192 ,,
699 123 1639 178 CARACALLA.
2151 143 2208 191 ᾗ

103 196 182 240 'effe
198 190 360 237 litteram
389 200 431 239 t*
446 193 497 236 sic
513 194 718 238 deductam
730 223 742 242 ,
773 207 839 236 aut
871 205 911 238 ·:···
937 206 980 236 ut
1000 197 1039 235 in
1063 196 1230 237 nummis
1249 197 1406 252 Syriacis
1429 197 1481 238 ita
1501 209 1692 238 exaratam
1711 197 1918 252 suspicatur
1935 202 1992 241 vir
2007 180 2206 244 eruditillis-

102 261 189 297 'mus
211 252 258 290 D.
276 250 498 292 Toinardus
513 278 526 297 ,
554 253 658 305 prior
686 265 730 302 52
740 264 776 303 3.
802 264 885 290 aerae
912 250 1204 299 Emisenorum,
1232 255 1270 292 ὃς
1294 254 1459 307 primum
1485 252 1690 293 Caracallae
1715 254 1872 308 Imperii
1891 267 2034 295 annum
2056 273 2062 295 :
2090 259 2204 299 altera
2265 291 2269 294 .

100 307 194 349 'vero
219 311 304 356 526.
322 305 484 360 epochae
500 310 539 346 &
560 320 596 359 3.
615 306 722 361 regni
738 305 920 353 exhibet;
948 305 1148 360 posteriori
1165 307 1328 348 libenter
1351 308 1565 348 accedimus
1583 335 1595 353 ,
1624 308 1734 361 quod
1752 310 1829 349 hoc
1850 311 1903 349 U.
1921 311 1970 350 C.
1989 317 2081 362 967.
2100 318 2203 353 anno

99 360 295 462 gai-acalla
314 361 514 456 cumsluliila
535 373 656 456 mgtre
677 360 854 402 Emisena
870 362 910 402 in
927 362 1074 416 Syriam
1092 363 1238 404 venerit
1254 389 1266 409 ,
1295 364 1335 403 in
1354 363 1460 416 cujus
1477 364 1637 418 gratiam
1662 363 1768 403 illum
1788 365 1954 419 Emisam
1971 367 2202 410 constituifl'e

115 427 119 431 ’
140 431 165 458 o
180 429 308 457 oniam
325 430 403 456 veri
422 430 472 456 1m
501 430 522 456 e
538 430 560 455 e
596 447 604 456 .

151 494 236 537 Hic
257 508 430 536 nummus
452 495 617 536 minimae
625 494 768 548 fhrmae
786 521 800 544 ,
835 495 860 535 ἁ
883 496 1035 536 ‘Patino
1054 503 1144 551 pag.
1168 509 1256 550 324.
1282 495 1465 555 vulgatus
1481 523 1494 544 ,
1529 497 1630 539 inter
1653 496 1849 548 rariſjimos
1872 499 2137 543 numerandus.

848 581 901 621 H
921 582 963 622 E
990 582 1030 623 L
1060 583 1089 621 1
1114 582 1152 622 O
1181 583 1224 623 P
1253 583 1290 623 O
1319 581 1359 623 L
1385 582 1412 622 1
1437 582 1478 625 S.

1045 870 1053 886 >

1015 861 1047 991 ἐξ
1051 905 1118 933 ›uuita-1¹33&
1137 920 1139 927 .
1241 923 1245 930 .
1252 906 1280 935 135⁷·

1052 932 1091 960 55:
1095 933 1118 958 ''³3‘'
1221 938 1284 960 *;=:i:›.¹·1.·7sssr
1328 931 1330 942 '

1031 974 1144 998 ,στω-,π
1204 974 1299 996 Am
1306 959 1314 986 ἶ

1042 1001 1153 1023 «GAJP
1166 1000 1288 1022 umec-

89 1224 143 1269 ῥα.
171 1226 200 1263 Α
213 1236 240 1262 ν
251 1235 295 1262 R.
327 1235 354 1263 A
367 1234 398 1262 N
411 1235 438 1262 τ
448 1236 476 1262 o
488 1235 519 1262 N
531 1236 546 1263 1
557 1235 587 1262 N
598 1232 653 1261 vs
681 1227 708 1261 A
722 1234 750 1262 v
762 1234 801 1261 G.
842 1220 977 1276 Caput
995 1222 1200 1263 Caracallae
1214 1220 1438 1265 laureatum.
2064 1268 2066 1270 ,

143 1291 251 1322 cor..
282 1291 297 1317 1
310 1292 388 1318 VL.
422 1291 449 1318 A
464 1292 540 1318 vo.
572 1291 596 1317 F
609 1291 683 1317 EL.
714 1291 742 1317 n
755 1291 828 1318 EL.
868 1277 1024 1318 Colonia
1045 1278 1163 1329 Julia
1187 1280 1360 1333 Augusta
1390 1278 1505 1320 Felix
1532 1278 1742 1334 Heliopolis
1758 1308 1771 1329 ,
1805 1280 1867 1321 vel
1891 1279 2189 1335 Heliopolitana.

195 1333 296 1376 Tres
313 1347 436 1381 urnae,
459 1335 499 1374 in
516 1346 751 1387 unaquaque
771 1332 907 1387 palmae
923 1346 1072 1380 ramus;
1097 1333 1196 1373 infr-21
1213 1339 1308 1375 vero
1335 1350 1358 1375 c
1370 1349 1435 1375 ER
1448 1348 1486 1374 T.
1517 1349 1536 1374 s
1551 1349 1576 1374 A
1591 1350 1668 1376 cn.
1701 1351 1724 1376 c
1739 1350 1764 1375 A
1777 1349 1813 1376 Ρ.
1842 1350 1902 1376 OE
1914 1351 1949 1376 c.
1981 1350 1996 1375 1
2009 1350 2039 1375 s.
2070 1351 2098 1376 H
2111 1351 2133 1375 E
2146 1351 2184 1376 L.

195 1380 397 1430 Cer‘tamen
405 1389 562 1441 sacrum
579 1388 833 1442 Capitolinum
852 1390 1160 1435 Oecumenicum,
1190 1389 1442 1442 Iselasticum,
1472 1389 1818 1443 Heliopolitanum·,
1847 1395 1886 1430 &
1902 1405 1982 1431 non
2001 1392 2189 1431 Certami-

195 1457 268 1492 na,
287 1443 368 1488 &a
389 1457 433 1486 ut
447 1445 609 1500 legenda
625 1456 761 1485 monet
775 1444 814 1484 P.
831 1443 1058 1484 Harduinus
1075 1459 1114 1499 p.
1133 1457 1221 1494 192.
1239 1445 1333 1485 teste
1347 1445 1540 1487 Valeriani
1559 1459 1722 1486 nummo
1737 1446 1836 1486 infra
1851 1446 2113 1486 describendo.

139 1530 379 1585 Heliopolis,
409 1532 498 1573 urbs
518 1531 572 1572 est
587 1530 816 1578 Phoeniciae,
846 1529 1014 1572 Colonia
1030 1531 1169 1585 aJulio
1185 1532 1412 1579 constituta,
1439 1533 1487 1573 ab
1508 1532 1687 1587 Augusto
1703 1532 1907 1574 Veteranis
1925 1531 2189 1586 frequentata,

83 1585 137 1631 de
154 1601 231 1645 qua
247 1586 380 1642 paffim
396 1588 542 1628 distum
559 1587 624 1628 est.
652 1587 752 1627 Tres
769 1599 872 1627 urnae
889 1600 976 1626 cum
998 1586 1091 1627 lauri
1107 1587 1220 1627 ramis
1238 1588 1409 1643 spestant
1425 1589 1474 1628 ad
1491 1601 1686 1629 certamen
1705 1587 1907 1642 Heliopoli
1934 1588 2165 1629 celebratum
2176 1614 2190 1634 ,

82 1640 126 1687 in
149 1641 288 1698 quibus
314 1643 449 1697 triplex
477 1654 575 1689 erat,
604 1641 742 1683 scilicet
766 1642 975 1698 Equestoe,
1004 1643 1262 1696 Gymnicum,
1291 1647 1330 1684 δε
1354 1643 1552 1684 Μυίῑςυηι
1579 1659 1586 1683 ;
1615 1643 1720 1684 unde
1748 1656 1824 1685 tres
1841 1657 1945 1683 urnae
1960 1643 2001 1682 in
2021 1644 2188 1684 nummis

82 1697 275 1756 percuffae.
307 1698 616 1739 Oecumenicum
639 1699 798 1745 dicitur,
828 1697 938 1753 quod
964 1698 1078 1753 Syriis
1102 1712 1184 1738 non
1211 1698 1332 1747 modo
1358 1698 1530 1746 athletis,
1558 1698 1622 1739 sed
1651 1713 1699 1739 ex
1719 1710 1805 1740 toto
1823 1710 2006 1740 terrarum
2021 1699 2114 1739 orbe
2129 1713 2189 1739 re·-

81 1753 223 1808 ceptis,
252 1753 502 1795 celebraretur
524 1771 531 1795 :
559 1753 809 1800 Iselasticum‚
837 1753 948 1808 quod
970 1753 1131 1793 vinores
1151 1754 1191 1793 in
1209 1755 1369 1808 patriam
1394 1755 1610 1809 quadrigis,
1639 1755 1767 1806 Graeci
1792 1757 1983 1802 εἰσελαύνων,
2009 1754 2188 1806 transve-

80 1807 146 1855 hi,
171 1808 409 1856 dicerentur,
438 1809 579 1863 quibus
598 1809 789 1863 Trajanus
807 1810 905 1863 Imp.
925 1809 1031 1863 apud
1047 1809 1212 1849 Plinium
1221 1810 1313 1864 Jun.
1331 1810 1394 1850 lib.
1419 1824 1479 1850 10.
1497 1824 1559 1864 ep.
1583 1824 1671 1859 190.
1692 1814 1731 1850 &
1752 1824 1837 1851 120.
1857 1811 2064 1851 annonaria
2080 1823 2188 1850 com-

10 1865 17 1877 *
80 1863 202 1907 moda
217 1864 553 1918 jubetpraestanda
570 1865 592 1904 a
608 1865 761 1905 civitate
780 1878 828 1904 ex
848 1878 926 1919 qua
943 1864 1063 1905 essent
1078 1864 1250 1912 oriundi,
1279 1880 1360 1905 non
1383 1879 1431 1906 ex
1456 1880 1507 1906 eo
1526 1864 1591 1906 die
1608 1879 1690 1919 quo
1707 1866 1827 1906 effent
1843 1865 2012 1906 Athletae
2028 1879 2188 1906 corona,

81 1918 134 1966 ti,
160 1918 226 1960 sed
245 1933 327 1974 quo
346 1934 481 1961 eorum
498 1920 661 1975 quisque
675 1921 717 1960 in
733 1920 868 1961 urbem
886 1921 991 1962 suam
1010 1925 1160 1959 εἰσέλαπν
1175 1924 1229 1966 ἂν,
1256 1920 1437 1976 ingreffus
1451 1920 1553 1975 effet.
1581 1921 1792 1962 Certamen
1819 1921 1915 1962 illud
1937 1920 2086 1962 dictum
2105 1930 2186 1967 erat

80 1973 248 2022 rherum,
278 1975 368 2028 quia
388 1976 427 2016 in
445 1975 634 2018 honorem
658 1976 736 2016 Dei
760 1976 923 2029 alicujus
948 1977 1207 2019 celebrabatur
1236 1990 1245 2018 :
1274 1977 1350 2018 hoc
1375 1977 1470 2017 vero
1488 1975 1658 2018 dicatum
1674 1976 1798 2018 fuerat
1807 1977 1903 2031 Jovi
1920 1977 2148 2031 Capitolino
2163 1976 2187 2023 ἒι,

80 2028 246 2072 Colonis
261 2030 392 2071 Roma
409 2031 649 2085 Heliopolim
663 2030 787 2072 allato.
816 2032 974 2072 Horum
989 2033 1168 2072 ludorum
1189 2034 1230 2074 in
1246 2033 1340 2072 urbe
1353 2032 1630 2072 institutionem
1644 2033 1666 2072 a
1686 2032 1806 2073 Furio
1826 2032 1997 2073 Camillo
2013 2033 2189 2072 Dictatm

76 2098 122 2129 re
142 2083 281 2128 fastam
301 2086 416 2128 tradit
435 2087 564 2127 Livius
583 2087 678 2128 Dec.
704 2100 736 2127 1.
756 2086 816 2128 lib.
838 2092 874 2128 6.
905 2087 1139 2142 Capitolinos
1153 2087 1262 2127 ludos
1275 2087 1509 2139 solemnibus
1533 2087 1622 2127 alios
1645 2087 1883 2134 addidimus,
1912 2087 2187 2143 Collegiumque

77 2139 136 2186 ad
156 2141 201 2182 id
223 2154 364 2182 novum
389 2143 541 2183 audiere
569 2141 713 2182 Senatu
741 2142 987 2183 condidimus.
1026 2143 1173 2182 Eorum
1192 2141 1236 2183 fit
1250 2142 1397 2182 mentio
1415 2142 1456 2181 in
1472 2142 1593 2183 veteri
1610 2142 1854 2202 inscriptione
1870 2142 1977 2199 apud
1995 2143 2187 2199 Sponium

77 2195 239 2240 Miscell.
257 2197 342 2240 sect.
370 2211 429 2238 10.
447 2210 533 2253 pag.
554 2204 644 2251 364.
675 2211 701 2238 1<
717 2211 743 2237 A
754 2211 783 2238 n
794 2211 808 2237 1
823 2211 847 2237 r
858 2210 923 2240 ΩΑ
935 2211 952 2237 1
964 2211 993 2237 A
1024 2212 1049 2237 E
1062 2211 1094 2238 N
1127 2211 1188 2240 ΡΩ
1199 2211 1234 2239 Μ
1245 2212 1297 2245 H,
1326 2196 1515 2252 Capitolia
1532 2197 1674 2239 Romae.

132 2273 216 2317 Hic
229 2289 403 2317 nummus
418 2275 610 2318 mediocris
612 2276 754 2331 formae
766 2288 947 2331 perrarus
965 2275 1025 2329 est.

125 2896 235 2926 con.
266 2885 381 2923 unt„
410 2871 564 2922 Colonia
583 2868 794 2933 Heliopolis
812 2878 878 2921 seu
898 2879 1195 2936 Heliopolitana.
1225 2880 1438 2937 Templum
1467 2871 1604 2925 decem
1628 2884 1894 2926 columnarum
1919 2886 1941 2925 a
1967 2874 2106 2934 latere,
2132 2887 2172 2929 in

179 2936 290 2990 cujus
305 2936 447 2978 vertice
466 2950 493 2977 1.
523 2950 561 2976 o.
592 2950 640 2977 Μ.
670 2950 711 2976 H.
739 2936 844 2989 Jovi
864 2937 1017 2991 Optimo
1034 2938 1212 2978 Maximo
1228 2938 1521 2993 Heliopolitana.

71 3063 74 3066 ,
122 3014 404 3071 Heliopolitani
423 3015 699 3057 beneficiorum
719 3015 823 3069 Sept.
842 3016 972 3058 Severi
987 3030 1178 3058 memores
1194 3030 1377 3058 nummos
1393 3016 1463 3071 ipfi
1482 3017 1730 3066 dedicarunt,
1759 3018 1811 3059 fic
1837 3021 1875 3058 δι
1889 3017 1976 3058 suos
1991 3019 2170 3061 Caracal-

67 3068 113 3115 1ae
127 3070 207 3113 filio
223 3072 450 3125 percutiunt.
479 3073 640 3112 Severus
657 3085 725 3112 eos
743 3072 796 3112 ob
811 3072 946 3113 merita
966 3072 1052 3115 belli
1067 3072 1186 3113 civilis
1197 3072 1262 3126 jus
1279 3073 1380 3114 Latii
1395 3073 1522 3120 dedit,
1552 3074 1662 3129 quod
1680 3073 1745 3115 etii
1762 3074 1906 3115 Coloni
1924 3074 2040 3129 longe
2057 3077 2147 3117 ante
2153 3093 2170 3125 ,'

67 3138 112 3169 ut
135 3125 319 3173 diximus,
347 3127 542 3168 constituti
567 3141 648 3168 non
674 3127 940 3175 obtinuerant,
969 3139 1036 3169 aut
1060 3142 1110 3169 eo
1136 3129 1184 3169 ab
1211 3128 1343 3183 aliquo
1362 3128 1600 3183 Imperatore
1620 3130 1756 3184 privati
1777 3128 1950 3175 fuerant,
1981 3131 2166 3185 templum

67 3182 192 3228 idem,
222 3181 332 3236 quod
349 3183 443 3222 &in
459 3183 710 3237 patreJoviS,
739 3184 920 3224 nimirum
939 3183 1174 3238 Capitolini,
1203 3185 1272 3239 qui
1288 3185 1336 3224 ab
1352 3184 1487 3226 incolis
1507 3185 1729 3239 Heliopolis
1753 3186 1875 3230 urbis,
1910 3184 2167 3240 Heliopolita-

65 3251 140 3281 nus
156 3238 279 3278 distus
294 3237 349 3278 est
366 3257 378 3284 ς
407 3251 497 3278 nam
514 3250 557 3279 ut
574 3237 748 3279 observat
761 3238 901 3280 alicubi
921 3237 1142 3287 Diodorus,
1173 3240 1240 3280 Dii
1255 3241 1276 3280 a
1298 3240 1387 3282 loco
1412 3240 1780 3285 denominabantur,
1811 3239 1916 3280 unde
1942 3241 2048 3294 apud
2068 3242 2166 3284 Ter-

64 3292 263 3337 tullianum
280 3293 440 3334 trecenti
455 3293 568 3345 Ioves
589 3306 845 3335 numerantur.
877 3295 999 3335 Lucas
1019 3295 1247 3337 Holstenius
1266 3295 1366 3337 Not.
1383 3296 1424 3336 in
1441 3297 1623 3351 Stephan.
1647 3310 1733 3350 pag.
1765 3309 1779 3334 1
1792 3309 1853 3345 29.
1878 3295 2163 3341 famofiffimum

24 3383 27 3385 .
63 3348 250 3402 templum
265 3347 375 3402 quod
394 3349 434 3388 in
447 3348 520 3390 hac
537 3348 631 3389 urbe
651 3351 673 3391 ἔ
688 3357 817 3388 Βωλωνίκ
837 3349 1079 3391 Chronicum
1098 3351 1400 3392 Alexandrinum
1420 3351 1537 3394 refert
1552 3354 1573 3392 a
1597 3349 1831 3391 Theodofio
1854 3350 2161 3396 Christianorum

62 3403 180 3446 cultui
199 3405 436 3451 concessum,
467 3405 506 3444 in
521 3404 642 3444 verbo
658 3413 786 3443 Βαλωνίκ
804 3405 919 3446 latere
937 3406 1020 3446 Beli
1033 3417 1100 3448 aut
1123 3407 1214 3448 Baal
1229 3408 1326 3449 Solis
1342 3406 1505 3448 Numen
1521 3406 1719 3447 existimat.
1747 3405 1837 3460 Jam
1862 3406 2027 3448 diximus
2051 3410 2158 3463 apud

60 3458 188 3511 Syrios
204 3464 242 3500 ὃς
258 3458 462 3500 Phoenices
483 3459 651 3500 eundem
670 3461 745 3501 esse
757 3461 900 3516 Jovem
919 3465 957 3501 ὃς
971 3461 1101 3502 Solem
1118 3476 1166 3502 ex
1182 3463 1389 3504 Macrobio
1422 3478 1430 3502 :
1460 3462 1604 3515 Affi‘rii
1619 3475 1762 3517 quoque
1782 3460 1903 3502 Solem
1916 3461 1992 3513 fieb
2011 3468 2159 3505 nomine

61 3511 201 3607 J‘me'
229 3528 337 3569 quem
354 3516 446 3555 Dia
466 3515 718 3572 Heliopoliten
735 3519 1018 3573 cognominant,
1046 3519 1226 3559 maximis
1241 3519 1457 3558 ceremoniis
1473 3518 1662 3559 celebrant
1674 3519 1715 3558 in
1731 3518 1897 3559 civitate
1921 3532 2006 3574 quae
2027 3519 2161 3563 Helio,

51 3578 102 3627 po
118 3582 152 3607 ts
165 3579 410 3625 nuncupatur.

112 3645 197 3688 Hic
213 3659 383 3690 nummus
389 3648 552 3702 secundi
567 3648 728 3698 moduli,
753 3651 874 3691 rarior
888 3649 938 3704 est
955 3652 996 3692 in
1015 3650 1217 3692 Caracalla
1235 3649 1348 3707 quam
1363 3651 1405 3691 in
1420 3649 1570 3698 Severo,

1246 3949 1332 4008 ¹33
