<?xml version="1.0" encoding="UTF-8"?>
<!DOCTYPE html PUBLIC "-//W3C//DTD XHTML 1.0 Transitional//EN"
    "http://www.w3.org/TR/xhtml1/DTD/xhtml1-transitional.dtd">
<html xmlns="http://www.w3.org/1999/xhtml" xml:lang="en" lang="en">
 <head>
  <title>
</title>
<meta http-equiv="Content-Type" content="text/html;charset=utf-8" />
  <meta name='ocr-system' content='tesseract 3.04.00' />
  <meta name='ocr-capabilities' content='ocr_page ocr_carea ocr_par ocr_line ocrx_word'/>
</head>
<body>
  <div class='ocr_page' id='page_1' title='image "./numismatareaim00foyv_0052.png"; bbox 0 0 2574 4214; ppageno 0'>
   <div class='ocr_carea' id='block_1_1' title="bbox 267 158 1602 216">
    <p class='ocr_par' dir='ltr' id='par_1_1' title="bbox 267 158 1602 216">
     <span class='ocr_line' id='line_1_1' title="bbox 267 158 1602 216; baseline -0.01 0"><span class='ocrx_word' id='word_1_1' title='bbox 267 181 326 216; x_wconf 82' lang='lat'>26</span> <span class='ocrx_word' id='word_1_2' title='bbox 855 210 862 214; x_wconf 72' lang='grc'>,</span> <span class='ocrx_word' id='word_1_3' title='bbox 1011 158 1602 210; x_wconf 67' lang='lat' dir='ltr'><strong>AUGUSTUS,</strong></span> 
     </span>
    </p>
   </div>
   <div class='ocr_carea' id='block_1_2' title="bbox 1153 298 1470 612">
    <p class='ocr_par' dir='ltr' id='par_1_2' title="bbox 1153 298 1470 612">
     <span class='ocr_line' id='line_1_2' title="bbox 1153 298 1470 612; baseline 0 3602"><span class='ocrx_word' id='word_1_4' title='bbox 1153 298 1470 612; x_wconf 95' lang='lat' dir='ltr'> </span> 
     </span>
    </p>
   </div>
   <div class='ocr_carea' id='block_1_3' title="bbox 257 696 2339 911">
    <p class='ocr_par' dir='ltr' id='par_1_3' title="bbox 257 696 2339 911">
     <span class='ocr_line' id='line_1_3' title="bbox 257 696 2338 755; baseline -0.003 -9"><span class='ocrx_word' id='word_1_5' title='bbox 257 721 293 746; x_wconf 82' lang='lat' dir='ltr'><strong>M</strong></span> <span class='ocrx_word' id='word_1_6' title='bbox 306 721 342 745; x_wconf 91' lang='lat' dir='ltr'>v.</span> <span class='ocrx_word' id='word_1_7' title='bbox 374 721 395 745; x_wconf 86' lang='lat' dir='ltr'>c</span> <span class='ocrx_word' id='word_1_8' title='bbox 411 720 432 744; x_wconf 80' lang='lat' dir='ltr'>A</span> <span class='ocrx_word' id='word_1_9' title='bbox 450 720 484 745; x_wconf 72' lang='lat' dir='ltr'>L.</span> <span class='ocrx_word' id='word_1_10' title='bbox 522 719 551 744; x_wconf 91' lang='lat'>1.</span> <span class='ocrx_word' id='word_1_11' title='bbox 589 706 627 745; x_wconf 86' lang='lat' dir='ltr'>in</span> <span class='ocrx_word' id='word_1_12' title='bbox 653 705 730 744; x_wconf 82' lang='lat' dir='ltr'>aliis</span> <span class='ocrx_word' id='word_1_13' title='bbox 760 718 794 743; x_wconf 79' lang='lat' dir='ltr'><strong>M</strong></span> <span class='ocrx_word' id='word_1_14' title='bbox 810 719 844 741; x_wconf 78' lang='grc' dir='ltr'>ν.</span> <span class='ocrx_word' id='word_1_15' title='bbox 877 718 899 742; x_wconf 82' lang='lat' dir='ltr'>c</span> <span class='ocrx_word' id='word_1_16' title='bbox 915 716 938 743; x_wconf 73' lang='lat' dir='ltr'>A</span> <span class='ocrx_word' id='word_1_17' title='bbox 954 716 988 741; x_wconf 84' lang='lat' dir='ltr'>L.</span> <span class='ocrx_word' id='word_1_18' title='bbox 1023 715 1039 741; x_wconf 90' lang='lat'>1</span> <span class='ocrx_word' id='word_1_19' title='bbox 1057 715 1081 741; x_wconf 91' lang='lat' dir='ltr'>v</span> <span class='ocrx_word' id='word_1_20' title='bbox 1095 715 1130 741; x_wconf 81' lang='lat' dir='ltr'>L.</span> <span class='ocrx_word' id='word_1_21' title='bbox 1164 715 1191 740; x_wconf 83' lang='lat' dir='ltr'>A</span> <span class='ocrx_word' id='word_1_22' title='bbox 1207 715 1231 740; x_wconf 86' lang='grc' dir='ltr'><strong><em>ν</em></strong></span> <span class='ocrx_word' id='word_1_23' title='bbox 1247 714 1271 740; x_wconf 85' lang='lat' dir='ltr'>G</span> <span class='ocrx_word' id='word_1_24' title='bbox 1283 714 1334 740; x_wconf 90' lang='lat' dir='ltr'>vs</span> <span class='ocrx_word' id='word_1_25' title='bbox 1346 712 1443 740; x_wconf 80' lang='lat' dir='ltr'>Tvs.</span> <span class='ocrx_word' id='word_1_26' title='bbox 1491 697 1746 753; x_wconf 59' lang='lat' dir='ltr'>Mmicqvium</span> <span class='ocrx_word' id='word_1_27' title='bbox 1775 696 1973 752; x_wconf 74' lang='lat' dir='ltr'>calaguris</span> <span class='ocrx_word' id='word_1_28' title='bbox 1996 696 2113 750; x_wconf 83' lang='lat' dir='ltr'>Julia</span> <span class='ocrx_word' id='word_1_29' title='bbox 2131 697 2338 755; x_wconf 82' lang='lat' dir='ltr'>Augustus.</span> 
     </span>
     <span class='ocr_line' id='line_1_4' title="bbox 364 759 930 814; baseline -0.009 -14"><span class='ocrx_word' id='word_1_30' title='bbox 364 762 496 813; x_wconf 80' lang='lat' dir='ltr'>Caput</span> <span class='ocrx_word' id='word_1_31' title='bbox 514 760 674 814; x_wconf 83' lang='lat' dir='ltr'>Augusti</span> <span class='ocrx_word' id='word_1_32' title='bbox 696 773 783 798; x_wconf 84' lang='lat' dir='ltr'>cum</span> <span class='ocrx_word' id='word_1_33' title='bbox 801 759 930 797; x_wconf 77' lang='lat' dir='ltr'>laurea.</span> 
     </span>
     <span class='ocr_line' id='line_1_5' title="bbox 310 808 2339 864; baseline -0.002 -9"><span class='ocrx_word' id='word_1_34' title='bbox 310 831 345 855; x_wconf 84' lang='lat' dir='ltr'>L.</span> <span class='ocrx_word' id='word_1_35' title='bbox 384 829 404 853; x_wconf 81' lang='grc' dir='ltr'>Ρ</span> <span class='ocrx_word' id='word_1_36' title='bbox 418 829 445 855; x_wconf 76' lang='lat' dir='ltr'>R</span> <span class='ocrx_word' id='word_1_37' title='bbox 463 829 477 854; x_wconf 91' lang='lat'>1</span> <span class='ocrx_word' id='word_1_38' title='bbox 493 829 509 855; x_wconf 92' lang='lat' dir='ltr'>s</span> <span class='ocrx_word' id='word_1_39' title='bbox 522 829 579 855; x_wconf 89' lang='lat' dir='ltr'>co</span> <span class='ocrx_word' id='word_1_40' title='bbox 618 830 649 854; x_wconf 90' lang='lat' dir='ltr'>c.</span> <span class='ocrx_word' id='word_1_41' title='bbox 688 828 710 853; x_wconf 73' lang='grc' dir='ltr'><em>Β</em></span> <span class='ocrx_word' id='word_1_42' title='bbox 724 828 744 853; x_wconf 82' lang='lat' dir='ltr'>R</span> <span class='ocrx_word' id='word_1_43' title='bbox 765 828 790 853; x_wconf 93' lang='lat' dir='ltr'>o</span> <span class='ocrx_word' id='word_1_44' title='bbox 805 828 827 853; x_wconf 87' lang='lat' dir='ltr'>c</span> <span class='ocrx_word' id='word_1_45' title='bbox 839 828 860 853; x_wconf 87' lang='lat' dir='ltr'>c</span> <span class='ocrx_word' id='word_1_46' title='bbox 873 828 898 852; x_wconf 78' lang='lat' dir='ltr'>H</span> <span class='ocrx_word' id='word_1_47' title='bbox 912 826 937 851; x_wconf 90' lang='lat' dir='ltr'>o</span> <span class='ocrx_word' id='word_1_48' title='bbox 980 825 996 851; x_wconf 96' lang='lat'>1</span> <span class='ocrx_word' id='word_1_49' title='bbox 1016 825 1047 852; x_wconf 91' lang='lat'>1.</span> <span class='ocrx_word' id='word_1_50' title='bbox 1085 826 1109 852; x_wconf 93' lang='lat' dir='ltr'>v</span> <span class='ocrx_word' id='word_1_51' title='bbox 1125 825 1138 852; x_wconf 90' lang='lat'>1</span> <span class='ocrx_word' id='word_1_52' title='bbox 1157 825 1201 851; x_wconf 76' lang='lat' dir='ltr'>R.</span> <span class='ocrx_word' id='word_1_53' title='bbox 1249 810 1371 849; x_wconf 83' lang='lat' dir='ltr'>Lucio</span> <span class='ocrx_word' id='word_1_54' title='bbox 1397 809 1534 862; x_wconf 54' lang='lat' dir='ltr'>Prista</span> <span class='ocrx_word' id='word_1_55' title='bbox 1550 836 1563 856; x_wconf 89' lang='lat'>,</span> <span class='ocrx_word' id='word_1_56' title='bbox 1600 811 1692 851; x_wconf 83' lang='lat' dir='ltr'>Caio</span> <span class='ocrx_word' id='word_1_57' title='bbox 1717 808 1886 849; x_wconf 80' lang='lat' dir='ltr'><em>Broccho</em></span> <span class='ocrx_word' id='word_1_58' title='bbox 1915 808 2167 850; x_wconf 76' lang='lat' dir='ltr'>Duumviris.</span> <span class='ocrx_word' id='word_1_59' title='bbox 2205 809 2339 864; x_wconf 87' lang='lat' dir='ltr'>Caput</span> 
     </span>
     <span class='ocr_line' id='line_1_6' title="bbox 365 871 482 911; baseline -0.009 -1"><span class='ocrx_word' id='word_1_60' title='bbox 365 871 482 911; x_wconf 87' lang='lat' dir='ltr'>bovis.</span> 
     </span>
    </p>
   </div>
   <div class='ocr_carea' id='block_1_4' title="bbox 249 941 2340 1488">
    <p class='ocr_par' dir='ltr' id='par_1_4' title="bbox 250 941 2340 1330">
     <span class='ocr_line' id='line_1_7' title="bbox 308 941 2340 1000; baseline -0.001 -13"><span class='ocrx_word' id='word_1_61' title='bbox 308 949 385 989; x_wconf 86' lang='lat' dir='ltr'>Bos</span> <span class='ocrx_word' id='word_1_62' title='bbox 413 947 716 999; x_wconf 80' lang='lat' dir='ltr'>Municipiorum</span> <span class='ocrx_word' id='word_1_63' title='bbox 742 945 954 1000; x_wconf 76' lang='lat' dir='ltr'>symbolum</span> <span class='ocrx_word' id='word_1_64' title='bbox 975 972 986 991; x_wconf 89' lang='lat'>‚</span> <span class='ocrx_word' id='word_1_65' title='bbox 1016 945 1188 984; x_wconf 86' lang='lat' dir='ltr'>mitratus</span> <span class='ocrx_word' id='word_1_66' title='bbox 1211 942 1260 983; x_wconf 88' lang='lat' dir='ltr'>ad</span> <span class='ocrx_word' id='word_1_67' title='bbox 1284 941 1460 982; x_wconf 79' lang='lat' dir='ltr'>sacrificia</span> <span class='ocrx_word' id='word_1_68' title='bbox 1484 942 1656 996; x_wconf 63' lang='lat' dir='ltr'>specskat3</span> <span class='ocrx_word' id='word_1_69' title='bbox 1683 942 1794 997; x_wconf 90' lang='lat' dir='ltr'>quod</span> <span class='ocrx_word' id='word_1_70' title='bbox 1815 947 1853 983; x_wconf 73' lang='grc' dir='ltr'>δε</span> <span class='ocrx_word' id='word_1_71' title='bbox 1870 942 1934 983; x_wconf 80' lang='lat' dir='ltr'>hie</span> <span class='ocrx_word' id='word_1_72' title='bbox 1953 955 2069 997; x_wconf 87' lang='lat' dir='ltr'>caput</span> <span class='ocrx_word' id='word_1_73' title='bbox 2087 945 2170 997; x_wconf 85' lang='lat' dir='ltr'>ejus</span> <span class='ocrx_word' id='word_1_74' title='bbox 2189 944 2340 986; x_wconf 85' lang='lat' dir='ltr'>nudum</span> 
     </span>
     <span class='ocr_line' id='line_1_8' title="bbox 252 997 2340 1053; baseline -0.001 -11"><span class='ocrx_word' id='word_1_75' title='bbox 252 1003 411 1043; x_wconf 66' lang='lat' dir='ltr'>denotat</span> <span class='ocrx_word' id='word_1_76' title='bbox 430 1004 481 1043; x_wconf 86' lang='lat' dir='ltr'>ob</span> <span class='ocrx_word' id='word_1_77' title='bbox 498 1002 607 1042; x_wconf 87' lang='lat' dir='ltr'>ludos</span> <span class='ocrx_word' id='word_1_78' title='bbox 626 1001 800 1041; x_wconf 80' lang='lat' dir='ltr'>scenicos.</span> <span class='ocrx_word' id='word_1_79' title='bbox 838 1000 1036 1053; x_wconf 83' lang='lat' dir='ltr'>Calaguris</span> <span class='ocrx_word' id='word_1_80' title='bbox 1055 1000 1225 1039; x_wconf 85' lang='lat' dir='ltr'>Romam</span> <span class='ocrx_word' id='word_1_81' title='bbox 1238 999 1382 1039; x_wconf 84' lang='lat' dir='ltr'>imitata</span> <span class='ocrx_word' id='word_1_82' title='bbox 1396 1026 1406 1043; x_wconf 93' lang='lat'>,</span> <span class='ocrx_word' id='word_1_83' title='bbox 1436 997 1548 1038; x_wconf 78' lang='lat' dir='ltr'>ludos</span> <span class='ocrx_word' id='word_1_84' title='bbox 1566 998 1805 1053; x_wconf 81' lang='lat' dir='ltr'>Megalenses</span> <span class='ocrx_word' id='word_1_85' title='bbox 1820 999 1858 1037; x_wconf 91' lang='lat' dir='ltr'>in</span> <span class='ocrx_word' id='word_1_86' title='bbox 1872 999 2060 1039; x_wconf 80' lang='lat' dir='ltr'>honorem</span> <span class='ocrx_word' id='word_1_87' title='bbox 2075 1000 2210 1040; x_wconf 87' lang='lat' dir='ltr'>Matris</span> <span class='ocrx_word' id='word_1_88' title='bbox 2227 1000 2340 1040; x_wconf 81' lang='lat' dir='ltr'>Idaeae</span> 
     </span>
     <span class='ocr_line' id='line_1_9' title="bbox 251 1053 2339 1109; baseline -0 -12"><span class='ocrx_word' id='word_1_89' title='bbox 251 1060 441 1099; x_wconf 81' lang='lat' dir='ltr'>institutos</span> <span class='ocrx_word' id='word_1_90' title='bbox 462 1058 662 1098; x_wconf 76' lang='lat' dir='ltr'>celebravit</span> <span class='ocrx_word' id='word_1_91' title='bbox 680 1076 690 1101; x_wconf 90' lang='lat'>·‚</span> <span class='ocrx_word' id='word_1_92' title='bbox 719 1057 848 1095; x_wconf 84' lang='lat' dir='ltr'>Roma</span> <span class='ocrx_word' id='word_1_93' title='bbox 868 1056 1026 1108; x_wconf 85' lang='lat' dir='ltr'>quidem</span> <span class='ocrx_word' id='word_1_94' title='bbox 1043 1055 1081 1094; x_wconf 91' lang='lat' dir='ltr'>in</span> <span class='ocrx_word' id='word_1_95' title='bbox 1102 1054 1260 1109; x_wconf 84' lang='lat' dir='ltr'>Cybelis</span> <span class='ocrx_word' id='word_1_96' title='bbox 1278 1054 1423 1094; x_wconf 84' lang='lat' dir='ltr'>cultum</span> <span class='ocrx_word' id='word_1_97' title='bbox 1436 1081 1448 1099; x_wconf 87' lang='lat'>‚</span> <span class='ocrx_word' id='word_1_98' title='bbox 1478 1053 1677 1109; x_wconf 83' lang='lat' dir='ltr'>Calaguris</span> <span class='ocrx_word' id='word_1_99' title='bbox 1694 1059 1786 1094; x_wconf 85' lang='lat' dir='ltr'>vero</span> <span class='ocrx_word' id='word_1_100' title='bbox 1804 1055 1856 1094; x_wconf 94' lang='lat' dir='ltr'>ob</span> <span class='ocrx_word' id='word_1_101' title='bbox 1877 1054 2061 1108; x_wconf 84' lang='lat' dir='ltr'>Scipionis</span> <span class='ocrx_word' id='word_1_102' title='bbox 2078 1055 2240 1095; x_wconf 82' lang='lat' dir='ltr'>Nafficae</span> <span class='ocrx_word' id='word_1_103' title='bbox 2256 1069 2339 1096; x_wconf 87' lang='lat' dir='ltr'>me-</span> 
     </span>
     <span class='ocr_line' id='line_1_10' title="bbox 252 1108 2340 1165; baseline -0.001 -12"><span class='ocrx_word' id='word_1_104' title='bbox 252 1115 423 1153; x_wconf 82' lang='lat' dir='ltr'>moriam.</span> <span class='ocrx_word' id='word_1_105' title='bbox 461 1114 548 1153; x_wconf 87' lang='lat' dir='ltr'>Hos</span> <span class='ocrx_word' id='word_1_106' title='bbox 565 1112 692 1165; x_wconf 79' lang='lat' dir='ltr'>Scipio</span> <span class='ocrx_word' id='word_1_107' title='bbox 710 1111 759 1150; x_wconf 89' lang='lat' dir='ltr'>de</span> <span class='ocrx_word' id='word_1_108' title='bbox 779 1111 965 1150; x_wconf 83' lang='lat' dir='ltr'>manubiis</span> <span class='ocrx_word' id='word_1_109' title='bbox 982 1110 1044 1150; x_wconf 89' lang='lat' dir='ltr'>seu</span> <span class='ocrx_word' id='word_1_110' title='bbox 1062 1110 1235 1164; x_wconf 65' lang='lat' dir='ltr'>impensa</span> <span class='ocrx_word' id='word_1_111' title='bbox 1255 1108 1318 1148; x_wconf 64' lang='lat' dir='ltr'>susi</span> <span class='ocrx_word' id='word_1_112' title='bbox 1339 1123 1408 1163; x_wconf 87' lang='lat' dir='ltr'>per</span> <span class='ocrx_word' id='word_1_113' title='bbox 1424 1109 1558 1149; x_wconf 90' lang='lat' dir='ltr'>decem</span> <span class='ocrx_word' id='word_1_114' title='bbox 1577 1110 1659 1150; x_wconf 88' lang='lat' dir='ltr'>dies</span> <span class='ocrx_word' id='word_1_115' title='bbox 1678 1109 1770 1150; x_wconf 89' lang='lat' dir='ltr'>fecit</span> <span class='ocrx_word' id='word_1_116' title='bbox 1786 1130 1797 1156; x_wconf 80' lang='lat'><em>3</em></span> <span class='ocrx_word' id='word_1_117' title='bbox 1824 1110 1908 1150; x_wconf 85' lang='lat' dir='ltr'>illos</span> <span class='ocrx_word' id='word_1_118' title='bbox 1927 1109 2068 1151; x_wconf 81' lang='lat' dir='ltr'>deinde</span> <span class='ocrx_word' id='word_1_119' title='bbox 2082 1110 2257 1157; x_wconf 89' lang='lat' dir='ltr'>AEdiles,</span> <span class='ocrx_word' id='word_1_120' title='bbox 2285 1111 2340 1152; x_wconf 91' lang='lat' dir='ltr'>ob</span> 
     </span>
     <span class='ocr_line' id='line_1_11' title="bbox 251 1164 2338 1220; baseline -0.002 -11"><span class='ocrx_word' id='word_1_121' title='bbox 251 1168 530 1208; x_wconf 80' lang='lat' dir='ltr'>dedicationem</span> <span class='ocrx_word' id='word_1_122' title='bbox 557 1167 688 1220; x_wconf 85' lang='lat' dir='ltr'>templi</span> <span class='ocrx_word' id='word_1_123' title='bbox 717 1180 819 1205; x_wconf 83' lang='lat' dir='ltr'>anno</span> <span class='ocrx_word' id='word_1_124' title='bbox 847 1165 1115 1205; x_wconf 81' lang='lat' dir='ltr'>decimotertio</span> <span class='ocrx_word' id='word_1_125' title='bbox 1143 1166 1163 1204; x_wconf 74' lang='lat' dir='ltr'>a</span> <span class='ocrx_word' id='word_1_126' title='bbox 1196 1165 1290 1204; x_wconf 81' lang='lat' dir='ltr'>Deae</span> <span class='ocrx_word' id='word_1_127' title='bbox 1319 1164 1488 1204; x_wconf 84' lang='lat' dir='ltr'>adventu</span> <span class='ocrx_word' id='word_1_128' title='bbox 1518 1164 1679 1218; x_wconf 70' lang='lat' dir='ltr'>perfeffi</span> <span class='ocrx_word' id='word_1_129' title='bbox 1696 1192 1707 1212; x_wconf 88' lang='lat'>‚</span> <span class='ocrx_word' id='word_1_130' title='bbox 1743 1164 2064 1206; x_wconf 87' lang='lat' dir='ltr'>senatusconsulto</span> <span class='ocrx_word' id='word_1_131' title='bbox 2092 1167 2338 1207; x_wconf 80' lang='lat' dir='ltr'>celebrarunt.</span> 
     </span>
     <span class='ocr_line' id='line_1_12' title="bbox 250 1219 2340 1274; baseline -0.001 -11"><span class='ocrx_word' id='word_1_132' title='bbox 250 1224 438 1266; x_wconf 85' lang='lat' dir='ltr'>AEdilium</span> <span class='ocrx_word' id='word_1_133' title='bbox 455 1223 609 1262; x_wconf 86' lang='lat' dir='ltr'>nomina</span> <span class='ocrx_word' id='word_1_134' title='bbox 627 1221 793 1261; x_wconf 81' lang='lat' dir='ltr'>recenset</span> <span class='ocrx_word' id='word_1_135' title='bbox 809 1220 951 1261; x_wconf 83' lang='lat' dir='ltr'>Plinius</span> <span class='ocrx_word' id='word_1_136' title='bbox 975 1221 1034 1260; x_wconf 84' lang='lat' dir='ltr'>lib.</span> <span class='ocrx_word' id='word_1_137' title='bbox 1055 1233 1115 1274; x_wconf 75' lang='lat'>34.</span> <span class='ocrx_word' id='word_1_138' title='bbox 1137 1234 1217 1274; x_wconf 86' lang='lat' dir='ltr'>cap.</span> <span class='ocrx_word' id='word_1_139' title='bbox 1241 1232 1300 1271; x_wconf 85' lang='lat'>54..</span> <span class='ocrx_word' id='word_1_140' title='bbox 1338 1219 1566 1274; x_wconf 57' lang='lat' dir='ltr'>Asegaleustlz</span> <span class='ocrx_word' id='word_1_141' title='bbox 1584 1247 1595 1266; x_wconf 89' lang='lat'>,</span> <span class='ocrx_word' id='word_1_142' title='bbox 1624 1220 1929 1272; x_wconf 81' lang='lat' dir='ltr'>ludosscenicos‚</span> <span class='ocrx_word' id='word_1_143' title='bbox 1957 1221 2130 1261; x_wconf 83' lang='lat' dir='ltr'>Attilius</span> <span class='ocrx_word' id='word_1_144' title='bbox 2147 1220 2340 1269; x_wconf 85' lang='lat' dir='ltr'>Saranus,</span> 
     </span>
     <span class='ocr_line' id='line_1_13' title="bbox 252 1274 2283 1330; baseline -0 -12"><span class='ocrx_word' id='word_1_145' title='bbox 252 1280 300 1320; x_wconf 92' lang='lat' dir='ltr'>L.</span> <span class='ocrx_word' id='word_1_146' title='bbox 322 1278 536 1318; x_wconf 70' lang='lat' dir='ltr'>Scribonius</span> <span class='ocrx_word' id='word_1_147' title='bbox 554 1277 653 1317; x_wconf 74' lang='lat' dir='ltr'>Libo</span> <span class='ocrx_word' id='word_1_148' title='bbox 671 1275 859 1323; x_wconf 59' lang='lat' dir='ltr'>QAEdiles</span> <span class='ocrx_word' id='word_1_149' title='bbox 878 1274 1034 1317; x_wconf 84' lang='lat' dir='ltr'>Curules</span> <span class='ocrx_word' id='word_1_150' title='bbox 1046 1275 1358 1330; x_wconf 67' lang='lat' dir='ltr'>primifi’cerunt.</span> <span class='ocrx_word' id='word_1_151' title='bbox 1387 1275 1544 1315; x_wconf 88' lang='lat' dir='ltr'>Horum</span> <span class='ocrx_word' id='word_1_152' title='bbox 1562 1275 1743 1317; x_wconf 88' lang='lat' dir='ltr'>ludorum</span> <span class='ocrx_word' id='word_1_153' title='bbox 1760 1277 1933 1317; x_wconf 88' lang='lat' dir='ltr'>meminit</span> <span class='ocrx_word' id='word_1_154' title='bbox 1949 1276 2116 1317; x_wconf 89' lang='lat' dir='ltr'>Ovidius</span> <span class='ocrx_word' id='word_1_155' title='bbox 2132 1290 2167 1328; x_wconf 94' lang='lat'>4.</span> <span class='ocrx_word' id='word_1_156' title='bbox 2186 1276 2283 1317; x_wconf 86' lang='lat' dir='ltr'>Fast.</span> 
     </span>
    </p>

    <p class='ocr_par' dir='ltr' id='par_1_5' title="bbox 740 1329 1545 1385">
     <span class='ocr_line' id='line_1_14' title="bbox 740 1329 1545 1385; baseline 0 -15"><span class='ocrx_word' id='word_1_157' title='bbox 740 1331 943 1371; x_wconf 72' lang='lat' dir='ltr'>Divorum</span> <span class='ocrx_word' id='word_1_158' title='bbox 962 1331 1090 1370; x_wconf 78' lang='lat' dir='ltr'>Matri</span> <span class='ocrx_word' id='word_1_159' title='bbox 1096 1332 1197 1382; x_wconf 81' lang='lat' dir='ltr'>sunt</span> <span class='ocrx_word' id='word_1_160' title='bbox 1213 1329 1441 1385; x_wconf 72' lang='lat' dir='ltr'>Megalenſja</span> <span class='ocrx_word' id='word_1_161' title='bbox 1456 1330 1545 1370; x_wconf 81' lang='lat' dir='ltr'>ludi.</span> 
     </span>
    </p>

    <p class='ocr_par' dir='ltr' id='par_1_6' title="bbox 303 1385 2337 1442">
     <span class='ocr_line' id='line_1_15' title="bbox 303 1385 2337 1442; baseline 0 -16"><span class='ocrx_word' id='word_1_162' title='bbox 303 1387 352 1426; x_wconf 92' lang='lat' dir='ltr'>L.</span> <span class='ocrx_word' id='word_1_163' title='bbox 372 1387 502 1435; x_wconf 72' lang='lat' dir='ltr'>Prisci</span> <span class='ocrx_word' id='word_1_164' title='bbox 521 1391 559 1426; x_wconf 63' lang='grc' dir='ltr'>ὃς</span> <span class='ocrx_word' id='word_1_165' title='bbox 575 1388 615 1426; x_wconf 90' lang='lat' dir='ltr'>C.</span> <span class='ocrx_word' id='word_1_166' title='bbox 634 1386 796 1426; x_wconf 76' lang='lat' dir='ltr'>Brocchi</span> <span class='ocrx_word' id='word_1_167' title='bbox 821 1385 981 1426; x_wconf 81' lang='lat' dir='ltr'>familias</span> <span class='ocrx_word' id='word_1_168' title='bbox 996 1387 1148 1440; x_wconf 86' lang='lat' dir='ltr'>penitus</span> <span class='ocrx_word' id='word_1_169' title='bbox 1167 1387 1428 1441; x_wconf 87' lang='lat' dir='ltr'>ignoraremus</span> <span class='ocrx_word' id='word_1_170' title='bbox 1441 1414 1452 1431; x_wconf 91' lang='lat'>‚</span> <span class='ocrx_word' id='word_1_171' title='bbox 1482 1386 1551 1427; x_wconf 74' lang='lat' dir='ltr'>nisi</span> <span class='ocrx_word' id='word_1_172' title='bbox 1568 1387 1730 1442; x_wconf 85' lang='lat' dir='ltr'>amplior</span> <span class='ocrx_word' id='word_1_173' title='bbox 1746 1401 1925 1428; x_wconf 88' lang='lat' dir='ltr'>nummus</span> <span class='ocrx_word' id='word_1_174' title='bbox 1941 1388 2033 1430; x_wconf 73' lang='lat' dir='ltr'>ante</span> <span class='ocrx_word' id='word_1_175' title='bbox 2050 1387 2224 1429; x_wconf 84' lang='lat' dir='ltr'>laudatus</span> <span class='ocrx_word' id='word_1_176' title='bbox 2239 1385 2337 1428; x_wconf 89' lang='lat' dir='ltr'>Pris-</span> 
     </span>
    </p>

    <p class='ocr_par' dir='ltr' id='par_1_7' title="bbox 249 1441 1474 1488">
     <span class='ocr_line' id='line_1_16' title="bbox 249 1441 1474 1488; baseline -0.002 -6"><span class='ocrx_word' id='word_1_177' title='bbox 249 1456 337 1482; x_wconf 86' lang='lat' dir='ltr'>cum</span> <span class='ocrx_word' id='word_1_178' title='bbox 355 1441 404 1482; x_wconf 85' lang='lat' dir='ltr'>ad</span> <span class='ocrx_word' id='word_1_179' title='bbox 426 1443 590 1483; x_wconf 78' lang='lat' dir='ltr'>Baebiam</span> <span class='ocrx_word' id='word_1_180' title='bbox 604 1469 616 1488; x_wconf 86' lang='lat'>,</span> <span class='ocrx_word' id='word_1_181' title='bbox 649 1441 868 1482; x_wconf 85' lang='lat' dir='ltr'>Brocchum</span> <span class='ocrx_word' id='word_1_182' title='bbox 889 1443 982 1481; x_wconf 82' lang='lat' dir='ltr'>vero</span> <span class='ocrx_word' id='word_1_183' title='bbox 1001 1441 1051 1481; x_wconf 88' lang='lat' dir='ltr'>ad</span> <span class='ocrx_word' id='word_1_184' title='bbox 1070 1441 1252 1481; x_wconf 86' lang='lat' dir='ltr'>Graniam</span> <span class='ocrx_word' id='word_1_185' title='bbox 1271 1454 1474 1482; x_wconf 83' lang='lat' dir='ltr'>revocaret.</span> 
     </span>
    </p>
   </div>
   <div class='ocr_carea' id='block_1_5' title="bbox 303 1519 1414 1574">
    <p class='ocr_par' dir='ltr' id='par_1_8' title="bbox 303 1519 1414 1574">
     <span class='ocr_line' id='line_1_17' title="bbox 303 1519 1414 1574; baseline -0.001 -15"><span class='ocrx_word' id='word_1_186' title='bbox 303 1520 384 1561; x_wconf 76' lang='lat' dir='ltr'>Hic</span> <span class='ocrx_word' id='word_1_187' title='bbox 400 1535 570 1561; x_wconf 63' lang='lat' dir='ltr'>muamus</span> <span class='ocrx_word' id='word_1_188' title='bbox 587 1520 898 1574; x_wconf 79' lang='lat' dir='ltr'>miuimaefhrmae</span> <span class='ocrx_word' id='word_1_189' title='bbox 915 1534 980 1559; x_wconf 81' lang='lat' dir='ltr'>nec</span> <span class='ocrx_word' id='word_1_190' title='bbox 1000 1534 1107 1560; x_wconf 83' lang='lat' dir='ltr'>rarus</span> <span class='ocrx_word' id='word_1_191' title='bbox 1124 1534 1190 1559; x_wconf 87' lang='lat' dir='ltr'>nec</span> <span class='ocrx_word' id='word_1_192' title='bbox 1204 1519 1339 1560; x_wconf 84' lang='lat' dir='ltr'>obvius</span> <span class='ocrx_word' id='word_1_193' title='bbox 1355 1519 1414 1573; x_wconf 76' lang='lat' dir='ltr'>cst.</span> 
     </span>
    </p>
   </div>
   <div class='ocr_carea' id='block_1_6' title="bbox 917 1627 1614 1960">
    <p class='ocr_par' dir='ltr' id='par_1_9' title="bbox 917 1627 1614 1960">
     <span class='ocr_line' id='line_1_18' title="bbox 917 1627 1614 1960; baseline 0 2254"><span class='ocrx_word' id='word_1_194' title='bbox 917 1627 1614 1960; x_wconf 95' lang='lat' dir='ltr'> </span> 
     </span>
    </p>
   </div>
   <div class='ocr_carea' id='block_1_7' title="bbox 251 2037 2187 2154">
    <p class='ocr_par' dir='ltr' id='par_1_10' title="bbox 251 2037 2187 2154">
     <span class='ocr_line' id='line_1_19' title="bbox 251 2037 1569 2101; baseline -0.007 -10"><span class='ocrx_word' id='word_1_195' title='bbox 251 2062 283 2092; x_wconf 82' lang='lat' dir='ltr'>N</span> <span class='ocrx_word' id='word_1_196' title='bbox 295 2062 322 2090; x_wconf 74' lang='grc' dir='ltr'>Α</span> <span class='ocrx_word' id='word_1_197' title='bbox 336 2061 355 2089; x_wconf 88' lang='lat' dir='ltr'>s</span> <span class='ocrx_word' id='word_1_198' title='bbox 370 2061 389 2088; x_wconf 89' lang='lat' dir='ltr'>s</span> <span class='ocrx_word' id='word_1_199' title='bbox 408 2061 422 2087; x_wconf 95' lang='lat'>1</span> <span class='ocrx_word' id='word_1_200' title='bbox 440 2060 462 2087; x_wconf 92' lang='lat' dir='ltr'>c</span> <span class='ocrx_word' id='word_1_201' title='bbox 476 2060 514 2088; x_wconf 79' lang='lat' dir='ltr'>A.</span> <span class='ocrx_word' id='word_1_202' title='bbox 552 2045 684 2100; x_wconf 84' lang='lat' dir='ltr'>Caput</span> <span class='ocrx_word' id='word_1_203' title='bbox 701 2044 865 2100; x_wconf 87' lang='lat' dir='ltr'>Augusti</span> <span class='ocrx_word' id='word_1_204' title='bbox 879 2043 956 2087; x_wconf 89' lang='lat' dir='ltr'>fine</span> <span class='ocrx_word' id='word_1_205' title='bbox 973 2045 1110 2086; x_wconf 87' lang='lat' dir='ltr'>laurea.</span> <span class='ocrx_word' id='word_1_206' title='bbox 1127 2062 1131 2065; x_wconf 56' lang='lat'>¹</span> <span class='ocrx_word' id='word_1_207' title='bbox 1151 2037 1157 2055; x_wconf 73' lang='lat'>³</span> <span class='ocrx_word' id='word_1_208' title='bbox 1561 2093 1569 2101; x_wconf 43' lang='lat'><strong>·</strong></span> 
     </span>
     <span class='ocr_line' id='line_1_20' title="bbox 305 2097 2187 2154; baseline -0.004 -9"><span class='ocrx_word' id='word_1_209' title='bbox 305 2119 339 2146; x_wconf 90' lang='lat' dir='ltr'>c.</span> <span class='ocrx_word' id='word_1_210' title='bbox 371 2118 398 2144; x_wconf 83' lang='lat' dir='ltr'><strong>v</strong></span> <span class='ocrx_word' id='word_1_211' title='bbox 411 2117 438 2143; x_wconf 76' lang='lat' dir='ltr'>A</span> <span class='ocrx_word' id='word_1_212' title='bbox 453 2117 492 2143; x_wconf 89' lang='lat' dir='ltr'>L.</span> <span class='ocrx_word' id='word_1_213' title='bbox 524 2117 559 2143; x_wconf 94' lang='lat' dir='ltr'>c.</span> <span class='ocrx_word' id='word_1_214' title='bbox 591 2116 610 2142; x_wconf 90' lang='lat' dir='ltr'>s</span> <span class='ocrx_word' id='word_1_215' title='bbox 624 2116 647 2141; x_wconf 81' lang='lat' dir='ltr'>E</span> <span class='ocrx_word' id='word_1_216' title='bbox 660 2115 696 2142; x_wconf 87' lang='lat' dir='ltr'>x.</span> <span class='ocrx_word' id='word_1_217' title='bbox 727 2114 755 2141; x_wconf 85' lang='lat' dir='ltr'>A</span> <span class='ocrx_word' id='word_1_218' title='bbox 769 2115 792 2140; x_wconf 81' lang='lat' dir='ltr'>E</span> <span class='ocrx_word' id='word_1_219' title='bbox 803 2115 829 2141; x_wconf 83' lang='lat' dir='ltr'>n</span> <span class='ocrx_word' id='word_1_220' title='bbox 845 2114 859 2141; x_wconf 84' lang='lat'>1</span> <span class='ocrx_word' id='word_1_221' title='bbox 874 2117 900 2142; x_wconf 92' lang='lat' dir='ltr'>L</span> <span class='ocrx_word' id='word_1_222' title='bbox 911 2116 933 2141; x_wconf 84' lang='lat' dir='ltr'>E</span> <span class='ocrx_word' id='word_1_223' title='bbox 945 2115 972 2143; x_wconf 88' lang='lat' dir='ltr'>s.</span> <span class='ocrx_word' id='word_1_224' title='bbox 1003 2103 1121 2143; x_wconf 86' lang='lat' dir='ltr'>Caius</span> <span class='ocrx_word' id='word_1_225' title='bbox 1135 2098 1332 2146; x_wconf 72' lang='lat' dir='ltr'>Valerius,</span> <span class='ocrx_word' id='word_1_226' title='bbox 1362 2099 1482 2139; x_wconf 83' lang='lat' dir='ltr'>Caius</span> <span class='ocrx_word' id='word_1_227' title='bbox 1498 2098 1659 2140; x_wconf 85' lang='lat' dir='ltr'>Sextius</span> <span class='ocrx_word' id='word_1_228' title='bbox 1677 2098 1874 2147; x_wconf 56' lang='lat' dir='ltr'>QAEdiles.</span> <span class='ocrx_word' id='word_1_229' title='bbox 1916 2098 2050 2154; x_wconf 87' lang='lat' dir='ltr'>Caput</span> <span class='ocrx_word' id='word_1_230' title='bbox 2066 2097 2187 2140; x_wconf 75' lang='lat' dir='ltr'>bovis:</span> 
     </span>
    </p>
   </div>
   <div class='ocr_carea' id='block_1_8' title="bbox 251 2176 2347 2898">
    <p class='ocr_par' dir='ltr' id='par_1_11' title="bbox 251 2176 2346 2456">
     <span class='ocr_line' id='line_1_21' title="bbox 305 2176 2328 2238; baseline -0.001 -16"><span class='ocrx_word' id='word_1_231' title='bbox 305 2181 504 2238; x_wconf 87' lang='lat' dir='ltr'>Calaguris</span> <span class='ocrx_word' id='word_1_232' title='bbox 525 2179 683 2231; x_wconf 80' lang='lat' dir='ltr'><em>Naffica</em></span> <span class='ocrx_word' id='word_1_233' title='bbox 707 2180 868 2234; x_wconf 88' lang='lat' dir='ltr'>antiquo</span> <span class='ocrx_word' id='word_1_234' title='bbox 894 2180 1052 2221; x_wconf 92' lang='lat' dir='ltr'>nomine</span> <span class='ocrx_word' id='word_1_235' title='bbox 1076 2180 1174 2220; x_wconf 90' lang='lat' dir='ltr'>circa</span> <span class='ocrx_word' id='word_1_236' title='bbox 1198 2189 1315 2233; x_wconf 91' lang='lat' dir='ltr'>caput</span> <span class='ocrx_word' id='word_1_237' title='bbox 1336 2177 1500 2233; x_wconf 87' lang='lat' dir='ltr'>Augusti</span> <span class='ocrx_word' id='word_1_238' title='bbox 1518 2176 1730 2218; x_wconf 86' lang='lat' dir='ltr'>inscribitur</span> <span class='ocrx_word' id='word_1_239' title='bbox 1753 2178 1806 2218; x_wconf 94' lang='lat' dir='ltr'>ob</span> <span class='ocrx_word' id='word_1_240' title='bbox 1826 2176 2106 2232; x_wconf 86' lang='lat' dir='ltr'>Megalenfium</span> <span class='ocrx_word' id='word_1_241' title='bbox 2123 2177 2304 2223; x_wconf 82' lang='lat' dir='ltr'>ludorum</span> <span class='ocrx_word' id='word_1_242' title='bbox 2325 2229 2328 2233; x_wconf 89' lang='lat'>.</span> 
     </span>
     <span class='ocr_line' id='line_1_22' title="bbox 251 2232 2342 2292; baseline -0.002 -13"><span class='ocrx_word' id='word_1_243' title='bbox 251 2237 431 2292; x_wconf 85' lang='lat' dir='ltr'>Scipione</span> <span class='ocrx_word' id='word_1_244' title='bbox 450 2236 493 2275; x_wconf 93' lang='lat' dir='ltr'>N</span> <span class='ocrx_word' id='word_1_245' title='bbox 496 2235 603 2276; x_wconf 85' lang='lat' dir='ltr'>affica</span> <span class='ocrx_word' id='word_1_246' title='bbox 628 2233 884 2276; x_wconf 87' lang='lat' dir='ltr'>institutorum</span> <span class='ocrx_word' id='word_1_247' title='bbox 910 2236 1134 2277; x_wconf 80' lang='lat' dir='ltr'>memoriam</span> <span class='ocrx_word' id='word_1_248' title='bbox 1152 2263 1164 2282; x_wconf 90' lang='lat'>‚</span> <span class='ocrx_word' id='word_1_249' title='bbox 1192 2247 1359 2290; x_wconf 89' lang='lat' dir='ltr'>quorum</span> <span class='ocrx_word' id='word_1_250' title='bbox 1385 2232 1680 2274; x_wconf 89' lang='lat' dir='ltr'>celebrationem</span> <span class='ocrx_word' id='word_1_251' title='bbox 1702 2232 1876 2274; x_wconf 89' lang='lat' dir='ltr'>Valerius</span> <span class='ocrx_word' id='word_1_252' title='bbox 1893 2238 1930 2273; x_wconf 90' lang='lat'>&amp;</span> <span class='ocrx_word' id='word_1_253' title='bbox 1949 2233 2099 2275; x_wconf 85' lang='lat' dir='ltr'>Sextius</span> <span class='ocrx_word' id='word_1_254' title='bbox 2116 2233 2264 2275; x_wconf 91' lang='lat' dir='ltr'>AEdiles</span> <span class='ocrx_word' id='word_1_255' title='bbox 2281 2247 2342 2275; x_wconf 84' lang='lat' dir='ltr'>re-</span> 
     </span>
     <span class='ocr_line' id='line_1_23' title="bbox 253 2288 2344 2346; baseline -0.001 -13"><span class='ocrx_word' id='word_1_256' title='bbox 253 2304 463 2338; x_wconf 85' lang='lat' dir='ltr'>novarunt,</span> <span class='ocrx_word' id='word_1_257' title='bbox 492 2305 610 2346; x_wconf 90' lang='lat' dir='ltr'>penes</span> <span class='ocrx_word' id='word_1_258' title='bbox 622 2305 721 2344; x_wconf 88' lang='lat' dir='ltr'>quos</span> <span class='ocrx_word' id='word_1_259' title='bbox 738 2291 1000 2332; x_wconf 89' lang='lat' dir='ltr'>cudendorum</span> <span class='ocrx_word' id='word_1_260' title='bbox 1018 2305 1265 2332; x_wconf 87' lang='lat' dir='ltr'>nummorum</span> <span class='ocrx_word' id='word_1_261' title='bbox 1285 2289 1452 2344; x_wconf 85' lang='lat' dir='ltr'>potestas</span> <span class='ocrx_word' id='word_1_262' title='bbox 1464 2316 1476 2336; x_wconf 85' lang='lat'>‚</span> <span class='ocrx_word' id='word_1_263' title='bbox 1505 2302 1548 2330; x_wconf 89' lang='lat' dir='ltr'>ut</span> <span class='ocrx_word' id='word_1_264' title='bbox 1565 2289 1669 2344; x_wconf 85' lang='lat' dir='ltr'>apud</span> <span class='ocrx_word' id='word_1_265' title='bbox 1688 2288 1721 2329; x_wconf 93' lang='lat' dir='ltr'>F</span> <span class='ocrx_word' id='word_1_266' title='bbox 1723 2289 1796 2329; x_wconf 88' lang='lat' dir='ltr'>ulv.</span> <span class='ocrx_word' id='word_1_267' title='bbox 1818 2289 2002 2330; x_wconf 88' lang='lat' dir='ltr'>Urfinum</span> <span class='ocrx_word' id='word_1_268' title='bbox 2019 2292 2057 2330; x_wconf 90' lang='lat' dir='ltr'>in</span> <span class='ocrx_word' id='word_1_269' title='bbox 2076 2288 2344 2330; x_wconf 84' lang='lat' dir='ltr'>familiaeP1an-</span> 
     </span>
     <span class='ocr_line' id='line_1_24' title="bbox 253 2344 2346 2399; baseline -0.001 -11"><span class='ocrx_word' id='word_1_270' title='bbox 253 2349 341 2395; x_wconf 81' lang='lat' dir='ltr'>ciae‚</span> <span class='ocrx_word' id='word_1_271' title='bbox 369 2346 543 2392; x_wconf 80' lang='lat' dir='ltr'>Plautiae,</span> <span class='ocrx_word' id='word_1_272' title='bbox 569 2346 742 2386; x_wconf 82' lang='lat' dir='ltr'>Pletoriae</span> <span class='ocrx_word' id='word_1_273' title='bbox 762 2350 800 2386; x_wconf 73' lang='grc' dir='ltr'>δε</span> <span class='ocrx_word' id='word_1_274' title='bbox 817 2347 968 2387; x_wconf 87' lang='lat' dir='ltr'>aliarum</span> <span class='ocrx_word' id='word_1_275' title='bbox 985 2346 1148 2388; x_wconf 85' lang='lat' dir='ltr'>denariis</span> <span class='ocrx_word' id='word_1_276' title='bbox 1165 2346 1407 2392; x_wconf 58' lang='lat' dir='ltr'>observatum</span> <span class='ocrx_word' id='word_1_277' title='bbox 1435 2344 1524 2399; x_wconf 81' lang='lat' dir='ltr'>ipsis</span> <span class='ocrx_word' id='word_1_278' title='bbox 1541 2346 1641 2385; x_wconf 90' lang='lat' dir='ltr'>enim</span> <span class='ocrx_word' id='word_1_279' title='bbox 1662 2345 1897 2385; x_wconf 86' lang='lat' dir='ltr'>urbanorum</span> <span class='ocrx_word' id='word_1_280' title='bbox 1916 2344 2163 2386; x_wconf 74' lang='lat' dir='ltr'>aedificiorum</span> <span class='ocrx_word' id='word_1_281' title='bbox 2183 2373 2195 2393; x_wconf 90' lang='lat'><em>‚</em></span> <span class='ocrx_word' id='word_1_282' title='bbox 2223 2359 2346 2387; x_wconf 90' lang='lat' dir='ltr'>anno-</span> 
     </span>
     <span class='ocr_line' id='line_1_25' title="bbox 256 2401 2314 2456; baseline -0.001 -12"><span class='ocrx_word' id='word_1_283' title='bbox 256 2418 335 2450; x_wconf 81' lang='lat' dir='ltr'>nae,</span> <span class='ocrx_word' id='word_1_284' title='bbox 362 2402 621 2456; x_wconf 88' lang='lat' dir='ltr'>ludorumque</span> <span class='ocrx_word' id='word_1_285' title='bbox 637 2402 948 2443; x_wconf 87' lang='lat' dir='ltr'>celebrandorum</span> <span class='ocrx_word' id='word_1_286' title='bbox 965 2417 1053 2443; x_wconf 89' lang='lat' dir='ltr'>cura</span> <span class='ocrx_word' id='word_1_287' title='bbox 1071 2403 1169 2448; x_wconf 81' lang='lat' dir='ltr'>era‘t,</span> <span class='ocrx_word' id='word_1_288' title='bbox 1186 2404 1246 2442; x_wconf 75' lang='lat' dir='ltr'>‘ex</span> <span class='ocrx_word' id='word_1_289' title='bbox 1265 2401 1411 2442; x_wconf 89' lang='lat' dir='ltr'>vetusta</span> <span class='ocrx_word' id='word_1_290' title='bbox 1428 2401 1534 2454; x_wconf 88' lang='lat' dir='ltr'>Lege</span> <span class='ocrx_word' id='word_1_291' title='bbox 1551 2414 1670 2454; x_wconf 85' lang='lat' dir='ltr'>quam</span> <span class='ocrx_word' id='word_1_292' title='bbox 1687 2401 1777 2441; x_wconf 89' lang='lat' dir='ltr'>citat</span> <span class='ocrx_word' id='word_1_293' title='bbox 1790 2401 1932 2441; x_wconf 91' lang='lat' dir='ltr'>Cicero</span> <span class='ocrx_word' id='word_1_294' title='bbox 1948 2401 1999 2441; x_wconf 89' lang='lat' dir='ltr'>de</span> <span class='ocrx_word' id='word_1_295' title='bbox 2016 2401 2186 2456; x_wconf 88' lang='lat' dir='ltr'>Legibus</span> <span class='ocrx_word' id='word_1_296' title='bbox 2203 2401 2262 2442; x_wconf 89' lang='lat' dir='ltr'>lib.</span> <span class='ocrx_word' id='word_1_297' title='bbox 2280 2415 2314 2455; x_wconf 83' lang='lat'>3.</span> 
     </span>
    </p>

    <p class='ocr_par' dir='ltr' id='par_1_12' title="bbox 255 2455 2347 2732">
     <span class='ocr_line' id='line_1_26' title="bbox 512 2455 2002 2512; baseline -0.002 -15"><span class='ocrx_word' id='word_1_298' title='bbox 512 2457 706 2512; x_wconf 78' lang='lat' dir='ltr'>Szmtoque.</span> <span class='ocrx_word' id='word_1_299' title='bbox 733 2457 926 2504; x_wconf 50' lang='lat' dir='ltr'>fideles.</span> <span class='ocrx_word' id='word_1_300' title='bbox 948 2466 1160 2498; x_wconf 83' lang='lat' dir='ltr'>coeratores.</span> <span class='ocrx_word' id='word_1_301' title='bbox 1182 2457 1296 2497; x_wconf 84' lang='lat' dir='ltr'>urbis.</span> <span class='ocrx_word' id='word_1_302' title='bbox 1321 2470 1484 2496; x_wconf 83' lang='lat' dir='ltr'><em>annonae.</em></span> <span class='ocrx_word' id='word_1_303' title='bbox 1507 2456 1748 2511; x_wconf 83' lang='lat' dir='ltr'>ludorumque</span> <span class='ocrx_word' id='word_1_304' title='bbox 1753 2455 2002 2508; x_wconf 77' lang='lat' dir='ltr'>sbllemnium.</span> 
     </span>
     <span class='ocr_line' id='line_1_27' title="bbox 255 2511 2347 2567; baseline 0 -14"><span class='ocrx_word' id='word_1_305' title='bbox 255 2513 331 2554; x_wconf 87' lang='lat' dir='ltr'>Sed</span> <span class='ocrx_word' id='word_1_306' title='bbox 353 2513 548 2567; x_wconf 77' lang='lat' dir='ltr'>progrcss&#39;u</span> <span class='ocrx_word' id='word_1_307' title='bbox 569 2513 716 2552; x_wconf 77' lang='lat' dir='ltr'>tantum</span> <span class='ocrx_word' id='word_1_308' title='bbox 734 2514 934 2566; x_wconf 85' lang='lat' dir='ltr'>temporis,</span> <span class='ocrx_word' id='word_1_309' title='bbox 961 2526 1078 2567; x_wconf 83' lang='lat' dir='ltr'>atque</span> <span class='ocrx_word' id='word_1_310' title='bbox 1091 2513 1135 2553; x_wconf 91' lang='lat' dir='ltr'>iis</span> <span class='ocrx_word' id='word_1_311' title='bbox 1155 2512 1356 2566; x_wconf 87' lang='lat' dir='ltr'>praesertim</span> <span class='ocrx_word' id='word_1_312' title='bbox 1375 2512 1503 2557; x_wconf 83' lang='lat' dir='ltr'>annis,</span> <span class='ocrx_word' id='word_1_313' title='bbox 1532 2512 1672 2565; x_wconf 83' lang='lat' dir='ltr'>quibus</span> <span class='ocrx_word' id='word_1_314' title='bbox 1688 2512 1904 2552; x_wconf 89' lang='lat' dir='ltr'>Censorum</span> <span class='ocrx_word' id='word_1_315' title='bbox 1922 2511 2160 2566; x_wconf 84' lang='lat' dir='ltr'>magistratus</span> <span class='ocrx_word' id='word_1_316' title='bbox 2175 2513 2214 2552; x_wconf 91' lang='lat' dir='ltr'>in</span> <span class='ocrx_word' id='word_1_317' title='bbox 2233 2511 2347 2554; x_wconf 85' lang='lat' dir='ltr'>Urbe</span> 
     </span>
     <span class='ocr_line' id='line_1_28' title="bbox 256 2556 2346 2622; baseline -0 -14"><span class='ocrx_word' id='word_1_318' title='bbox 256 2569 380 2608; x_wconf 84' lang='lat' dir='ltr'>nullus</span> <span class='ocrx_word' id='word_1_319' title='bbox 400 2580 504 2614; x_wconf 78' lang='lat' dir='ltr'>crat3</span> <span class='ocrx_word' id='word_1_320' title='bbox 533 2568 696 2622; x_wconf 79' lang='lat' dir='ltr'>primum</span> <span class='ocrx_word' id='word_1_321' title='bbox 722 2568 822 2608; x_wconf 90' lang='lat' dir='ltr'>enim</span> <span class='ocrx_word' id='word_1_322' title='bbox 837 2569 1100 2609; x_wconf 88' lang='lat' dir='ltr'>Tribunorum</span> <span class='ocrx_word' id='word_1_323' title='bbox 1120 2579 1226 2608; x_wconf 85' lang='lat' dir='ltr'>erant</span> <span class='ocrx_word' id='word_1_324' title='bbox 1251 2556 1406 2607; x_wconf 78' lang='lat' dir='ltr'>ministri</span> <span class='ocrx_word' id='word_1_325' title='bbox 1420 2594 1430 2611; x_wconf 83' lang='lat'><strong>‚</strong></span> <span class='ocrx_word' id='word_1_326' title='bbox 1458 2566 1665 2620; x_wconf 73' lang='lat' dir='ltr'>&amp;judices</span> <span class='ocrx_word' id='word_1_327' title='bbox 1687 2567 1952 2614; x_wconf 86' lang='lat' dir='ltr'>vocabantur;</span> <span class='ocrx_word' id='word_1_328' title='bbox 1980 2568 2122 2609; x_wconf 89' lang='lat' dir='ltr'>deinde</span> <span class='ocrx_word' id='word_1_329' title='bbox 2139 2569 2187 2608; x_wconf 90' lang='lat' dir='ltr'>ab</span> <span class='ocrx_word' id='word_1_330' title='bbox 2203 2567 2346 2608; x_wconf 82' lang='lat' dir='ltr'>aedium</span> 
     </span>
     <span class='ocr_line' id='line_1_29' title="bbox 256 2620 2346 2676; baseline 0 -13"><span class='ocrx_word' id='word_1_331' title='bbox 256 2638 365 2669; x_wconf 83' lang='lat' dir='ltr'>cura,</span> <span class='ocrx_word' id='word_1_332' title='bbox 393 2624 431 2662; x_wconf 91' lang='lat' dir='ltr'>in</span> <span class='ocrx_word' id='word_1_333' title='bbox 450 2623 588 2676; x_wconf 85' lang='lat' dir='ltr'>quibus</span> <span class='ocrx_word' id='word_1_334' title='bbox 609 2623 737 2663; x_wconf 90' lang='lat' dir='ltr'>omnia</span> <span class='ocrx_word' id='word_1_335' title='bbox 752 2623 815 2663; x_wconf 86' lang='lat' dir='ltr'>sua</span> <span class='ocrx_word' id='word_1_336' title='bbox 831 2624 917 2664; x_wconf 83' lang='lat' dir='ltr'>scita</span> <span class='ocrx_word' id='word_1_337' title='bbox 935 2624 1044 2664; x_wconf 88' lang='lat' dir='ltr'>Plebs</span> <span class='ocrx_word' id='word_1_338' title='bbox 1061 2623 1276 2670; x_wconf 84' lang='lat' dir='ltr'>deferebat,</span> <span class='ocrx_word' id='word_1_339' title='bbox 1304 2621 1455 2663; x_wconf 87' lang='lat' dir='ltr'>AEdiles</span> <span class='ocrx_word' id='word_1_340' title='bbox 1474 2622 1653 2676; x_wconf 88' lang='lat' dir='ltr'>appellati</span> <span class='ocrx_word' id='word_1_341' title='bbox 1668 2620 1781 2670; x_wconf 78' lang='lat' dir='ltr'>sunt3</span> <span class='ocrx_word' id='word_1_342' title='bbox 1809 2622 2126 2664; x_wconf 86' lang='lat' dir='ltr'>senatusconsulta</span> <span class='ocrx_word' id='word_1_343' title='bbox 2142 2624 2260 2664; x_wconf 87' lang='lat' dir='ltr'>etiam</span> <span class='ocrx_word' id='word_1_344' title='bbox 2277 2637 2346 2664; x_wconf 86' lang='lat' dir='ltr'>eo-</span> 
     </span>
     <span class='ocr_line' id='line_1_30' title="bbox 258 2677 2342 2732; baseline 0 -15"><span class='ocrx_word' id='word_1_345' title='bbox 258 2693 341 2718; x_wconf 90' lang='lat' dir='ltr'>rum</span> <span class='ocrx_word' id='word_1_346' title='bbox 360 2677 540 2718; x_wconf 81' lang='lat' dir='ltr'>custodiae</span> <span class='ocrx_word' id='word_1_347' title='bbox 555 2679 640 2732; x_wconf 88' lang='lat' dir='ltr'>post</span> <span class='ocrx_word' id='word_1_348' title='bbox 655 2678 904 2719; x_wconf 84' lang='lat' dir='ltr'>Decemviros</span> <span class='ocrx_word' id='word_1_349' title='bbox 921 2680 1073 2720; x_wconf 66' lang='lat' dir='ltr'>exastos</span> <span class='ocrx_word' id='word_1_350' title='bbox 1093 2678 1285 2719; x_wconf 77' lang='lat' dir='ltr'>commissa</span> <span class='ocrx_word' id='word_1_351' title='bbox 1304 2678 1397 2718; x_wconf 85' lang='lat' dir='ltr'>sunt.</span> <span class='ocrx_word' id='word_1_352' title='bbox 2338 2698 2342 2701; x_wconf 96' lang='lat'>·</span> 
     </span>
    </p>

    <p class='ocr_par' dir='ltr' id='par_1_13' title="bbox 256 2732 2347 2898">
     <span class='ocr_line' id='line_1_31' title="bbox 312 2732 2347 2789; baseline 0 -17"><span class='ocrx_word' id='word_1_353' title='bbox 312 2734 373 2773; x_wconf 89' lang='lat' dir='ltr'>De</span> <span class='ocrx_word' id='word_1_354' title='bbox 397 2746 511 2788; x_wconf 83' lang='lat' dir='ltr'>gente</span> <span class='ocrx_word' id='word_1_355' title='bbox 537 2734 688 2773; x_wconf 69' lang='lat' dir='ltr'>Valeria</span> <span class='ocrx_word' id='word_1_356' title='bbox 711 2734 863 2774; x_wconf 83' lang='lat' dir='ltr'>abunde</span> <span class='ocrx_word' id='word_1_357' title='bbox 891 2734 1036 2775; x_wconf 53' lang='lat' dir='ltr'>ditorum</span> <span class='ocrx_word' id='word_1_358' title='bbox 1061 2735 1123 2775; x_wconf 89' lang='lat' dir='ltr'>est.</span> <span class='ocrx_word' id='word_1_359' title='bbox 1163 2734 1297 2774; x_wconf 82' lang='lat' dir='ltr'>Sextia</span> <span class='ocrx_word' id='word_1_360' title='bbox 1318 2747 1435 2789; x_wconf 85' lang='lat' dir='ltr'>gens,</span> <span class='ocrx_word' id='word_1_361' title='bbox 1463 2733 1612 2788; x_wconf 85' lang='lat' dir='ltr'>plebeia</span> <span class='ocrx_word' id='word_1_362' title='bbox 1621 2753 1633 2780; x_wconf 73' lang='lat'><em>3</em></span> <span class='ocrx_word' id='word_1_363' title='bbox 1662 2734 1702 2774; x_wconf 90' lang='lat' dir='ltr'>C.</span> <span class='ocrx_word' id='word_1_364' title='bbox 1722 2732 1881 2773; x_wconf 86' lang='lat' dir='ltr'>Sextius</span> <span class='ocrx_word' id='word_1_365' title='bbox 1899 2733 2136 2787; x_wconf 85' lang='lat' dir='ltr'>cognomine</span> <span class='ocrx_word' id='word_1_366' title='bbox 2155 2733 2347 2774; x_wconf 82' lang='lat' dir='ltr'>Calvinus</span> 
     </span>
     <span class='ocr_line' id='line_1_32' title="bbox 256 2788 2346 2843; baseline 0.001 -16"><span class='ocrx_word' id='word_1_367' title='bbox 256 2789 463 2828; x_wconf 86' lang='lat' dir='ltr'>Coloniam</span> <span class='ocrx_word' id='word_1_368' title='bbox 483 2789 773 2841; x_wconf 85' lang='lat' dir='ltr'>Aquas-Sextias</span> <span class='ocrx_word' id='word_1_369' title='bbox 791 2817 802 2834; x_wconf 91' lang='lat'>,</span> <span class='ocrx_word' id='word_1_370' title='bbox 832 2789 949 2829; x_wconf 88' lang='lat' dir='ltr'>hodie</span> <span class='ocrx_word' id='word_1_371' title='bbox 969 2793 1056 2829; x_wconf 77' lang='lat' dir='ltr'>Aix</span> <span class='ocrx_word' id='word_1_372' title='bbox 1076 2818 1086 2834; x_wconf 77' lang='grc'><em>,</em></span> <span class='ocrx_word' id='word_1_373' title='bbox 1114 2790 1288 2830; x_wconf 86' lang='lat' dir='ltr'>condidit</span> <span class='ocrx_word' id='word_1_374' title='bbox 1304 2817 1315 2835; x_wconf 91' lang='lat'>‚</span> <span class='ocrx_word' id='word_1_375' title='bbox 1345 2791 1393 2829; x_wconf 89' lang='lat' dir='ltr'>ab</span> <span class='ocrx_word' id='word_1_376' title='bbox 1409 2803 1596 2841; x_wconf 85' lang='lat' dir='ltr'>aquarum</span> <span class='ocrx_word' id='word_1_377' title='bbox 1615 2789 1729 2843; x_wconf 88' lang='lat' dir='ltr'>copia</span> <span class='ocrx_word' id='word_1_378' title='bbox 1745 2792 1784 2827; x_wconf 91' lang='lat'>&amp;</span> <span class='ocrx_word' id='word_1_379' title='bbox 1799 2788 1930 2829; x_wconf 87' lang='lat' dir='ltr'>calidis</span> <span class='ocrx_word' id='word_1_380' title='bbox 1948 2802 1992 2827; x_wconf 93' lang='lat' dir='ltr'>ac</span> <span class='ocrx_word' id='word_1_381' title='bbox 2010 2788 2157 2843; x_wconf 85' lang='lat' dir='ltr'>frigidis</span> <span class='ocrx_word' id='word_1_382' title='bbox 2171 2788 2346 2829; x_wconf 88' lang='lat' dir='ltr'>fontibus</span> 
     </span>
     <span class='ocr_line' id='line_1_33' title="bbox 256 2843 1541 2898; baseline -0.003 -14"><span class='ocrx_word' id='word_1_383' title='bbox 256 2843 305 2884; x_wconf 88' lang='lat' dir='ltr'>dc</span> <span class='ocrx_word' id='word_1_384' title='bbox 325 2843 483 2883; x_wconf 88' lang='lat' dir='ltr'>nomine</span> <span class='ocrx_word' id='word_1_385' title='bbox 499 2844 567 2882; x_wconf 83' lang='lat' dir='ltr'>suo</span> <span class='ocrx_word' id='word_1_386' title='bbox 584 2844 636 2883; x_wconf 84' lang='lat' dir='ltr'>ita</span> <span class='ocrx_word' id='word_1_387' title='bbox 654 2844 857 2898; x_wconf 76' lang='lat' dir='ltr'>appellatas</span> <span class='ocrx_word' id='word_1_388' title='bbox 879 2844 993 2884; x_wconf 83' lang='lat' dir='ltr'>tradit</span> <span class='ocrx_word' id='word_1_389' title='bbox 1014 2845 1182 2885; x_wconf 90' lang='lat' dir='ltr'>Velleius</span> <span class='ocrx_word' id='word_1_390' title='bbox 1198 2844 1416 2884; x_wconf 84' lang='lat' dir='ltr'>Paterculus</span> <span class='ocrx_word' id='word_1_391' title='bbox 1432 2844 1491 2882; x_wconf 90' lang='lat' dir='ltr'>lib.</span> <span class='ocrx_word' id='word_1_392' title='bbox 1509 2857 1541 2882; x_wconf 88' lang='lat'>2.</span> 
     </span>
    </p>
   </div>
   <div class='ocr_carea' id='block_1_9' title="bbox 256 2918 2343 3016">
    <p class='ocr_par' dir='ltr' id='par_1_14' title="bbox 256 2918 2343 3016">
     <span class='ocr_line' id='line_1_34' title="bbox 314 2918 2343 2976; baseline 0.001 -17"><span class='ocrx_word' id='word_1_393' title='bbox 314 2921 391 2960; x_wconf 69' lang='lat' dir='ltr'>Hic</span> <span class='ocrx_word' id='word_1_394' title='bbox 408 2934 577 2960; x_wconf 79' lang='lat' dir='ltr'>nummus</span> <span class='ocrx_word' id='word_1_395' title='bbox 591 2921 896 2974; x_wconf 78' lang='lat' dir='ltr'>minimaefhrmae</span> <span class='ocrx_word' id='word_1_396' title='bbox 911 2920 934 2960; x_wconf 70' lang='grc' dir='ltr'>ιὶ</span> <span class='ocrx_word' id='word_1_397' title='bbox 955 2921 1007 2960; x_wconf 76' lang='grc' dir='ltr'>Ῥ.</span> <span class='ocrx_word' id='word_1_398' title='bbox 1027 2920 1185 2975; x_wconf 81' lang='lat' dir='ltr'>Seguz&#39;no</span> <span class='ocrx_word' id='word_1_399' title='bbox 1199 2931 1289 2975; x_wconf 79' lang='lat' dir='ltr'>pag.</span> <span class='ocrx_word' id='word_1_400' title='bbox 1308 2933 1372 2971; x_wconf 81' lang='lat'>94.</span> <span class='ocrx_word' id='word_1_401' title='bbox 1390 2919 1478 2959; x_wconf 84' lang='lat' dir='ltr'>edit.</span> <span class='ocrx_word' id='word_1_402' title='bbox 1496 2933 1530 2959; x_wconf 89' lang='lat'>2.</span> <span class='ocrx_word' id='word_1_403' title='bbox 1547 2919 1754 2974; x_wconf 60' lang='lat' dir='ltr'>vu4gatus,</span> <span class='ocrx_word' id='word_1_404' title='bbox 1781 2921 1882 2960; x_wconf 83' lang='lat' dir='ltr'>inter</span> <span class='ocrx_word' id='word_1_405' title='bbox 1906 2918 2185 2976; x_wconf 61' lang='lat' dir='ltr'>eleganttjffimos</span> <span class='ocrx_word' id='word_1_406' title='bbox 2203 2919 2343 2973; x_wconf 85' lang='lat' dir='ltr'>adscri-</span> 
     </span>
     <span class='ocr_line' id='line_1_35' title="bbox 256 2976 2211 3016; baseline -0.007 0"><span class='ocrx_word' id='word_1_407' title='bbox 256 2976 401 3016; x_wconf 67' lang='lat' dir='ltr'>bemlns,</span> <span class='ocrx_word' id='word_1_408' title='bbox 2208 3000 2211 3003; x_wconf 74' lang='grc'><strong>,</strong></span> 
     </span>
    </p>
   </div>
   <div class='ocr_carea' id='block_1_10' title="bbox 866 3041 1704 3085">
    <p class='ocr_par' dir='ltr' id='par_1_15' title="bbox 866 3041 1704 3085">
     <span class='ocr_line' id='line_1_36' title="bbox 866 3041 1704 3085; baseline 0.001 -2"><span class='ocrx_word' id='word_1_409' title='bbox 866 3041 1376 3083; x_wconf 84' lang='lat' dir='ltr'><em>CARTHAGO</em></span> <span class='ocrx_word' id='word_1_410' title='bbox 1443 3042 1704 3085; x_wconf 91' lang='lat' dir='ltr'><em>NOVA.</em></span> 
     </span>
    </p>
   </div>
   <div class='ocr_carea' id='block_1_11' title="bbox 878 3140 1703 3539">
    <p class='ocr_par' dir='ltr' id='par_1_16' title="bbox 878 3140 1703 3539">
     <span class='ocr_line' id='line_1_37' title="bbox 878 3140 1703 3539; baseline 0 675"><span class='ocrx_word' id='word_1_411' title='bbox 878 3140 1703 3539; x_wconf 95' lang='lat' dir='ltr'> </span> 
     </span>
    </p>
   </div>
   <div class='ocr_carea' id='block_1_12' title="bbox 262 3619 1733 3678">
    <p class='ocr_par' dir='ltr' id='par_1_17' title="bbox 262 3619 1733 3678">
     <span class='ocr_line' id='line_1_38' title="bbox 262 3619 1733 3678; baseline -0.001 -17"><span class='ocrx_word' id='word_1_412' title='bbox 262 3637 295 3662; x_wconf 82' lang='lat' dir='ltr'>c.</span> <span class='ocrx_word' id='word_1_413' title='bbox 324 3634 352 3659; x_wconf 83' lang='grc' dir='ltr'>ῐ.</span> <span class='ocrx_word' id='word_1_414' title='bbox 374 3634 411 3658; x_wconf 67' lang='grc' dir='ltr'>Ν,</span> <span class='ocrx_word' id='word_1_415' title='bbox 434 3634 466 3659; x_wconf 82' lang='lat' dir='ltr'>e.</span> <span class='ocrx_word' id='word_1_416' title='bbox 496 3620 646 3658; x_wconf 59' lang='lat' dir='ltr'><em>Calama</em></span> <span class='ocrx_word' id='word_1_417' title='bbox 666 3619 780 3669; x_wconf 74' lang='lat' dir='ltr'>Julia</span> <span class='ocrx_word' id='word_1_418' title='bbox 797 3621 917 3661; x_wconf 80' lang='lat' dir='ltr'><em>Nova</em></span> <span class='ocrx_word' id='word_1_419' title='bbox 934 3622 1136 3678; x_wconf 76' lang='lat' dir='ltr'>Carthago.</span> <span class='ocrx_word' id='word_1_420' title='bbox 1173 3623 1307 3678; x_wconf 89' lang='lat' dir='ltr'>Caput</span> <span class='ocrx_word' id='word_1_421' title='bbox 1326 3622 1487 3678; x_wconf 89' lang='lat' dir='ltr'>Augusti</span> <span class='ocrx_word' id='word_1_422' title='bbox 1505 3622 1582 3663; x_wconf 83' lang='lat' dir='ltr'>fine</span> <span class='ocrx_word' id='word_1_423' title='bbox 1598 3623 1733 3663; x_wconf 87' lang='lat' dir='ltr'>laurea.</span> 
     </span>
    </p>
   </div>
   <div class='ocr_carea' id='block_1_13' title="bbox 315 3675 2336 3784">
    <p class='ocr_par' dir='ltr' id='par_1_18' title="bbox 315 3675 2336 3784">
     <span class='ocr_line' id='line_1_39' title="bbox 315 3675 2336 3724; baseline 0.002 -10"><span class='ocrx_word' id='word_1_424' title='bbox 315 3690 347 3714; x_wconf 81' lang='lat' dir='ltr'>c.</span> <span class='ocrx_word' id='word_1_425' title='bbox 379 3689 397 3713; x_wconf 84' lang='lat' dir='ltr'><strong>P</strong></span> <span class='ocrx_word' id='word_1_426' title='bbox 413 3689 433 3712; x_wconf 83' lang='lat' dir='ltr'>r.</span> <span class='ocrx_word' id='word_1_427' title='bbox 449 3689 470 3713; x_wconf 86' lang='grc' dir='ltr'>τ</span> <span class='ocrx_word' id='word_1_428' title='bbox 485 3688 515 3713; x_wconf 81' lang='lat' dir='ltr'>R</span> <span class='ocrx_word' id='word_1_429' title='bbox 528 3688 553 3712; x_wconf 94' lang='lat' dir='ltr'>o</span> <span class='ocrx_word' id='word_1_430' title='bbox 568 3687 596 3711; x_wconf 80' lang='lat' dir='ltr'>N</span> <span class='ocrx_word' id='word_1_431' title='bbox 614 3687 627 3712; x_wconf 96' lang='lat'>1</span> <span class='ocrx_word' id='word_1_432' title='bbox 645 3688 670 3711; x_wconf 90' lang='lat' dir='ltr'>o</span> <span class='ocrx_word' id='word_1_433' title='bbox 702 3688 746 3713; x_wconf 84' lang='lat' dir='ltr'>M.</span> <span class='ocrx_word' id='word_1_434' title='bbox 779 3690 804 3714; x_wconf 83' lang='lat' dir='ltr'>A</span> <span class='ocrx_word' id='word_1_435' title='bbox 820 3690 849 3714; x_wconf 87' lang='lat' dir='ltr'>N</span> <span class='ocrx_word' id='word_1_436' title='bbox 862 3691 885 3715; x_wconf 90' lang='lat' dir='ltr'>T</span> <span class='ocrx_word' id='word_1_437' title='bbox 900 3690 925 3715; x_wconf 93' lang='lat' dir='ltr'>o</span> <span class='ocrx_word' id='word_1_438' title='bbox 940 3690 968 3715; x_wconf 80' lang='lat' dir='ltr'>N</span> <span class='ocrx_word' id='word_1_439' title='bbox 985 3691 1000 3715; x_wconf 87' lang='grc' dir='ltr'>ι</span> <span class='ocrx_word' id='word_1_440' title='bbox 1016 3691 1042 3715; x_wconf 95' lang='lat' dir='ltr'>o</span> <span class='ocrx_word' id='word_1_441' title='bbox 1081 3692 1143 3717; x_wconf 87' lang='lat'>11.</span> <span class='ocrx_word' id='word_1_442' title='bbox 1173 3692 1200 3717; x_wconf 91' lang='lat' dir='ltr'>v</span> <span class='ocrx_word' id='word_1_443' title='bbox 1218 3693 1231 3718; x_wconf 89' lang='lat'>1</span> <span class='ocrx_word' id='word_1_444' title='bbox 1250 3692 1289 3718; x_wconf 72' lang='lat' dir='ltr'>R.</span> <span class='ocrx_word' id='word_1_445' title='bbox 1322 3692 1383 3718; x_wconf 74' lang='lat' dir='ltr'>Ex</span> <span class='ocrx_word' id='word_1_446' title='bbox 1413 3693 1484 3718; x_wconf 89' lang='lat' dir='ltr'>DD.</span> <span class='ocrx_word' id='word_1_447' title='bbox 1515 3679 1607 3718; x_wconf 82' lang='lat' dir='ltr'>Caio</span> <span class='ocrx_word' id='word_1_448' title='bbox 1622 3676 1830 3724; x_wconf 83' lang='lat' dir='ltr'>Petronio,</span> <span class='ocrx_word' id='word_1_449' title='bbox 1847 3675 1984 3716; x_wconf 82' lang='lat' dir='ltr'>Marco</span> <span class='ocrx_word' id='word_1_450' title='bbox 1996 3675 2336 3718; x_wconf 77' lang='lat' dir='ltr'>Antonio‘Duum-</span> 
     </span>
     <span class='ocr_line' id='line_1_40' title="bbox 369 3727 1316 3784; baseline 0.004 -17"><span class='ocrx_word' id='word_1_451' title='bbox 369 3731 488 3774; x_wconf 76' lang='lat' dir='ltr'>viris,</span> <span class='ocrx_word' id='word_1_452' title='bbox 514 3740 561 3767; x_wconf 75' lang='lat' dir='ltr'>ex</span> <span class='ocrx_word' id='word_1_453' title='bbox 581 3727 724 3767; x_wconf 84' lang='lat' dir='ltr'>decreto</span> <span class='ocrx_word' id='word_1_454' title='bbox 742 3729 1012 3770; x_wconf 75' lang='lat' dir='ltr'>Decurionum.</span> <span class='ocrx_word' id='word_1_455' title='bbox 1053 3731 1316 3784; x_wconf 85' lang='lat' dir='ltr'>Labyrinthus.</span> 
     </span>
    </p>
   </div>
   <div class='ocr_carea' id='block_1_14' title="bbox 258 3805 2334 4015">
    <p class='ocr_par' dir='ltr' id='par_1_19' title="bbox 258 3805 2334 3980">
     <span class='ocr_line' id='line_1_41' title="bbox 314 3805 2334 3858; baseline 0 -12"><span class='ocrx_word' id='word_1_456' title='bbox 314 3807 392 3856; x_wconf 71' lang='lat' dir='ltr'>Iam</span> <span class='ocrx_word' id='word_1_457' title='bbox 412 3805 554 3858; x_wconf 84' lang='lat' dir='ltr'>prodiit</span> <span class='ocrx_word' id='word_1_458' title='bbox 573 3819 750 3844; x_wconf 89' lang='lat' dir='ltr'>nummus</span> <span class='ocrx_word' id='word_1_459' title='bbox 767 3805 828 3845; x_wconf 92' lang='lat' dir='ltr'>hic</span> <span class='ocrx_word' id='word_1_460' title='bbox 845 3806 975 3847; x_wconf 90' lang='lat' dir='ltr'>litteris</span> <span class='ocrx_word' id='word_1_461' title='bbox 996 3822 1028 3848; x_wconf 92' lang='lat' dir='ltr'>c.</span> <span class='ocrx_word' id='word_1_462' title='bbox 1053 3821 1082 3847; x_wconf 92' lang='lat'>1.</span> <span class='ocrx_word' id='word_1_463' title='bbox 1104 3822 1144 3847; x_wconf 86' lang='lat' dir='ltr'>N.</span> <span class='ocrx_word' id='word_1_464' title='bbox 1164 3825 1197 3849; x_wconf 85' lang='lat' dir='ltr'>c.</span> <span class='ocrx_word' id='word_1_465' title='bbox 1226 3825 1316 3850; x_wconf 90' lang='lat' dir='ltr'>cum</span> <span class='ocrx_word' id='word_1_466' title='bbox 1332 3810 1513 3851; x_wconf 89' lang='lat' dir='ltr'>fimilibus</span> <span class='ocrx_word' id='word_1_467' title='bbox 1530 3810 1631 3851; x_wconf 90' lang='lat' dir='ltr'>notis</span> <span class='ocrx_word' id='word_1_468' title='bbox 1661 3823 1685 3849; x_wconf 80' lang='lat' dir='ltr'>E</span> <span class='ocrx_word' id='word_1_469' title='bbox 1698 3822 1723 3848; x_wconf 80' lang='lat' dir='ltr'><strong>x</strong></span> <span class='ocrx_word' id='word_1_470' title='bbox 1748 3822 1822 3849; x_wconf 90' lang='lat' dir='ltr'>DD.</span> <span class='ocrx_word' id='word_1_471' title='bbox 1853 3806 1998 3848; x_wconf 83' lang='lat' dir='ltr'>habens</span> <span class='ocrx_word' id='word_1_472' title='bbox 2018 3808 2081 3848; x_wconf 79' lang='lat' dir='ltr'>M..</span> <span class='ocrx_word' id='word_1_473' title='bbox 2098 3809 2257 3849; x_wconf 89' lang='lat' dir='ltr'>Antonii</span> <span class='ocrx_word' id='word_1_474' title='bbox 2273 3823 2334 3850; x_wconf 76' lang='lat' dir='ltr'>ca-</span> 
     </span>
     <span class='ocr_line' id='line_1_42' title="bbox 259 3859 2333 3920; baseline 0.003 -23"><span class='ocrx_word' id='word_1_475' title='bbox 259 3874 329 3917; x_wconf 84' lang='lat' dir='ltr'>put</span> <span class='ocrx_word' id='word_1_476' title='bbox 346 3889 357 3908; x_wconf 88' lang='lat'>,</span> <span class='ocrx_word' id='word_1_477' title='bbox 387 3864 423 3899; x_wconf 69' lang='grc' dir='ltr'>δε</span> <span class='ocrx_word' id='word_1_478' title='bbox 440 3873 488 3920; x_wconf 80' lang='lat' dir='ltr'>ex</span> <span class='ocrx_word' id='word_1_479' title='bbox 508 3859 657 3899; x_wconf 83' lang='lat' dir='ltr'>adversa</span> <span class='ocrx_word' id='word_1_480' title='bbox 675 3871 781 3920; x_wconf 72' lang='lat' dir='ltr'>parte</span> <span class='ocrx_word' id='word_1_481' title='bbox 802 3861 1101 3902; x_wconf 88' lang='lat' dir='ltr'>Duumvirorum</span> <span class='ocrx_word' id='word_1_482' title='bbox 1122 3865 1278 3904; x_wconf 89' lang='lat' dir='ltr'>nomina</span> <span class='ocrx_word' id='word_1_483' title='bbox 1297 3879 1385 3905; x_wconf 90' lang='lat' dir='ltr'>cum</span> <span class='ocrx_word' id='word_1_484' title='bbox 1403 3866 1564 3919; x_wconf 88' lang='lat' dir='ltr'>Augusti</span> <span class='ocrx_word' id='word_1_485' title='bbox 1581 3863 1706 3920; x_wconf 88' lang='lat' dir='ltr'>effigie</span> <span class='ocrx_word' id='word_1_486' title='bbox 1724 3883 1736 3909; x_wconf 89' lang='lat'>·,</span> <span class='ocrx_word' id='word_1_487' title='bbox 1764 3877 1881 3917; x_wconf 89' lang='lat' dir='ltr'>quem</span> <span class='ocrx_word' id='word_1_488' title='bbox 1901 3863 2054 3909; x_wconf 67' lang='lat' dir='ltr'>Colonia</span> <span class='ocrx_word' id='word_1_489' title='bbox 2071 3862 2187 3914; x_wconf 83' lang='lat' dir='ltr'>Julia</span> <span class='ocrx_word' id='word_1_490' title='bbox 2211 3863 2333 3904; x_wconf 85' lang='lat' dir='ltr'><em>Nova</em></span> 
     </span>
     <span class='ocr_line' id='line_1_43' title="bbox 258 3916 2332 3980; baseline 0 -22"><span class='ocrx_word' id='word_1_491' title='bbox 258 3917 445 3970; x_wconf 69' lang='lat' dir='ltr'>Carthago</span> <span class='ocrx_word' id='word_1_492' title='bbox 458 3926 692 3968; x_wconf 81' lang='lat' dir='ltr'>interpretati</span> <span class='ocrx_word' id='word_1_493' title='bbox 709 3917 844 3954; x_wconf 77' lang='lat' dir='ltr'>lumus.</span> <span class='ocrx_word' id='word_1_494' title='bbox 881 3916 928 3955; x_wconf 93' lang='lat' dir='ltr'>Id</span> <span class='ocrx_word' id='word_1_495' title='bbox 947 3930 1090 3957; x_wconf 84' lang='lat' dir='ltr'>nomen</span> <span class='ocrx_word' id='word_1_496' title='bbox 1108 3917 1230 3969; x_wconf 82' lang='lat' dir='ltr'>Juliae</span> <span class='ocrx_word' id='word_1_497' title='bbox 1246 3946 1258 3966; x_wconf 87' lang='lat'>‚</span> <span class='ocrx_word' id='word_1_498' title='bbox 1288 3923 1326 3958; x_wconf 90' lang='lat'>&amp;</span> <span class='ocrx_word' id='word_1_499' title='bbox 1344 3920 1505 3960; x_wconf 87' lang='lat' dir='ltr'>Antonii</span> <span class='ocrx_word' id='word_1_500' title='bbox 1524 3920 1651 3961; x_wconf 86' lang='lat' dir='ltr'>vultus</span> <span class='ocrx_word' id='word_1_501' title='bbox 1666 3917 1936 3974; x_wconf 85' lang='lat' dir='ltr'>persuaserunt.</span> <span class='ocrx_word' id='word_1_502' title='bbox 1978 3919 2176 3974; x_wconf 85' lang='lat' dir='ltr'>Carthago</span> <span class='ocrx_word' id='word_1_503' title='bbox 2193 3919 2332 3980; x_wconf 68' lang='lat' dir='ltr'>Hispa-</span> 
     </span>
    </p>

    <p class='ocr_par' dir='ltr' id='par_1_20' title="bbox 2258 3986 2334 4015">
     <span class='ocr_line' id='line_1_44' title="bbox 2258 3986 2334 4015; baseline -0.026 0"><span class='ocrx_word' id='word_1_504' title='bbox 2258 3986 2334 4015; x_wconf 78' lang='lat' dir='ltr'>111ae</span> 
     </span>
    </p>
   </div>
  </div>
 </body>
</html>
