2491 4219
2144 127 2243 174 211-

166 336 179 349 2
217 322 248 356 r,
288 286 2239 398 &imunzxffiffiffiffilfflfflfflfflfflffiffiffissffiffiffiffifflssffiffiffigff

146 314 193 355 ’ξ

375 436 482 521 C.
534 385 2021 554 VIBIUSTTREBONIANUS

804 581 870 642 G
939 580 1014 642 A
1099 578 1153 642 L
1236 579 1290 643 L
1372 578 1443 638 U
1526 579 1584 640 S,
1887 620 1897 629 .,
1987 622 2001 625 ,Α

349 1267 505 1306 nianum
529 1266 761 1320 productum
778 1293 789 1311 ‚
817 1269 855 1304 &
875 1265 1027 1305 fortass'e
1043 1268 1204 1319 quando
1221 1266 1366 1307 Decius
1381 1267 1431 1306 ad
1446 1266 1656 1320 Imperium
1669 1266 1830 1306 evectus
1847 1292 1859 1312 ‚
1887 1265 2091 1320 dignitates
2109 1265 2244 1320 Impe-

350 1322 495 1361 ratoriae
516 1321 700 1374 majestati
717 1320 936 1373 adjunctas,
966 1321 1122 1361 Senatui
1138 1321 1372 1376 Populoque
1387 1321 1573 1362 Romano
1590 1320 1769 1367 restituit,
1797 1320 2024 1362 Censoriam
2045 1321 2184 1362 scilicet
2201 1320 2242 1362 &

350 1377 606 1417 Tribunitiam
623 1376 872 1430 potestatem,
900 1374 1005 1416 unde
1022 1376 1124 1417 nulla
1155 1391 1181 1417 T
1195 1391 1236 1417 R.
1264 1391 1299 1416 P.
1330 1387 1424 1416 nota
1440 1377 1479 1416 in
1499 1377 1611 1416 Decii
1627 1376 1795 1416 nummis
1811 1376 1983 1416 occurrit.
2015 1376 2245 1417 Valerianus

356 1432 505 1473 Censor
521 1432 680 1485 quidem
698 1432 839 1472 electus
859 1432 914 1472 est
925 1458 937 1478 ‚
965 1432 1100 1472 Gallus
1119 1434 1213 1473 vero
1231 1432 1488 1472 Tribunitiam
1506 1432 1735 1485 potestatem
1752 1430 1924 1471 habuisse
1942 1457 1954 1477 ,
1981 1442 2047 1472 aut
2065 1445 2149 1471 eam
2169 1433 2245 1472 lm-

134 1488 373 1542 peratoribus
388 1487 583 1527 restituiss‘e
599 1487 771 1533 videtur,
800 1487 889 1526 cum
906 1485 956 1527 ad
974 1487 1185 1542 Imperium
1200 1489 1354 1528 evenus
1371 1488 1448 1533 est·,
1473 1487 1575 1527 illam
1594 1487 1698 1528 enim
1715 1485 1852 1527 omissa
1869 1487 1990 1541 prima
2007 1490 2046 1527 ὃ(
2063 1486 2242 1535 secunda,

133 1545 281 1585 tertiam
307 1543 433 1596 primo
457 1543 612 1595 Imperii
636 1543 691 1582 sui
714 1556 817 1582 anno
831 1569 843 1588 ‚
872 1554 1048 1596 quartam
1066 1546 1159 1584 vero
1178 1543 1348 1584 secundo
1367 1543 1528 1598 signavit
1545 1570 1557 1590 ‚
1586 1555 1771 1597 tanquam
1797 1541 1878 1596 ipse
1902 1557 1971 1596 per
1994 1542 2095 1583 duos
2120 1557 2244 1586 annos

131 1598 387 1639 Tribunitiam
414 1598 643 1652 potestatem
665 1596 827 1653 geffiffet
841 1624 855 1645 ,
885 1609 951 1638 aut
973 1599 1053 1653 ipsa
1080 1599 1383 1654 Imperatoribus
1406 1600 1600 1647 restituta,
1630 1600 1652 1639 a
1672 1610 1797 1640 morte
1815 1597 1984 1654 Philippi
2007 1600 2049 1640 in
2067 1599 2241 1655 Imperio]

127 1667 212 1695 non
232 1653 404 1694 vacasset.

182 1730 223 1773 T
234 1745 266 1772 R
278 1745 302 1771 E
315 1745 349 1771 Β.
379 1730 420 1770 G
432 1744 458 1770 A
471 1745 496 1771 L
508 1744 533 1771 L
545 1745 560 1770 1
589 1734 731 1773 nummi
746 1746 796 1774 ex
813 1735 914 1773 omni
928 1732 1074 1773 modulo
1090 1734 1171 1774 rari
1175 1733 1276 1787 fimt
1287 1760 1301 1781 ‚
1313 1733 1359 1784 fi
1367 1733 1628 1776 Antiochenos
1642 1734 1824 1789 exctpias„

137 1210 337 1408 G
352 1211 385 1250 A
399 1223 424 1251 L
435 1223 461 1251 L
474 1222 501 1250 u
517 1224 535 1250 s
569 1224 615 1250 ex
629 1209 829 1250 Trebonia
847 1212 962 1264 gente
978 1209 1018 1250 in
1037 1209 1195 1251 Vibiam
1215 1207 1422 1265 adoptatus
1437 1209 1512 1257 est,
1539 1205 1646 1251 unde
1661 1206 1807 1250 nomen
1822 1207 2014 1250 Trebonii
2036 1208 2076 1250 in
2091 1194 2245 1251 Trebo‘t

813 1840 1377 1908 ANTIOCHIA
1428 1850 1559 1906 Syria.

124 2490 189 2532 ΑΫ
202 2502 225 2528 T
236 2493 263 2528 o
274 2501 315 2528 K.
345 2500 387 2527 κ.
417 2498 449 2526 r.
478 2498 505 2525 o
516 2486 566 2526 *rx
577 2498 611 2525 Β.
642 2496 668 2524 T
680 2498 702 2524 p
715 2498 739 2524 E
751 2489 785 2524 B.
817 2497 837 2524 r
849 2497 877 2524 A
889 2494 917 2522 Λ
929 2494 956 2523 Λ
967 2495 995 2523 o
1009 2496 1046 2523 c.
1088 2482 1224 2538 Caput
1240 2483 1342 2525 Galli
1357 2482 1567 2526 laureatum
1577 2510 1592 2533 ‚
1617 2485 1659 2526 in
1678 2485 1758 2528 aliis
1778 2486 1982 2530 radiatum}

176 2558 205 2584 A
218 2557 249 2584 N
264 2557 288 2582 T
300 2557 315 2583 1
326 2557 352 2582 o
366 2556 391 2582 x
404 2556 428 2581 F,
439 2553 520 2581 ΩΝ.
550 2554 587 2580 Μ
599 2553 627 2579 H
639 2553 664 2579 T
677 2553 698 2579 Ρ
710 2554 747 2579 o.
780 2552 806 2579 1<
817 2553 843 2579 o
854 2552 881 2578 Λ
891 2552 971 2579 ΩΝ.
1010 2544 1168 2590 Ανποχὲων
1188 2543 1407 2584 Μητςοπόλεως
1428 2547 1586 2584 Kamisa.
1623 2541 1670 2584 In
1686 2556 1773 2585 area
1797 2558 1831 2585 s.
1851 2560 1887 2587 c.
1909 2549 1949 2587 δε
1967 2556 2002 2585 Δ.
2021 2545 2062 2587 BL
2094 2546 2230 2605 Caput

230 2598 399 2639 velatum
416 2600 455 2637 &
472 2596 647 2637 turritum
659 2622 672 2642 ,
698 2595 739 2635 in
757 2594 899 2635 vertice
917 2594 1039 2636 Aries.

172 2674 454 2718 Antiochenses
477 2674 591 2729 Syriae
611 2672 877 2728 Metropolitae
894 2676 933 2713 &
949 2673 1096 2715 Coloni
1119 2674 1292 2716 Romani
1308 2674 1425 2717 Treb.
1444 2676 1563 2718 Gallo
1585 2689 1768 2719 nummos
1791 2689 1976 2734 tanquam
1998 2679 2229 2736 Imperatori

117 2734 252 2775 recens
271 2732 374 2772 facto
391 2729 579 2771 dedicasse
597 2729 796 2776 videntur,
824 2740 868 2771 ut
885 2729 1121 2783 potiffimum
1136 2730 1242 2772 illum
1258 2731 1307 2772 ad
1324 2732 1507 2773 auxilium
1527 2734 1736 2788 provinciae
1752 2737 1814 2776 cui
1825 2735 1945 2776 Persae
1960 2736 2226 2789 imminebant,

117 2788 320 2830 ferendum
336 2786 593 2832 adducerent,
620 2784 663 2825 hi
677 2787 825 2840 quippe
839 2785 930 2826 cum
951 2785 1164 2841 Imperator
1182 2787 1420 2843 negligenter
1436 2802 1496 2830 res
1511 2788 1787 2833 administraret
1798 2818 1810 2838 ,
1837 2791 1878 2832 in
1896 2792 2223 2848 Mesopotamiam

116 2845 325 2889 irruerunt,
355 2842 448 2884 teste
465 2841 633 2889 Zozimo
651 2841 715 2881 lib.
734 2855 767 2881 1.
797 2842 898 2889 Πέρση
917 2841 937 2887 ³3
954 2839 1008 2876 τία)
1022 2841 1112 2877 Ασίαν
1127 2841 1268 2884 misma,
1294 2835 1350 2879 ‘rim‘
1362 2858 1392 2879 π
1409 2846 1505 2884 Μέσην
1519 2843 1766 2893 ‚commmodum
1780 2850 1808 2882 ’τε
1821 2851 1951 2895 ποταμῶν
1964 2873 1974 2889 ,
2000 2851 2024 2900 ιζ
2042 2850 2091 2884 ε’πί
2103 2851 2223 2894 Συφίωῡ

115 2896 270 2941 ,περὶ-ὅντες
284 2922 294 2937 ,
319 2897 403 2944 δέχῃ
423 2901 474 2934 τῆς
489 2895 657 2942 Ανποχρῖαὲ
669 2899 775 2933 ἀυτῆς.
807 2890 940 2943 Perfae
957 2890 1105 2931 veroin
1123 2890 1254 2944 Afiam
1268 2892 1403 2948 pedem
1420 2894 1634 2936 intulerunt
1649 2923 1663 2943 ,
1691 2902 1772 2937 tum
1788 2894 2100 2954 Mesopotamiam
2119 2904 2222 2942 exci-

115 2947 178 2987 dio
193 2947 350 2994 dantes,
377 2947 516 2986 tamin
531 2946 676 2999 Syriam
682 2945 986 3001 progredientes,
1012 2945 1067 2987 ad
1077 2946 1195 3001 ipstzm
1209 2949 1323 3004 usque
1330 2950 1595 2993 Antiochiam.
1622 2952 1768 2994 Mulier
1783 2954 1914 2995 turrita
1929 2958 1966 2995 &
1979 2955 2122 3004 velata,
2140 2958 2221 3000 Ge.

115 3003 203 3043 nius
220 3002 275 3043 est
298 3001 517 3044 Antiochiae
532 3001 635 3043 urbis
650 3028 664 3048 ,
692 3001 848 3043 solenne
870 3002 988 3057 ipfius
1006 3002 1234 3058 symbolum.
1277 3004 1341 3048 De
1359 3006 1491 3049 Ariete
1505 3006 1556 3050 ad
1572 3008 1663 3050 anni
1681 3009 1912 3064 principium
1930 3009 2144 3066 spectante,
2174 3025 2217 3056 ut

116 3058 157 3098 Sc
176 3057 226 3098 de
242 3058 344 3098 notis
368 3072 401 3098 s.
418 3071 453 3098 c.
472 3061 510 3098 &
526 3069 560 3097 Δ.
576 3071 615 3097 E.
633 3054 766 3112 paffim
783 3057 961 3100 diximus.

171 3134 255 3177 Hic
272 3146 443 3178 nummus
447 3138 583 3192 primae‘
597 3135 873 3193 magnitudinis
884 3148 955 3194 pro
972 3148 1057 3179 raro
1071 3137 1274 3191 notandusff

112 3772 262 3820 Eadem
275 3772 508 3835 epigraphe3
534 3787 651 3835 caput
665 3778 784 3821 idem:

116 3846 228 3877 Λττ.
258 3848 299 3874 K.
329 3847 360 3875 r.
389 3842 523 3875 orm.
554 3847 906 3878 rAAAOC.1<A1
936 3834 1385 3894 ororioTcxauocJ
1414 3838 1523 3884 can}
1558 3839 1692 3899 Caput
1708 3834 2055 3892 Gallilaureatum3
2081 3838 2199 3886 &ads

223 3888 373 3931 versum
389 3889 590 3933 Volusiani
605 3890 808 3935 radiatum.
1161 3896 1164 3897 ’
1559 3895 1567 3899 “
1680 3900 1685 3901 ’
1714 3900 1720 3902 ·
1793 3898 1810 3901 ’“
2195 3891 2198 3897 “

112 3951 136 4000 ξ
168 3944 276 3987 Tam.
303 3944 376 4001 IL
614 3946 622 3948 “
681 3948 684 3949 ’
798 3944 809 3947 ”
1321 3947 1403 4006 Dd
1430 3963 1456 4006 ἒ
2004 3959 2207 4010 aunei
