2574 4214
1018 196 1069 247 N
1172 195 1207 246 E
1315 197 1358 247 R
1464 196 1524 245 O.
2189 213 2204 246 1
2222 216 2243 246 κ
2255 215 2274 254 t

182 261 246 308 De
261 264 434 304 Neronis
453 264 493 304 in
511 263 699 306 Graeciam
718 260 1024 318 peregiinatione
1043 262 1174 304 audias
1191 265 1361 304 Dionem
1378 262 1439 304 lib.
1458 269 1522 316 63.
1541 274 1627 317 pag.
1646 273 1734 315 719.
1767 266 1815 301 τά
1829 277 1856 302 π
1872 268 1903 311 25
1920 268 2012 305 dna,
2027 268 2074 314 μὴ
2090 273 2277 309 amandam*

180 322 342 363 ἐκατὲρωπ
361 318 503 365 ἔπεμψεν·
530 323 555 354 ἐς
572 317 591 362 {yx
606 319 642 358 ὃν)
659 317 712 353 Aa}
729 319 844 352 Ξὶλαῖδω
858 319 1034 363 ἐπεραιώθη,
1058 322 1076 353 ἐ
1093 318 1120 353 ἠ’
1133 334 1161 365 7²
1177 321 1215 355 ὥς
1230 327 1439 365 ΦλαμινῖνΘ,
1465 321 1512 352 εἶδ’
1528 321 1565 354 ῶς
1583 317 1745 363 Μέμμιῦ4
1760 341 1770 357 ,
1794 319 1809 357 ἧ
1824 320 1871 362 &25
1888 323 2045 365 Αχίππρις
2059 320 2106 365 ,(9)
2124 322 2272 367 first-&⁴

180 379 206 406 οἱ
222 370 356 417 wrm
372 374 452 405 οἱυτέ
468 394 478 410 ‚
502 373 563 405 εἰη(
580 373 633 404 ἐπί
651 385 679 405 π
701 370 832 416 ἦνιοχῆσῆ
849 374 871 421 »5⁸7
889 371 1062 417 κιθαρωὸνῖστέ
1077 395 1087 411 ‚
1111 370 1217 417 κηρύξει
1235 386 1263 406 π
1280 375 1304 422 >3⁸7
1322 371 1491 417 qeoeycpdl‘ooe
1508 370 1673 411 ιζτιτκρλαή.
1712 367 1790 406 Sed
1804 367 1916 417 millis
1934 376 2089 422 utroque
2106 370 2274 422 explora-

179 425 322 467 toribus
338 451 351 470 ,
379 426 419 463 in
439 424 623 463 Graeciam
641 423 788 474 transiit
800 450 812 469 ‚
841 437 913 463 non
938 433 983 464 ut
1007 425 1165 480 majores
1183 425 1266 480 ejus
1276 424 1457 477 fecerant
1475 451 1487 470 ‚
1517 422 1753 462 Flamininus
1770 449 1782 467 ‚
1810 423 2020 461 M‘ummius
2036 449 2048 469 ‚
2077 424 2246 477 Agrippa
2258 451 2272 471 2

179 479 370 534 Augustus
384 498 398 523 ‚-
416 478 494 529 fi’d
507 487 552 517 ut
566 492 698 518 currus
712 480 876 533 agitaret
894 506 905 524 ‚
933 479 1084 520 cithara
1103 488 1252 519 caneret
1263 507 1274 525 ‚
1297 480 1481 533 praeconis
1497 477 1868 531 afficiofimgeretum
1897 475 1943 520 &J
1963 477 2167 531 tragoedl'ds
2181 493 2269 532 age-

178 544 246 574 ret.
276 534 422 587 Julium
440 533 660 586 Polyaenum
680 534 860 573 Corinthi
884 535 1181 576 Duumviratum
1206 533 1349 589 gestisse
1372 547 1418 573 ex
1439 533 1695 587 superioribus
1719 534 1886 572 nummis
1910 532 2203 578 annotavimus,
2233 536 2273 577 &c

176 589 334 642 quidem
351 602 438 629 cum
456 588 623 628 Claudio
640 589 791 642 Optato
805 589 949 645 collega
961 617 974 636 ,
1003 602 1045 630 ut
1063 604 1110 630 ex
1128 588 1261 630 iisdem
1278 589 1377 643 typis
1394 589 1442 628 ab
1460 601 1628 643 utroque
1644 585 1822 642 percussis
1839 588 2050 640 opinamur.

173 722 206 763 bo
229 667 312 760 Hi}
327 681 495 708 nummus
510 667 820 721 minimaeformae
831 693 843 714 ,
874 668 978 724 apud
990 667 1181 708 ‘Patinum
1198 667 1239 706 in
1256 666 1434 707 Suetonio
1449 677 1537 721 pag.
1559 680 1646 717 299.
1668 664 1851 719 vidgatus
1865 690 1877 711 ,
1904 666 2004 705 inter
2021 666 2179 706 rariores
2193 664 2270 717 colg

209 736 279 762 cau
293 736 361 762 ‚ua

168 1243 191 1270 c
201 1242 226 1268 o
238 1242 279 1268 R.
311 1236 346 1268 L.
373 1242 396 1268 c
407 1240 433 1267 A
448 1240 489 1267 N.
522 1240 547 1265 A
563 1240 588 1266 G
602 1240 631 1267 n
644 1241 658 1266 1
671 1241 692 1266 P
704 1240 725 1267 P
738 1239 779 1267 A.
814 1240 879 1270 A.E
891 1242 930 1269 D.
973 1226 1151 1268 Corinthi
1166 1254 1180 1275 ,
1218 1224 1369 1268 Lucius
1393 1226 1580 1267 Caninius
1604 1225 1778 1280 Agrippa
1807 1223 2003 1271 qAEclilis.
2048 1222 2264 1280 Templum

272 1295 438 1337 quatuor
452 1281 639 1323 columnis
653 1283 861 1324 suffultum.

214 1361 258 1402 L.
277 1360 464 1401 Caninius
481 1361 653 1416 Agrippa
671 1361 710 1401 in
729 1361 935 1402 AEdilitatis
950 1373 1109 1401 munere
1126 1387 1138 1406 ,
1168 1373 1250 1415 quo
1268 1359 1449 1401 Corinthi
1474 1358 1627 1399 functus
1642 1385 1654 1406 ,
1682 1372 1863 1399 nummos
1886 1358 2001 1398 etiarn
2025 1356 2064 1398 in
2085 1357 2263 1398 Neronis

159 1417 349 1458 honorem
366 1415 551 1469 percuffit.
592 1417 654 1457 De
674 1416 864 1457 AEdilium
881 1415 1013 1457 officio
1025 1443 1037 1462 ,
1066 1416 1164 1456 &iis
1184 1415 1358 1470 permista
1377 1414 1565 1455 cudendae
1582 1427 1747 1456 monetae
1767 1415 1948 1455 facultate
1964 1441 1976 1460 ,
2003 1413 2044 1452 in
2062 1414 2262 1468 Calaguri-

160 1472 257 1515 tanis
272 1471 419 1511 Tiberii
434 1472 599 1512 nummis
617 1473 769 1512 abunde
789 1473 933 1513 dictum
951 1472 1025 1512 est:
1054 1471 1144 1512 licet
1160 1473 1254 1512 vero
1271 1471 1340 1525 ipfi
1357 1470 1509 1511 AEdiles
1524 1470 1761 1524 magistratus
1778 1471 1948 1510 minores
1963 1468 2146 1508 ordinarii
2162 1483 2261 1522 quo-

152 1527 281 1572 ·tannis
297 1539 511 1567 crearentur
523 1555 534 1573 ‚
556 1542 637 1581 quo
655 1528 815 1582 quidem
833 1543 935 1568 anno
954 1528 1083 1567 cusum
1101 1527 1210 1567 fuisse
1226 1526 1330 1567 hunc
1342 1539 1565 1571 nummum,
1578 1524 1767 1565 affirmare
1784 1524 1938 1565 difficile
1953 1523 2116 1564 videtur.
2145 1523 2264 1564 Taci-

158 1595 218 1624 tus
235 1596 337 1622 anno
356 1582 407 1621 U.
420 1582 466 1622 C.
485 1585 572 1624 808.
595 1584 821 1637 potestatem
835 1583 1024 1623 AEdilium
1041 1584 1062 1622 a
1079 1582 1244 1623 Nerone
1261 1581 1469 1633 cohibitam
1493 1596 1536 1621 ac
1558 1580 1788 1620 diminutam
1814 1579 1928 1621 tradit
1951 1579 2089 1619 Annal.
2107 1578 2169 1618 lib.
2196 1593 2258 1632 13.

158 1638 338 1680 Cohibita
352 1637 498 1677 aradis
515 1637 562 1681 (ᾤ’
579 1638 805 1684 QAEdilium
815 1639 981 1693 potestas
993 1667 1004 1685 ,
1021 1639 1289 1693 statutumque.
1308 1643 1494 1693 quantum
1515 1637 1672 1676 Curules
1690 1664 1701 1682 ‚
1730 1644 1914 1691 quantum
1934 1634 2071 1674 Plebez·
2088 1636 2260 1689 pignoris
2310 1676 2323 1694 ,ἢ

157 1702 328 1755 caperent
340 1719 352 1738 ‚
381 1692 448 1731 vel
455 1704 574 1746 poenae
589 1696 806 1748 irrogarent.
846 1695 952 1734 Cum
970 1695 1063 1734 vero
1079 1695 1362 1734 circumventos
1380 1691 1516 1732 fraude
1531 1693 1579 1733 ab
1596 1691 1792 1732 AEdilibus
1810 1691 2013 1730 muletatos
2031 1688 2139 1729 fuiffe
2151 1716 2162 1735 ‚
2190 1703 2260 1743 pe-
2304 1692 2307 1695 ’

154 1762 385 1802 cumamque
410 1748 672 1789 muluatitiam
695 1750 875 1803 operibus
899 1749 1059 1803 publicis
1078 1749 1265 1789 faciundis
1281 1748 1511 1803 applicatam
1523 1775 1536 1794 ‚
1564 1761 1611 1788 ex
1628 1747 1740 1787 Livio
1757 1750 1796 1786 &
1811 1746 1893 1787 aliis
1908 1745 2152 1799 colligamu8‚
2180 1745 2258 1785 hoc

154 1804 341 1858 templum
359 1804 380 1842 a
398 1804 564 1844 Caninio
582 1804 702 1845 AEdili
722 1805 942 1846 mulstatitia
966 1805 1129 1860 pecunia
1151 1805 1397 1846 restauratum
1413 1830 1426 1850 ,
1455 1804 1507 1843 ob
1527 1802 1697 1857 superius
1718 1801 1890 1843 Neronis
1911 1802 1950 1841 in
1968 1798 2120 1841 AEdiles
2140 1800 2256 1840 statu-

154 1871 236 1902 tum
250 1887 262 1905 ,
290 1861 328 1899 in
346 1859 422 1898 hoc
441 1873 602 1900 nummo
619 1861 844 1912 conjetturae
859 1862 966 1901 locus
985 1861 1050 1901 est.
1090 1861 1153 1900 De
1170 1862 1335 1901 Caninia
1349 1870 1464 1914 gente
1481 1859 1628 1899 diuum
1642 1858 1697 1898 est
1713 1859 1752 1897 in
1767 1857 1945 1911 Augusto
1957 1884 1970 1903 ,
1997 1855 2048 1896 de
2066 1870 2143 1909 qua
2159 1869 2252 1896 con-

154 1915 231 1959 sule
250 1915 357 1954 Fulv.
373 1913 571 1954 Urlinum.
613 1917 784 1969 Agrippa
799 1930 1019 1969 cognomen
1037 1915 1172 1956 datum
1193 1917 1247 1956 est
1267 1915 1302 1955 ei
1321 1915 1496 1970 quicum
1514 1914 1645 1954 labore
1663 1912 1792 1953 matris
1811 1923 1924 1953 natus
1943 1911 1989 1952 fit
1996 1931 2010 1959 3
2036 1925 2084 1952 ex
2102 1923 2253 1965 praenog

153 1970 257 2014 mine
275 1969 435 2022 quidem
454 1970 494 2010 in
511 1984 731 2023 cognomen
746 1971 898 2011 transiit.

205 2046 289 2091 Hic
307 2061 479 2088 nummus
492 2050 638 2089 minimi
652 2047 790 2089 moduli
804 2051 904 2089 inter
919 2047 1119 2099 rariſjimos
1136 2045 1185 2091 όν
1201 2046 1485 2102 elegantiffi'mos
1499 2044 1785 2102 computanda&

957 2145 1445 2205 PATRUE.

146 2746 294 2778 NERO
325 2744 599 2773 cLAvnlvs
632 2741 862 2771 CAESAR.
898 2729 1032 2784 Caput
1047 2724 1221 2770 Neronis
1236 2728 1398 2770 nudum.

200 2804 223 2829 c
233 2804 258 2830 ο
270 2803 308 2828 L.
340 2801 382 2827 A.
415 2801 457 2826 A.
489 2802 510 2827 P
523 2801 550 2826 A
565 2801 589 2826 T
600 2800 642 2826 R.
675 2800 700 2825 x
711 2800 736 2825 x
749 2799 764 2824 1
777 2799 802 2824 1.
833 2785 988 2827 Colonia
1003 2785 1175 2841 Augusta
1189 2786 1292 2826 Aroe
1304 2782 1505 2835 Patreifis
1518 2782 1883 2837 vtgefimasecunda.
1913 2783 2057 2839 Aquila
2071 2780 2243 2840 legionaa

250 2844 305 2884 ria
320 2843 418 2883 inter
434 2841 515 2883 duo
532 2841 637 2898 figna
654 2841 837 2882 militaria.

193 2921 380 2962 Patrenfis
395 2921 564 2962 Colonia
581 2921 738 2960 Achaiae
755 2919 960 2973 provinciae
977 2919 1133 2960 Neroni
1146 2918 1337 2975 gratulans
1361 2917 1414 2959 ob
1429 2917 1514 2972 ejus
1530 2919 1551 2959 a
1569 2918 1738 2960 Claudio
1758 2918 2010 2974 adoptionem
2026 2946 2040 2967 ,
2067 2920 2238 2962 eundem

141 2989 275 3031 typum
294 2992 337 3017 ac
358 2976 525 3017 Claudio
542 2977 640 3030 patri
658 2975 846 3029 adoptivo
863 2974 1040 3029 percussit
1056 3002 1068 3021 ,
1096 2975 1262 3029 aquilam
1282 2973 1420 3016 scilicet
1436 2975 1682 3030 legionariam
1700 2976 1800 3016 inter
1820 2977 1901 3016 duo
1917 2975 2021 3031 figna
2040 2976 2236 3024 militaria,

138 3034 188 3072 ad
207 3032 486 3073 Veteranorum
502 3032 685 3087 Legionis
706 3030 896 3086 vigefimae
917 3031 1091 3071 secundae
1111 3031 1348 3086 primigeniae
1366 3031 1406 3070 in
1424 3032 1557 3071 urbem
1577 3031 1624 3071 ab
1643 3031 1822 3085 Augusto
1843 3031 2103 3072 “adustorum
2119 3032 2236 3087 origi-

138 3101 228 3128 nem
249 3088 502 3128 indicandam.
540 3088 731 3141 Legiones
747 3086 904 3127 nomina
920 3090 958 3126 ὅ(
975 3088 1208 3142 cognomina
1226 3088 1249 3126 a
1265 3086 1374 3127 variis
1394 3087 1594 3127 eventibus
1611 3086 1732 3127 indita
1748 3087 1966 3128 habuerunt
1981 3114 1993 3134 ,
2022 3097 2065 3127 ut
2079 3087 2234 3129 videtur

138 3143 349 3197 Onuphrio
363 3144 402 3183 in
420 3143 517 3197 Imp.
535 3143 653 3183 Rom.
672 3153 715 3183 ut
732 3142 892 3188 Prima,
910 3141 1101 3188 Secunda,
1122 3147 1161 3183 ὃς
1176 3143 1379 3196 deinceps,
1408 3141 1456 3181 ab
1475 3142 1521 3182 iis
1541 3142 1609 3197 qui
1627 3155 1688 3183 eas
1705 3142 1966 3189 instituerunt,
1995 3152 2037 3182 ut
2053 3142 2229 3197 Augusta

138 3201 178 3237 &
197 3199 427 3245 Claudiana,
448 3202 516 3239 δίε.
544 3198 603 3238 vel
621 3199 642 3238 a
659 3197 864 3251 provinciis
878 3196 1058 3244 devietis,
1086 3208 1130 3238 ut
1147 3197 1299 3238 Gallica
1315 3200 1354 3236 δε
1365 3197 1615 3237 Macedonica
1625 3218 1637 3244 5
1665 3197 1724 3237 vel
1741 3199 1763 3236 a
1779 3198 1872 3237 locis
1887 3197 1927 3238 in
1945 3197 2084 3250 quibus
2100 3198 2230 3251 primo

136 3253 312 3297 institutae
332 3253 417 3294 sunt
433 3281 445 3300 ,
474 3266 517 3294 ut
539 3253 680 3292 Italica
697 3256 735 3292 ὃς
751 3251 958 3302 Fretenst53
985 3263 1050 3292 aut
1066 3253 1088 3292 a
1104 3253 1191 3294 Diis
1207 3281 1220 3300 ‚
1248 3264 1291 3293 ut
1313 3252 1551 3307 Apollinaris
1571 3256 1609 3292 &
1628 3253 1828 3293 Minervia
1845 3272 1857 3299 5
1883 3253 1943 3292 vel
1963 3253 2160 3306 postremo
2177 3254 2230 3294 ab

135 3308 214 3351 aliis
231 3309 429 3349 eventibus
442 3335 453 3354 ,
482 3320 524 3348 ut
541 3308 700 3348 Gemina
718 3334 730 3354 ‚
760 3307 915 3347 ViHrix
934 3311 972 3347 &
987 3307 1240 3363 Primigenia.
1277 3307 1312 3348 F
1312 3319 1460 3350 ortunae
1474 3308 1709 3364 primigeniae
1725 3307 1912 3363 templum
1931 3307 2104 3350 inmolle
2123 3308 2226 3365 Qig

136 3360 241 3408 rinali
256 3363 364 3404 fuiffe
380 3362 493 3404 refert
509 3363 638 3403 Livius
652 3362 794 3403 Decad.
815 3375 848 3414 5.
865 3362 927 3402 lib.
947 3375 980 3415 5.

189 3441 271 3482 Hic
286 3455 454 3482 nummus
462 3441 639 3492 secundae
654 3442 928 3496 magnitudinis
942 3453 1051 3481 rarus
1067 3440 1126 3495 est.

187 4011 285 4054 Tam.
314 4011 347 4054 Ι.
498 3981 506 3983 -
1518 4009 1601 4066 Q
