2574 4214
190 777 225 805 c.
244 778 294 858 si
323 777 349 802 1.
384 777 406 802 c
418 776 443 802 o
459 776 504 803 R.
542 761 698 803 Colonia
717 761 827 803 Laus
841 761 959 815 Julia
975 764 1194 804 Corinthus.
1230 764 1372 818 Figura
1389 763 1556 805 tunicata
1572 762 1698 818 capite
1713 760 1860 804 radiato
1876 761 2072 818 gradiens,
2102 761 2236 815 dextra

276 832 421 873 agrum.

185 897 329 952 Figura
349 897 524 952 gradiens
541 895 683 937 radiata
698 923 710 944 ,
740 897 804 938 Sol
824 897 878 938 est
898 897 1031 938 dextra
1051 911 1188 951 gerens
1210 897 1386 952 flagrum.
1423 897 1488 938 De
1509 897 1606 938 Solis
1625 895 1730 938 cultu
1747 894 1852 950 apud
1873 894 2101 936 Corinthios
2118 897 2157 936 in
2174 895 2239 943 M:

133 953 292 994 Aurelio
312 954 471 1008 egimus.
507 952 553 992 In
572 952 655 1005 ejus
675 953 792 994 tutela
809 953 1113 994 Acrocorinthus
1129 952 1269 994 dicitur
1287 953 1393 1009 apud
1407 952 1629 994 Pausaniam
1648 952 1712 993 lib.
1730 966 1763 993 z.
1783 952 1880 993 Solis
1896 951 2041 992 diversa
2058 951 2238 995 videntur

131 1009 207 1049 effe
223 1008 439 1054 simulacra,
465 1007 694 1048 Occidentis
712 1008 888 1049 meminit
905 1008 926 1048 1.
946 1022 1007 1048 10.
1025 1023 1061 1063 p.
1075 1014 1168 1062 643.
1200 1012 1285 1049 Δάας
1299 1013 1328 1047 τὲ
1345 1015 1440 1053 mlx,
1467 1016 1491 1065 »ὲ
1509 1011 1637 1048 Διόνυσός
1651 1011 1698 1051 τὲ,
1717 1015 1740 1062 >g
1759 1014 1793 1045 us*
1807 1020 1951 1059 γιωαῑιιες
1966 1013 2003 1045 αἱ
2020 1014 2167 1050 eurota,
2192 1009 2237 1047 m*

127 1065 183 1114 μῑζδ
197 1066 234 1106 δέ
251 1067 402 1110 wo‘ww
417 1068 516 1102 ἀντῶν
534 1070 681 1109 mmor&
697 1069 838 1112 nquloae
851 1066 986 1113 μοθητῆς
1001 1068 1181 1113 Καλάμιδός
1196 1074 1249 1106 {m
1265 1068 1480 1116 ὲςμπὶμὶζυθ.
1518 1063 1587 1105 Sol
1601 1064 1788 1105 Occidens
1800 1091 1812 1111 ,
1842 1064 1961 1105 Liber
1983 1064 2112 1105 ‘Pater
2124 1091 2136 1111 ‚
2152 1064 2233 1118 fre*

128 1119 240 1158 minae
253 1131 337 1174 quae
354 1116 542 1171 Thyiades
562 1119 762 1159 dicuntur:
791 1119 922 1159 horum
940 1121 1103 1159 omnium
1106 1118 1295 1175 signorum
1308 1134 1374 1161 ora
1390 1120 1603 1161 elaboravit
1619 1119 1861 1172 Athenienſss
1880 1119 2059 1161 ‘Praxias
2069 1120 2238 1160 Calami-

127 1173 188 1213 dis
203 1174 415 1227 discipulus.
443 1173 616 1215 Orientis
631 1176 759 1230 imago
775 1175 902 1229 capite
916 1175 1064 1216 radiato
1079 1189 1168 1215 cum
1186 1175 1310 1232 flagro
1326 1177 1366 1216 in
1378 1177 1546 1217 nummis
1563 1173 1745 1230 frequens
1757 1177 1941 1225 occurrit,
1969 1176 2122 1231 qualem
2132 1171 2238 1230 apud

126 1228 387 1283 Heliopolitas
405 1231 519 1284 Syriae
538 1243 728 1272 memorat
745 1230 971 1271 Macrobius
991 1245 1022 1270 1.
1041 1231 1189 1272 Saturn.
1220 1232 1472 1272 Simulacrum
1492 1233 1591 1272 enim
1614 1243 1767 1271 aureum
1782 1233 1909 1285 Jp'ecie
1936 1231 2095 1272 imberbi
2121 1231 2238 1283 instat

127 1285 267 1325 dextrd
282 1285 436 1326 elevato&
451 1286 667 1342 cumflagro
682 1288 724 1326 in
742 1287 882 1341 aurigae
897 1287 1056 1326 modum:
1094 1287 1238 1327 Forsan
1257 1287 1322 1328 Sol
1339 1286 1483 1327 Oriens
1500 1288 1538 1328 in
1555 1285 1633 1326 hoc
1651 1286 1744 1328 Veri
1760 1300 1924 1328 nummo
1941 1301 2029 1328 cum
2045 1287 2168 1341 flagro
2185 1286 2241 1327 al«,

126 1339 259 1381 ludere
275 1339 427 1382 videtur
438 1341 665 1396 Imperatori
680 1340 729 1382 ad
746 1341 908 1382 Parthos
927 1355 974 1383 ex
986 1341 1160 1382 Orientis
1175 1342 1383 1396 provinciis
1403 1341 1654 1396 depellendos
1670 1343 1920 1397 properanti,
1948 1343 2040 1384 nulli
2055 1344 2159 1384 enim
2176 1354 2236 1402 [γρ

127 1395 168 1452 pi
184 1396 224 1436 in
241 1398 407 1438 nummis
423 1397 502 1438 fine
516 1398 645 1445 causa,
675 1406 762 1452 quae
782 1397 894 1438 nobis
909 1408 1089 1438 arcanum
1100 1423 1112 1444 ,
1141 1396 1398 1452 fignabantur.

182 1474 266 1516 Hic
284 1489 456 1517 nummus
461 1476 641 1529 ficundae
658 1475 932 1530 magnitudinis
952 1477 1054 1516 inter
1068 1476 1229 1516 rariores
1244 1474 1485 1530 reponendus.

179 2044 216 2072 c.
247 2043 284 2070 L,
314 2044 343 2070 1.
374 2045 396 2071 c
409 2045 434 2071 ο
448 2046 490 2072 R.
531 2031 687 2073 Colonia
705 2032 817 2073 Laus
833 2031 949 2085 Julia
969 2032 1187 2074 Corinthus.
1224 2033 1365 2090 Figura
1384 2034 1530 2090 ignuda
1551 2034 1676 2090 capite
1692 2034 1843 2078 radiato
1866 2034 1907 2075 in
1926 2049 2038 2077 curru
2064 2045 2231 2091 quatuor

232 2085 312 2140 agit
325 2098 451 2140 equos
466 2113 480 2134 ,
507 2086 640 2128 dextra
657 2087 831 2143 flagrum.

175 2163 241 2215 De
256 2163 355 2218 Solis
364 2164 489 2219 >statua
505 2166 546 2206 in
561 2179 691 2212 curru,
709 2163 893 2206 Corinthi
909 2164 1119 2206 Lechaeum
1136 2165 1264 2206 versus
1280 2165 1391 2220 supra
1407 2167 1635 2208 vestibulum
1653 2160 1778 2210 locata
1789 2195 1802 2216 ,
1830 2169 1921 2210 vide
1937 2169 1977 2210 in
1995 2168 2055 2210 M.
2073 2170 2232 2213 Aurelio

120 2219 207 2276 pag.
229 2223 319 2260 261‘.
333 2220 404 2274 cui'
417 2220 641 2276 Imperatori
662 2218 820 2262 fimilem
837 2230 1040 2261 nummum
1060 2220 1252 2263 cuderunt
1270 2221 1492 2264 Corinthii:
1521 2222 1656 2265 verum
1674 2235 1717 2266 ut
1733 2224 1864 2266 Solem
1880 2225 2121 2282 gradientem
2139 2240 2232 2270 cum

122 2274 266 2332 flagro,
285 2270 343 2331 “ad
358 2276 402 2317 L.
413 2271 564 2319 Verum
575 2272 738 2332 Parthos
758 2272 957 2333 fugantem
973 2275 1142 2317 alludere
1159 2275 1332 2332 suspicati
1350 2278 1466 2320 fimus
1478 2307 1491 2326 ,
1518 2279 1571 2321 ita
1589 2277 1655 2322 Sol
1673 2280 1880 2338 quadrigas
1896 2295 2038 2338 agens,
2066 2283 2106 2323 in
2124 2295 2232 2325 utro-

119 2339 199 2387 que
214 2328 450 2387 Imperatore
463 2332 574 2375 cusus
589 2333 719 2375 referri
734 2333 888 2388 videtur
905 2333 956 2374 ad
973 2346 1109 2374 eorum
1125 2333 1175 2375 de
1184 2333 1350 2384 Oriente
1368 2333 1630 2391 triumphum,
1657 2336 1766 2391 quafi
1779 2351 1850 2393 per
1861 2352 1930 2380 eos
1941 2338 2083 2380 Oriens
2097 2339 2229 2380 trium-

120 2384 265 2445 phare-t.
300 2388 364 2444 De
379 2389 576 2445 utriusque
593 2389 756 2446 Augusti
778 2389 977 2444 triumpho
999 2387 1170 2443 loquitur
1191 2389 1440 2445 Capitolinus
1463 2392 1504 2432 in
1523 2391 1602 2433 vita
1615 2391 1756 2434 Marci.
1794 2392 1997 2450 Petiitque
2015 2393 2164 2435 Lucius
2178 2402 2231 2436 ut.

107 2443 242 2495 ficum
257 2440 416 2486 Marcus
433 2447 691 2502 triumpharet.
729 2445 780 2486 Et
796 2444 912 2498 paulo
925 2444 1030 2500 post:
1057 2443 1109 2485 In
1127 2445 1317 2501 triumpho
1331 2455 1463 2488 autem
1477 2446 1613 2489 liberos
1623 2447 1756 2490 Marci
1770 2449 2227 2506 utriussquesbxussbcum

121 2509 320 2540 vexerunt.
371 2502 435 2543 Sol
466 2515 583 2556 caput
614 2502 711 2557 gerit
741 2501 929 2542 radiatum
947 2528 959 2547 ‚
995 2512 1040 2542 ut
1063 2500 1230 2542 diximus
1246 2528 1259 2550 ,
1295 2501 1401 2545 unde
1424 2503 1585 2559 Apollo'
1599 2503 1724 2547 distus
1751 2504 1807 2546 est
1821 2533 1835 2553 ,
1871 2517 1915 2548 ut
1939 2505 2050 2548 Plato
2078 2506 2204 2549 scribit
2210 2533 2225 2559 ὃ

121 2557 182 2592 επὶ
198 2557 219 2597 ξ
235 2558 345 2594 min-«m
360 2560 412 2597 πὲς
428 2563 563 2600 «ἰκτίνοις,
593 2558 670 2598 hoc
686 2557 761 2603 est,
788 2557 812 2597 a*
817 2556 1034 2610 jaculando
1049 2555 1187 2597 radios.
1336 2564 1338 2566 ’

175 2632 257 2674 Hic
272 2649 443 2675 nummus
447 2634 610 2688 ficundi
629 2634 676 2680 ῤ’
691 2636 839 2676 minimi
857 2633 998 2675 moduli
1012 2633 1156 2675 obvius,

171 3216 206 3243 c.
238 3216 274 3242 L.
305 3213 331 3240 1.
361 3214 471 3242 COR.
503 3194 658 3241 Colonia
677 3194 790 3243 Laus
807 3200 924 3256 Julia
944 3203 1158 3245 Corinthus.
1188 3190 1405 3247 Mercurius
1422 3204 1577 3253 stdens,
1604 3204 1737 3247 dextr&
1751 3202 1923 3251 extensa,
1941 3201 2084 3244 finistra
2097 3203 2213 3246 caduss

224 3269 336 3298 ceum
345 3282 358 3303 ,
385 3271 458 3312 pro
474 3256 637 3311 pedibus
653 3258 759 3299 aries.

142 3331 275 3387 JIdem
292 3331 477 3388 Mercurii
494 3347 607 3390 typus
620 3327 699 3389 j'am
720 3336 757 3376 in
774 3335 835 3376 M.
850 3335 1011 3378 Aurelio
1028 3332 1191 3392 prodiit,
1221 3338 1272 3380 de
1289 3339 1400 3393 cujus
1419 3339 1540 3381 statua
1555 3339 1712 3390 sedente
1727 3339 1767 3379 in
1778 3338 1840 3379 via
1851 3339 1928 3392 qua
1940 3338 1989 3379 ad
1999 3337 2208 3384 Lechaeum·

109 3390 185 3444 itur
197 3391 277 3446 jam
295 3391 380 3442 satis
395 3391 585 3444 diximus,
615 3404 657 3433 ut
673 3392 722 3433 de
737 3392 820 3444 ejus
838 3392 984 3446 templo
1000 3393 1041 3438 in
1057 3393 1146 3435 foro
1162 3396 1373 3443 exstrusto,
1400 3396 1510 3449 cujus
1525 3396 1677 3436 iconem
1694 3395 1734 3434 in
1751 3394 1955 3435 Antonino
1970 3394 2040 3435 Pio
2057 3409 2095 3450 p.
2117 3410 2203 3449 172.

108 3447 347 3500 protulimus.
367 3446 485 3501 Juxta
502 3447 740 3488 Mercurium
753 3448 908 3489 arietem
923 3447 1153 3491 collocatum
1167 3451 1282 3492 tradit
1298 3450 1517 3497 Pausanias,
1545 3449 1655 3504 quod
1670 3450 1733 3490 ille
1751 3461 1888 3503 praeter
1902 3449 2070 3505 reliquos
2079 3451 2203 3500 Deos,

109 3515 239 3547 curare
254 3503 428 3556 Pastores
436 3530 451 3555 2
480 3507 519 3543 &
530 3504 675 3558 opibus
689 3518 828 3559 augere
842 3502 1037 3550 videatur,
1059 3506 1163 3546 unde
1179 3505 1303 3548 diuus
1319 3507 1375 3548 est
1389 3506 1433 3546 N
1437 3508 1582 3552 omnm,
1609 3505 1808 3547 Pastorum
1829 3505 1939 3548 Deus
1961 3525 1976 3554 3
2002 3506 2203 3557 Hesiodus

107 3556 213 3597 illum
230 3557 268 3598 in
284 3552 521 3614 Theogonia
540 3567 628 3600 cum
646 3560 797 3600 Hecate
817 3559 969 3600 stabulis
987 3559 1174 3613 praefuiss'e
1193 3571 1328 3602 narrat.

479 3625 482 3627 '
570 3614 665 3654 Εοθλῆ
681 3616 720 3657 δῖ]
735 3619 766 3650 ὂν
781 3615 908 3661 satophoim
923 3615 980 3649 σω)
996 3620 1078 3663 Εςμῇ
1090 3618 1168 3655 ληΐδ’
1184 3618 1294 3658 οἰὲξειν,

568 3665 713 3702 ’Βειφλῖως
727 3666 752 3698 τ’
766 3666 886 3709 ἀγέλαις
900 3663 946 3703 τὲ,
970 3662 1018 3709 3(ᾳῆ
1034 3661 1157 3698 minianu
1171 3667 1284 3700 πλατέ’
1298 3667 1392 3710 aiyczv
1405 3691 1414 3703 ,

570 3715 698 3758 Ποίμνως
713 3715 738 3747 τ’
753 3711 891 3756 εἰροπέκων
907 3714 937 3757 y'
953 3715 1034 3751 ὀΐων,
1057 3715 1142 3758 θυμῷ
1155 3727 1183 3759 γ
1198 3713 1319 3753 finum.

108 3757 201 3799 Hoc
216 3758 270 3799 est
281 3785 294 3806 ,
322 3769 365 3801 ut
382 3759 637 3802 Mombricius
657 3760 957 3801 Mediolanenfis
973 3760 1142 3802 reddidit
1156 3761 1260 3813 apud
1277 3761 1417 3802 Lilium
1436 3761 1637 3802 Giraldum
1656 3762 1796 3819 syntag.
1815 3777 1855 3814 9.
1868 3777 1953 3819 pag.
1975 3776 2066 3817 203.

569 3816 687 3871 Qid
700 3815 804 3871 quod
817 3816 1008 3855 Mercurio
1027 3829 1144 3855 comes
1161 3817 1216 3861 it,
1229 3815 1464 3873 stabulisque
1479 3817 1641 3870 capellas
1652 3844 1665 3864 ‚

567 3873 867 3928 Armentumque
870 3870 994 3926 ferax
1005 3898 1017 3918 ,
1048 3869 1096 3915 (sy
1112 3883 1202 3911 oves
1218 3885 1351 3926 augere
1361 3882 1564 3928 putantur.

159 3944 242 3987 Hic
257 3958 426 3988 nummus
428 3947 607 4000 ficundae
621 3950 918 4004 magnitudinis,
934 3960 992 4004 ap.
1006 3950 1198 3991 Patinum
1204 3960 1296 4005 pag.
1316 3965 1331 3990 2
1346 3956 1406 4001 56.
1426 3951 1608 4005 vulgatus
1618 3979 1629 3998 ‚
1647 3966 1712 3992 nec
1729 3965 1836 3992 rarus
1853 3964 1918 3990 nec
1934 3949 2068 3991 obvius
2084 3949 2141 4004 est
