2491 4219
730 113 1014 162 ALEX.
1097 113 1581 166 SEVERUS.
2114 120 2206 172 iti-'1

127 179 323 236 'provincia
333 207 343 226 ‚
376 179 468 221 ficut
484 181 521 221 in
537 180 617 222 aliis
631 180 830 236 proximis,
859 179 1102 235 Metropoles
1117 181 1337 222 constitutas
1352 183 1426 223 effe
1441 183 1733 231 crediderimus,
1760 183 1877 226 unam
1892 186 1946 226 cis
1954 184 2212 240 Euphratem,

129 235 282 276 alteram
302 248 401 275 trans
418 237 602 283 fluvium,
630 237 737 290 quod
753 235 977 276 confirmare
994 236 1144 276 videtur
1160 237 1281 283 littera
1300 251 1338 276 A.
1356 238 1396 277 in
1412 252 1495 278 area
1512 241 1678 288 nummi,
1706 254 1821 294 quam
1838 241 2071 295 interpretati
2084 241 2212 282 sumus

129 293 260 333 vredm,
290 304 332 331 ut
350 292 386 330 in
404 292 608 331 Carrhenis
625 304 659 331 Δ.
676 305 746 346 pro
763 294 925 339 δώτέςᾳς,
956 305 1036 332 non
1052 291 1165 332 semel
1185 292 1486 339 observavimus,
1514 295 1638 334 Emisa
1658 296 1816 349 quidem
1842 297 1962 350 prima
1978 296 2212 350 Metropolis

128 346 350 391 constituta,
378 347 534 386 Carrhoe
556 347 648 386 vero
675 346 784 392 urbs,
813 345 987 386 secunda.
1040 347 1184 387 Mulier
1209 349 1359 393 turrita,
1388 349 1537 388 Genius
1561 350 1662 390 urbis
1686 351 1739 390 est
1768 371 1780 397 ·,
1809 351 1927 405 spicas
1954 350 2003 391 ad
2027 350 2210 392 frumenti

128 400 398 441 abundantiam
423 401 460 440 in
487 400 586 440 bello
610 399 868 441 denotandam
896 414 1012 444 tenet.
1052 401 1171 442 Arula
1190 402 1326 457 ignita,
1354 401 1526 444 sacrificia
1549 418 1620 459 pro
1639 405 1748 446 Alex.
1766 406 1907 447 Severo
1922 405 2045 449 forsan
2062 407 2102 447 in
2116 412 2210 463 agro

127 455 196 497 suo
214 455 391 496 Parthico
412 466 624 509 perpetrata
644 455 836 510 significat.

181 533 264 572 Hic
279 546 450 572 nummus
468 532 660 572 mediocris
681 532 981 588 magnitudinis,
1006 534 1056 574 ab
1072 533 1138 575 Ill.
1157 533 1379 588 Spanhemio
1394 535 1434 573 in
1449 534 1600 588 Julian.
1618 537 1724 590 Caeffi
1731 548 1822 593 pag.
1840 544 1906 591 96.
1922 539 2126 593 vulgatus,
2151 539 2210 591 inf

127 596 186 631 ter
203 587 397 640 rarffmos
411 588 648 644 reponendm.

115 1260 152 1303 ‘A
165 1264 191 1300 ‘s
202 1264 238 1300 τ.
270 1275 311 1301 K.
342 1270 390 1299 M.
421 1272 447 1298 A
459 1271 484 1300 Υ
496 1272 527 1299 P.
561 1273 587 1298 A
602 1270 627 1298 Λ
641 1273 664 1298 E
675 1270 696 1298 Ξ
707 1272 732 1298 Α
746 1271 777 1297 N
790 1266 813 1295 Δ
824 1271 845 1298 P
858 1271 883 1297 o
897 1272 930 1299 c.
960 1259 1093 1313 Caput
1111 1260 1218 1301 Alex.
1237 1260 1365 1301 Severi
1379 1253 1598 1303 laureatum.
2156 1301 2158 1304 .

113 1312 120 1319 ⁵
175 1324 202 1358 ’Σ
213 1330 281 1356 En.
314 1330 339 1355 1<
354 1330 379 1354 o
392 1328 418 1353 A
430 1327 465 1353 Ω.
498 1328 527 1354 N
541 1329 565 1353 E
581 1329 602 1354 c
615 1329 630 1354 1
641 1329 663 1354 B
676 1327 701 1354 1.
731 1318 884 1363 Σετῆιμίοις
897 1321 1041 1356 Κολωνίας
1058 1320 1172 1354 Νέωᾷι.
1200 1317 1332 1370 Caput
1349 1317 1524 1358 turritum
1541 1321 1580 1357 δε
1595 1315 1781 1365 velatum,
1796 1317 1836 1358 in
1852 1312 2079 1372 quibusdam
2096 1317 2208 1359 Aries

233 1371 272 1410 in
285 1371 436 1412 vertice.

172 1449 329 1489 Nefibis
350 1450 437 1489 urbs
456 1447 768 1502 Mesopotamiae,
801 1448 967 1489 Colonia
984 1449 1004 1488 a
1021 1448 1207 1501 Septimio
1223 1448 1384 1495 Severo,
1411 1460 1455 1490 ut
1476 1449 1665 1503 Septimiae
1682 1449 1798 1503 ipfius
1812 1451 1936 1505 gentis
1952 1449 2095 1491 nomen
2109 1449 2208 1490 indi-

118 1510 200 1550 cat,
229 1504 392 1544 dedufila
410 1504 483 1549 est,
514 1503 562 1543 de
579 1517 656 1556 qua
671 1504 710 1542 in
731 1504 822 1554 lu'lia
837 1503 953 1543 Paula
970 1504 1115 1543 distum
1132 1504 1193 1544 est.
1223 1504 1268 1543 N
1271 1503 1455 1544 efibenses
1475 1505 1579 1545 Alex.
1595 1505 1759 1553 Severo,
1788 1518 1830 1545 ut
1847 1506 1908 1545 alii
1919 1504 2209 1558 provinciaesuae

118 1560 285 1606 Coloni,
314 1559 563 1613 gratulantes,
590 1558 699 1611 quod
715 1560 754 1598 in
773 1558 1095 1612 Mesopotamiam
1110 1558 1160 1598 ad
1176 1559 1414 1612 repellendos
1431 1559 1558 1600 Persas
1574 1560 1751 1607 venisset,
1780 1574 1960 1600 nummos
1974 1560 2042 1614 ipfi
2059 1559 2209 1614 percus-

115 1615 270 1661 serunt-,
298 1616 347 1654 de
371 1629 452 1667 quo
480 1612 608 1653 Rufus
634 1613 672 1652 in
701 1614 904 1654 Breviario.
941 1614 1124 1654 Aurelius
1143 1613 1388 1660 Alexander,
1415 1614 1621 1669 quasifato
1635 1615 1794 1670 quodam
1809 1618 1851 1655 in
1865 1616 2028 1655 exitium
2045 1614 2207 1664 ‘Perficae

104 1672 238 1723 gentis
257 1679 373 1709 natus
382 1696 393 1715 ,
414 1669 575 1722 juvenis
591 1668 789 1708 admodum
803 1669 970 1708 Romani
981 1669 1240 1723 gubernacula
1253 1668 1419 1722 suscepit
1435 1670 1599 1723 Imperii.
1629 1670 1713 1724 lpse
1727 1670 1933 1722 Persarum
1948 1671 2088 1725 Regem
2103 1669 2208 1709 nobi-

112 1723 282 1774 ltffimum
298 1724 561 1763 Artaxerxem
575 1725 684 1762 vicit.
716 1725 847 1776 Caput
864 1723 1046 1764 muliebre
1061 1724 1235 1764 turritum
1247 1751 1258 1769 ,
1288 1724 1437 1764 Genius
1456 1726 1512 1765 est
1529 1726 1631 1766 urbis
1652 1745 1665 1772 3
1693 1726 1857 1766 turribus
1887 1736 2075 1774 ornatur,
2091 1737 2135 1765 ut
2150 1725 2208 1764 in-

111 1791 171 1820 ter
193 1779 396 1833 provinciae
420 1780 613 1832 primarias
639 1779 864 1825 constituta,
894 1779 1083 1833 siquidem
1100 1793 1182 1820 eam
1204 1779 1427 1821 Plutarchus
1445 1781 1484 1820 in
1500 1780 1661 1822 Lucullo
1678 1795 1762 1835 pag.
1792 1794 1880 1832 514..
1903 1794 2079 1834 magnam
2099 1778 2209 1820 fuisse

113 1838 154 1874 &
176 1834 400 1889 populosam
418 1834 525 1874 dixit.
562 1837 615 1873 Kal
630 1837 705 1871 πάλιν
722 1842 752 1873 εν
767 1840 846 1885 azur?
860 1837 1000 1884 μεγίλίω
1019 1841 1042 1888 ²}
1060 1838 1279 1885 πλυοίνθςωπυν
1297 1840 1420 1885 ἔχων).
1455 1836 1505 1876 In
1523 1851 1597 1891 qna
1613 1836 1701 1875 urbs
1718 1836 1875 1876 Nefibis
1889 1836 2014 1890 ampla
2030 1835 2078 1879 ό
2087 1845 2206 1890 popu-

111 1889 190 1940 losa
213 1898 303 1929 erat.
338 1889 445 1929 Aries
469 1889 579 1942 supra
603 1903 718 1944 caput
739 1891 789 1930 ad
810 1890 923 1931 Veris
941 1891 1238 1946 AEquinoffitium
1253 1892 1423 1946 speEtare
1438 1891 1609 1939 videtur,
1636 1905 1718 1946 quo
1733 1891 1966 1933 Nefibenses
1981 1905 2125 1933 annum
2142 1890 2206 1943 ing

111 1945 325 1992 choabant,
352 1945 412 1984 alii
428 1945 476 1984 ab
492 1947 695 1985 Autumno
707 1946 965 1987 ordiebantur.

163 2022 248 2064 Hic
264 2037 433 2066 nummus
435 2023 598 2076 secundi
611 2023 750 2065 moduli
762 2026 862 2066 inter
876 2026 1036 2066 rariores
1049 2022 1294 2066 collocandas.

936 2126 1380 2170 PELLA.

109 2678 175 2722 iivi
187 2683 220 2717 Ρ.
254 2692 289 2716 c.
321 2684 370 2716 Μ.
403 2689 430 2714 A
442 2681 521 2715 VR.
553 2682 572 2714 s
586 2689 609 2714 E
623 2688 661 2715 v.
692 2687 719 2714 A
733 2687 758 2715 L
770 2688 793 2714 Ε
806 2680 867 2714 xA
882 2688 961 2716 No.
993 2689 1020 2715 A
1038 2688 1062 2715 v
1076 2690 1112 2716 G.
1143 2676 1275 2729 Caput
1292 2675 1349 2716 M.
1369 2675 1514 2717 Aurelii
1528 2674 1747 2719 laureatum.

167 2749 190 2774 c
200 2748 226 2774 o
238 2748 272 2772 L.
307 2746 332 2772 A
347 2745 374 2769 v
386 2745 426 2770 G.
458 2744 479 2769 Ρ
492 2745 516 2769 E
527 2745 552 2770 L
565 2745 590 2770 L
605 2744 644 2769 A.
673 2729 812 2784 Figura
839 2730 954 2770 virilis
985 2731 1090 2771 nuda
1113 2732 1270 2786 rupibus
1295 2731 1461 2774 infidens
1473 2759 1485 2780 ,
1512 2732 1645 2774 dextra
1669 2746 1851 2775 coronam
1877 2735 1992 2789 capiti
2008 2736 2173 2792 imponit
2179 2743 2197 2789 ,¹

218 2788 311 2828 laeva
332 2786 497 2841 pedum,
522 2785 632 2839 juxta
648 2799 733 2826 eam
752 2785 872 2826 fistula
890 2787 1115 2841 campestris.

161 2866 263 2907 Pella
279 2865 367 2905 urbs
384 2863 647 2911 Macedoniae,
675 2865 842 2905 Colonia
863 2865 884 2904 a
896 2865 1003 2919 Julio
1020 2864 1224 2906 constituta
1243 2865 1319 2912 est,
1346 2875 1390 2906 ut
1405 2865 1614 2920 superiores
1631 2868 1779 2908 nummi
1794 2882 1882 2908 cum
1900 2868 2021 2921 Juliae
2036 2873 2196 2914 nomine

105 2921 295 2967 indicant,
323 2924 360 2960 ὅ(
387 2921 434 2961 ab
464 2920 637 2974 Augusta
663 2921 827 2960 Colonis
852 2921 990 2962 iterum
1016 2921 1276 2975 frequentata,
1304 2932 1347 2961 ut
1374 2922 1554 2976 Angnstae
1577 2923 1787 2977 epigraphe
1811 2923 1979 2965 denotat.
2006 2926 2197 2970 Pellenses

105 2978 217 3021 Alex.
235 2977 376 3020 Severo
391 2976 440 3021 ad
457 2975 596 3015 bellum
614 2976 830 3016 Parthicum
846 2989 915 3029 per
930 2975 1203 3017 Macedoniam
1221 2976 1328 3016 eunti
1343 2989 1547 3024 nummos,
1576 2978 1776 3019 Dienfium
1803 2978 1971 3031 ejusdem
1987 2976 2195 3034 provincia:v

105 3032 283 3085 exemplo
303 3059 313 3077 ‚
343 3030 542 3072 cuderunt.
578 3031 825 3072 Herodianus
847 3031 952 3071 illum
972 3046 1040 3086 per
1059 3031 1222 3085 Illyriam
1244 3030 1506 3085 transgressum
1527 3045 1714 3074 memorat
1735 3034 1794 3074 lib.
1820 3039 1855 3075 6.
1874 3049 1956 3090 pag.
1979 3049 2068 3088 579.
2102 3042 2194 3077 Μεπὲ

103 3091 196 3124 ,κωλῆς
213 3087 244 3120 δὲ
261 3088 368 3123 masolio
382 3084 578 3130 ποιησάμῇᾢι
595 3084 649 3120 σία)
663 3084 789 3132 mpeiow,
812 3086 850 3119 πί
865 3101 893 3121 τε
909 3087 1047 3128 Ιᾶκνϋκά
1061 3087 1130 3125 ’ἔθνη
1147 3089 1170 3135 ιζ,
1187 3085 1349 3131 ςροντίπϊδτ»
1365 3087 1516 3127 ἐπλθῶν,
1541 3088 1672 3125 firmis-lm
1689 3102 1718 3123 π
1733 3089 1863 3135 sudalam
1879 3092 2006 3134 κᾴκέῐθεν
2023 3094 2194 3139 affigamus-‚l

100 3142 140 3176 εἰς
157 3138 209 3173 τίω
226 3138 392 3183 Ανπόχειαω
407 3141 544 3183 azolum.
573 3135 759 3174 Caeterum
761 3134 946 3187 festinato
962 3137 1116 3179 itinere,
1147 3148 1230 3173 cum
1248 3134 1424 3186 Illyricas
1438 3139 1553 3176 etiam
1560 3145 1695 3191 gentes
1708 3139 1966 3192 exercitufiJue
1980 3139 2164 3194 lustraffit
2174 3166 2191 3186 ,

99 3194 248 3246 magnis
270 3191 357 3230 inde
379 3204 518 3245 quoque
534 3189 684 3229 viribus
705 3189 888 3236 collecta,
916 3188 1165 3229 Antiochiam
1185 3189 1390 3230 contendit.
1429 3191 1609 3247 Figuram
1627 3192 1789 3245 scopulis
1803 3193 2028 3234 insidentem
2045 3196 2085 3236 in
2103 3196 2189 3240 fere

98 3247 209 3290 fimili
229 3246 417 3286 Hadriam
432 3259 593 3284 nummo
611 3244 829 3298 Apollinem
843 3244 1015 3299 augurati
1031 3244 1157 3284 sumus
1173 3245 1225 3286 ob
1241 3245 1324 3298 ejus
1339 3246 1545 3299 imaginem
1560 3247 1599 3286 in
1617 3247 1719 3287 urbis
1738 3247 1848 3286 Pella:
1863 3248 2150 3295 numismatibus
2163 3255 2188 3296 εἴ

97 3303 262 3343 Goltzio
285 3302 324 3341 in
347 3300 436 3340 Afia
461 3300 557 3339 Min.
579 3299 653 3339 tab.
681 3312 742 3352 23.
764 3313 866 3338 num.
893 3314 925 3339 2.
943 3299 1146 3353 vulgatam.
1176 3300 1320 3354 Apollo
1340 3300 1495 3342 diverfis
1515 3302 1639 3342 modis
1659 3301 1896 3355 depingitur,
1926 3318 2013 3346 cum
2033 3321 2123 3349 arcu
2142 3321 2187 3352 ut

95 3356 335 3412 Sagittarius,
365 3369 452 3396 cum
480 3354 631 3407 tripode
656 3365 698 3394 ut
722 3354 859 3400 Vates,
889 3367 977 3394 cum
1004 3355 1176 3409 serpente
1203 3368 1246 3396 ut
1269 3355 1476 3396 Medicinae
1498 3357 1701 3402 Inventor,
1729 3370 1817 3396 cum
1833 3357 1912 3411 lyra
1929 3370 1972 3400 ut
1988 3361 2183 3406 Citharoe.

96 3413 190 3458 dus,
218 3413 280 3452 hic
298 3413 391 3451 vero
406 3423 449 3451 ut
466 3410 614 3455 Pastor,
642 3423 730 3449 nam
757 3409 809 3449 ob
832 3408 1053 3449 interfefitos
1079 3411 1274 3464 Cyclopes
1288 3409 1416 3451 divina
1432 3413 1619 3465 potestate
1637 3411 1817 3466 spoliatus
1834 3425 2003 3456 armenta
2026 3419 2185 3462 Admeti

94 3467 296 3515 Thessaliae
311 3467 432 3521 Regis
451 3480 519 3519 per
535 3478 677 3504 novem
694 3478 814 3504 annos
833 3464 945 3518 pavit.
985 3464 1176 3506 Thessalia
1198 3479 1326 3507 autem
1355 3466 1597 3507 Macedoniae
1611 3467 1848 3508 contermina
1864 3469 1938 3516 est,
1967 3471 2048 3513 imo
2063 3475 2181 3517 etiam.

94 3522 303 3576 aliquando
318 3535 404 3576 pars
420 3521 512 3574 ejus.
541 3519 686 3573 Apollo
702 3519 866 3559 inficiens
882 3519 1060 3572 rupibus,
1087 3521 1189 3561 urbis
1204 3521 1314 3561 fitum
1334 3521 1518 3562 denotare
1533 3522 1704 3567 videtur,
1734 3532 1777 3562 ut
1791 3516 1935 3564 diei-um
1953 3527 2007 3567 est
2033 3543 2041 3567 ε
2069 3544 2181 3570 coro-

94 3592 184 3619 nam
204 3577 271 3616 fibi
287 3577 452 3631 imponit
464 3604 476 3623 ,
503 3575 556 3616 ob
571 3575 785 3628 superatum
803 3574 1005 3628 Marsyam.
1044 3574 1242 3617 Diodorus
1261 3575 1322 3615 lib.
1345 3590 1380 3629 3.
1402 3590 1487 3632 pag.
1512 3590 1599 3631 134.
1630 3583 1787 3628 fingam&
1803 3581 1822 3627 ᾖ
1837 3587 1876 3617 τέ
1892 3586 2020 3632 Magada
2037 3588 2117 3631 φύς
2130 3590 2176 3624 'ze-,-

94 3634 240 3671 mmmm
261 3634 325 3669 w&
345 3638 394 3670 τῆς
415 3632 527 3678 π’χνης.
564 3630 661 3670 Tum
675 3629 854 3681 Marsyas·
870 3643 954 3669 cum
970 3629 1146 3683 Apolline
1160 3633 1205 3671 de
1221 3633 1317 3673 artis
1326 3631 1549 3687 prestantia
1572 3635 1614 3674 in
1630 3642 1816 3676 certamen
1834 3635 2033 3689 descendit.
2072 3641 2179 3694 Inte-2]

92 3699 203 3742 ,gram
218 3685 320 3738 apud
336 3698 424 3725 eum
443 3685 646 3726 historiam.
657 3685 840 3740 perlegas.

149 3763 233 3805 Hic
251 3776 419 3823 numnffs
435 3763 627 3804 mediocris
633 3763 771 3818 formae
778 3773 850 3818 pro
864 3777 947 3804 raro
963 3756 1219 3805 numerandus}

206 3916 249 3961 T
241 3931 309 3960 om.
337 3911 401 3960 ΙΙ.
1202 3918 1206 3922 '
1375 3914 1453 3975 Q
