2491 4219
235 124 325 170 198
774 109 1340 186 TRAJANus
1419 127 1834 176 DECIUS.

286 181 481 245 Rhesaina
499 182 620 224 modo
637 183 674 244 se
690 184 913 245 Septimiam
932 186 1141 226 Coloniam
1163 187 1342 240 perhibet
1355 218 1368 238 ,
1397 205 1535 247 utpote
1556 196 1577 235 a
1594 196 1781 249 Septimio
1801 197 1944 236 Severo
1964 194 2169 238 deduftam
2182 225 2195 244 ,
2222 201 2347 242 modo

233 237 472 278 Rhesamelii
498 238 535 278 se
557 240 763 299 Septimius
782 240 938 300 'tantum
963 242 1181 295 appellant,
1212 257 1356 284 nomen
1377 246 1398 285 a
1414 248 1592 290 Coloniae
1610 251 1813 292 fundatore
1834 251 1898 290 libi
1916 253 2161 293 vindicantes.
2202 255 2347 297 Mulier

234 294 402 334 insidens
419 294 657 339 monticulis,
686 294 836 334 Genius
853 296 907 334 est
924 297 1025 336 urbis
1043 297 1152 338 litum
1174 299 1212 337 in
1229 299 1330 340 clivo
1347 300 1558 351 denotans,
1586 321 1703 360 quem
1724 306 1835 346 Marii
1854 308 1996 347 montis
2014 309 2087 348 ess'e
2104 309 2345 363 suspicamur,

233 362 282 388 ex
302 364 384 403 quo
401 347 538 388 defluit
558 349 680 388 amnis
698 348 923 397 Chaboras,
951 363 994 392 ut
1009 353 1153 393 indicat
1172 353 1292 409 figura
1312 355 1420 396 fluvii
1440 358 1479 397 in
1499 372 1660 401 nummo
1680 362 1842 417 fignata3
1873 376 1960 402 nam
1983 363 2085 416 apud
2104 364 2345 418 Stephanum

234 404 375 460 legitur
392 412 487 444 Ρέσινα
503 407 588 443 πέλις
604 407 668 444 w&
685 409 704 441 ἑὲ
721 408 822 452 Αςορὲν
837 409 972 455 namuci(-
1003 407 1165 460 Rhesina
1184 410 1273 449 urbs
1289 413 1392 452 circa
1410 413 1624 454 (haborum
1644 417 1815 465 fluvium.
1857 418 2084 458 Ptolemaeus
2101 419 2159 459 lib
2179 433 2201 467 5
2233 437 2263 460 c.
2284 424 2344 461 18.

233 460 331 501 duas
348 461 464 515 hujus
479 472 544 501 aut
560 462 673 502 vicini
692 462 858 503 nominis
874 463 914 502 in
931 463 1217 517 Mesopotamia
1234 471 1332 504 Ρίσινω
1347 473 1379 504 8(
1395 476 1513 506 recalva
1531 462 1643 510 urbes
1655 473 1816 513 collocat
1828 500 1838 518 ‚
1867 488 2029 527 quarum
2046 487 2161 513 unam
2179 475 2344 515 Bochar-

232 527 296 558 tus
317 529 408 571 part.
434 532 461 556 r.
484 517 543 556 lib.
563 530 601 569 4.
623 533 705 572 cap.
727 531 789 567 25.
821 517 919 558 inter
945 518 1122 560 Edeflam
1148 524 1186 560 &
1211 534 1384 562 montem
1413 524 1583 564 Mafium
1600 553 1611 571 ,
1640 526 1795 568 alteram
1819 528 1868 567 ad
1887 528 2109 568 Chaboram
2137 529 2241 570 fitam
2267 531 2342 572 esse

231 574 403 626 profert,
432 572 495 612 sed
514 572 574 612 hae
591 575 713 614 ambaz
731 587 845 614 unam
863 576 1012 614 tantum
1036 576 1171 616 urbem
1191 575 1384 624 efficiunt,
1412 593 1499 633 quae
1515 581 1642 621 nostra
1657 582 1732 622 esse
1752 583 1903 624 videtur
1921 585 1956 623 in
1976 585 2075 624 clivo
2094 587 2234 626 montis
2249 587 2339 626 Ma-

231 627 276 668 su'
293 656 305 675 ,
333 641 450 683 quam
471 628 674 670 Chaboras
695 629 836 690 fluvius
854 630 968 670 alluit.
1014 632 1164 673 Genius
1188 631 1329 686 spicas,
1358 634 1408 674 ad
1424 635 1700 678 abundantiam
1717 637 1899 680 frumenti
1922 640 1961 679 in
1981 654 2074 694 agro
2092 640 2159 681 suo
2178 655 2340 696 arguen-

230 682 345 730 dam,
375 695 491 725 tenet.
530 685 594 724 De
613 685 753 739 Aquila
772 684 919 725 dietum
937 686 1002 727 est.

284 761 370 803 Hic
384 777 558 804 nummus
578 764 774 804 mediocris
789 764 929 806 moduli
944 767 1045 807 inter
1061 780 1165 806 raros
1183 766 1430 808 collocandus.

292 1379 313 1404 c
329 1378 350 1403 r,
364 1377 399 1403 ri.
426 1379 451 1404 ις
466 1378 491 1403 o
505 1376 545 1403 A.
574 1378 594 1403 Ρ
606 1379 632 1404 Η
647 1378 669 1405 c
684 1378 708 1403 A
725 1378 737 1403 1
751 1377 781 1403 N
793 1378 821 1404 H
835 1379 856 1405 c
870 1376 885 1404 1
896 1378 977 1405 nN.
1001 1379 1039 1405 L.
1062 1379 1089 1405 Η
1104 1378 1117 1404 t
1129 1378 1162 1404 P.
1193 1369 1336 1404 Σεσῦιαίοι
1349 1372 1483 1404 Kamisa
1498 1368 1682 1407 Ρηωωησίωγ
1697 1368 1887 1405 λυκέιξακτος
1903 1369 1966 1411 μή.
1993 1368 2108 1406 Anno
2126 1380 2141 1407 1
2153 1380 2166 1406 1
2179 1368 2211 1407 8.
2243 1366 2342 1407 Mu.'
2386 1398 2389 1401 ,

342 1420 410 1459 lier
426 1419 556 1460 turrita
574 1420 673 1459 stans
691 1418 823 1460 dextra
838 1432 1032 1474 pateram,
1060 1421 1153 1460 laeva
1170 1423 1417 1475 cornucopiae
1429 1449 1441 1467 ,
1468 1435 1542 1475 pro
1557 1422 1722 1475 pedibus
1737 1436 1799 1461 ara
1816 1435 1863 1461 ex
1879 1421 1989 1474 cujus
2005 1423 2084 1462 imo
2101 1422 2232 1477 prodit
2248 1423 2342 1464 lauri

344 1488 482 1514 ramus.

286 1551 428 1606 Figura
455 1551 648 1592 muliebris
674 1552 809 1593 urbem
838 1552 1079 1606 repraesentat
1100 1553 1164 1593 seu
1191 1553 1294 1594 urbis
1319 1554 1491 1594 Genium
1510 1581 1522 1600 ,
1552 1568 1624 1594 nec
1650 1553 1716 1595 Ifis
1740 1554 1795 1595 est
1811 1581 1824 1601 ,
1851 1565 1894 1594 ut
1914 1554 2028 1596 tradit
2050 1555 2092 1595 P.
2111 1553 2340 1597 Harduinus

231 1622 317 1663 pag.
345 1621 440 1659 420.
469 1621 540 1647 nec
561 1607 704 1660 Aquila
731 1622 814 1647 eam
843 1622 1026 1653 coronat,
1057 1621 1099 1649 ut
1125 1622 1236 1663 putat
1262 1610 1419 1650 Patinus
1444 1624 1529 1664 pag.
1562 1623 1652 1663 391.
1684 1609 1750 1650 Illa
1779 1621 1948 1664 pateram
1968 1610 2099 1651 dextra
2117 1613 2215 1666 gerit
2231 1610 2344 1666 supet

230 1677 334 1703 aram
347 1691 358 1709 ,
387 1663 436 1702 ad
455 1663 695 1717 arguendum
713 1663 751 1703 se
770 1663 867 1703 sacra
887 1678 960 1716 pro
982 1665 1108 1704 Decio
1128 1665 1358 1719 perpeti-affe
1376 1685 1388 1711 ς
1415 1666 1519 1704 unde
1535 1665 1694 1706 victoria
1716 1666 1891 1705 Deorum
1915 1667 2054 1706 auxilio
2070 1666 2260 1707 indicatur
2273 1680 2344 1720 per

231 1718 399 1772 palmam
422 1732 468 1758 ex
493 1732 565 1757 aroe
579 1717 659 1758 imo
677 1717 955 1773 exsurgentem.
993 1721 1145 1760 Genius
1172 1722 1416 1774 cornucopiae
1441 1721 1559 1774 gerit,
1589 1721 1653 1760 seu
1678 1733 1862 1774 tanquam
1889 1722 2078 1774 peculiare
2103 1721 2343 1776 symbolum,

231 1774 292 1814 vel
322 1774 498 1813 omnium
523 1787 649 1812 rerum
673 1773 945 1814 abundantiam
966 1775 1003 1814 in
1036 1775 1226 1816 territorio
1250 1789 1422 1831 arguens.
1465 1776 1586 1815 Notae
1613 1790 1801 1816 annorum
1827 1776 1868 1814 in
1893 1776 2018 1817 Decio
2049 1791 2084 1816 L.
2114 1791 2167 1816 HI
2182 1791 2214 1816 P.
2253 1780 2342 1818 118.

231 1842 345 1869 :eram
377 1842 457 1869 non
481 1828 657 1868 dedustae
681 1830 701 1868 a
725 1829 829 1883 Sept.
853 1831 998 1871 Severo
1026 1831 1225 1879 Coloniae,
1254 1831 1319 1872 sed
1349 1832 1480 1873 tributi
1502 1831 1550 1872 ab
1571 1831 1774 1871 Hadriano
1798 1830 1935 1871 rcmiffi
1960 1831 2148 1878 indicant,
2178 1831 2229 1871 de
2259 1846 2343 1886 quo

228 1885 452 1936 Spartianus
467 1884 504 1924 in
524 1884 607 1938 ejus
623 1884 700 1925 vita
722 1899 730 1924 :
762 1886 806 1925 A
823 1886 1112 1942 Alefopotamiis
1134 1901 1207 1928 non
1232 1889 1361 1943 exegit
1379 1889 1568 1928 tributum
1593 1887 1695 1942 quod
1718 1886 1910 1941 Trajanus
1923 1886 2110 1939 impositit.
2140 1887 2237 1926 Haec
2262 1888 2345 1928 Ha-

230 1941 354 1981 driani
370 1940 570 1981 liberalitas
590 1955 695 1982 anno
720 1941 774 1982 U.
795 1942 844 1982 C.
867 1945 957 1984 886.
974 1943 1148 1984 conceffit
1168 1943 1340 1990 videtur,
1369 1944 1459 1984 cum
1476 1943 1539 1984 ille
1554 1943 1593 1982 in
1611 1943 1756 1998 Syriam
1772 1943 1879 1983 venit
1900 1956 1907 1981 :
1935 1942 2074 1982 additis
2094 1943 2206 1996 igitur
2222 1942 2344 1984 Colo-

229 1997 304 2038 niae
322 1997 526 2037 Rhesainae
542 1998 652 2037 annis
673 2012 688 2038 1
702 2011 715 2037 1
727 1999 762 2038 8.
781 2011 863 2039 aerae
881 1999 984 2039 urbis
1004 2000 1146 2040 Romae
1164 2001 1255 2041 886.
1274 1999 1442 2040 efficient
1466 2012 1580 2050 1004.
1599 2012 1683 2052 quo
1700 2011 1877 2053 tempore
1893 1998 2036 2038 Decius
2056 2012 2094 2037 m
2111 1998 2254 2052 Syriam
2277 2013 2344 2051 pa-

229 2053 321 2094 riter
335 2052 478 2093 veniil‘e
493 2052 655 2092 videtur.
685 2053 886 2096 Tristanus
903 2055 1176 2096 Rhesainefios
1194 2056 1247 2096 ob
1263 2055 1452 2096 sublatum
1470 2056 1492 2095 a
1509 2055 1635 2095 Decio
1657 2055 1878 2109 Philippum
1910 2053 2101 2093 Gordiani
2124 2053 2344 2094 interfecto-

229 2121 336 2155 rem,
363 2120 545 2147 nummos
561 2107 596 2146 ei
611 2108 754 2147 cudiffe
773 2111 982 2157 existimat,
1009 2111 1077 2151 sed
1093 2112 1224 2165 potius
1241 2112 1333 2166 quia
1353 2111 1499 2152 Decius
1527 2110 1615 2164 ipfis
1640 2110 1770 2151 tributi
1795 2108 2046 2150 remissionem
2073 2108 2121 2148 ab
2140 2109 2344 2150 Hadriano

229 2162 447 2205 concessam
469 2160 734 2208 confirmavit,
761 2162 873 2214 cujus
893 2163 943 2201 illi
965 2165 1143 2202 beneficii
1161 2181 1373 2211 memores,
1402 2168 1464 2204 Au
1495 2166 1586 2204 ustae
1606 2166 1690 2215 ejus
1707 2166 1818 2205 uxori
1843 2169 1882 2204 &
1908 2165 2111 2206 Herennio
2129 2163 2208 2206 filio
2231 2165 2345 2220 pluri-

231 2234 319 2262 mos
339 2220 456 2261 etiam
476 2216 756 2274 percusserunt,
785 2217 935 2271 origine
954 2216 995 2256 in
1013 2217 1058 2257 iis
1077 2216 1195 2270 hujus
1210 2219 1339 2259 tributi
1354 2219 1448 2258 remi
1480 2232 1491 2257 1
1511 2218 1681 2273 figmata..

285 2299 370 2339 Hic
392 2309 566 2340 nummus
587 2294 785 2336 mediocris
807 2293 970 2342 moduli,
997 2293 1023 2334 ιὶ
1045 2293 1089 2335 T
1080 2293 1218 2346 ristano
1244 2302 1334 2334 tom.
1361 2309 1395 2334 2.
1413 2305 1508 2350 pag.
1542 2298 1630 2347 588.
1659 2296 1706 2340 ὢ
1737 2297 1763 2337 ἱι
1787 2298 1937 2338 Patina
1971 2311 2062 2352 391.
2092 2298 2218 2339 editus
2232 2325 2246 2346 ,
2280 2299 2345 2351 ναξ

231 2367 295 2394 rus
313 2354 375 2407 cst.

295 2977 319 3002 c
330 2975 353 3001 Ε
364 2972 403 2999 n.
434 2973 460 2998 Κ
473 2973 498 2997 o
512 2969 552 2997 A.
581 2970 604 2996 Ρ
619 2973 645 2998 u
659 2972 681 2997 c
695 2971 721 2996 Λ
735 2971 750 2996 1
763 2971 792 2996 N
807 2972 833 2997 H
847 2972 869 2997 c
882 2972 896 2997 1
909 2973 935 2997 Ω
946 2971 976 2997 N
1014 2970 1053 2997 L.
1086 2971 1114 2997 n
1127 2971 1141 2996 1
1154 2971 1188 2996 1².
1232 2959 1388 3005 Σετῆιμίας
1408 2962 1555 2996 Romulia
1583 2959 1767 2998 νησαινησίων
1791 2960 1982 2995 λυκάςοωτος
2005 2959 2067 3001 0⁴4.
2101 2957 2217 2996 Anno
2248 2971 2263 2998 1
2275 2970 2290 2998 1
2301 2956 2342 2999 8:

345 3016 445 3055 Duae
463 3012 592 3065 figura:
610 3012 811 3052 muliebres
827 3012 977 3052 dextras
997 3011 1160 3066 jungunt
1181 3011 1291 3064 super
1309 3025 1433 3057 aram,
1461 3012 1654 3051 dexterior
1673 3011 1831 3064 quidem
1848 3014 1978 3053 turrita
1996 3013 2049 3052 est
2062 3039 2073 3057 ,
2103 3026 2206 3064 pone
2219 3027 2340 3066 quam

344 3069 584 3123 trophaeum3
612 3067 811 3107 finisterior
831 3070 925 3108 vero
942 3068 1108 3123 galeata,
1126 3080 1232 3121 pone
1249 3080 1368 3120 quam
1383 3066 1624 3121 Sagittarius:
1652 3067 1693 3105 in
1709 3068 1850 3107 vertice
1860 3068 2001 3121 Aquila
2018 3067 2188 3108 infistens
2203 3070 2340 3122 palmae

345 3139 478 3171 ramo,
506 3123 628 3164 rostro
647 3135 842 3163 coronam.

289 3205 442 3245 Harum
460 3201 662 3242 mulierum
683 3201 877 3242 dexterior
894 3200 1029 3240 urbem
1046 3199 1287 3254 repraesentat
1302 3227 1315 3247 ,
1343 3199 1393 3240 de
1410 3213 1487 3253 qua
1506 3199 1544 3239 in
1566 3212 1727 3240 nummo
1744 3199 1925 3254 superiori
1941 3200 2111 3248 distum3
2140 3200 2340 3242 sinisterior

239 3261 404 3313 galeata,
435 3257 555 3298 Pallas
572 3257 647 3304 est,
676 3257 844 3299 tutelaris
853 3257 1033 3297 Coloniae
1048 3256 1156 3304 Dea,
1181 3258 1290 3309 cujus
1307 3255 1476 3296 summus
1493 3267 1573 3295 erat
1588 3256 1627 3295 in
1645 3256 1738 3296 urbe
1754 3256 1899 3301 cultus,
1918 3268 1960 3296 ut
1977 3256 2163 3310 templum
2179 3258 2218 3296 in
2231 3257 2339 3296 Rhe-

235 3305 479 3356 iainefiorum
496 3314 664 3354 nummis
680 3313 805 3367 arguit
823 3327 832 3352 :
858 3313 1028 3368 jungunt
1042 3312 1200 3365 quidem
1221 3313 1291 3352 illae
1315 3326 1449 3352 manus
1469 3311 1578 3364 super
1596 3325 1696 3351 aram
1715 3339 1727 3358 ,
1757 3311 1805 3351 ad
1821 3311 2068 3351 concordiam
2084 3325 2214 3351 earum
2231 3312 2271 3351 in
2289 3311 2341 3350 sa-

238 3371 311 3412 cris
329 3386 400 3424 pro
416 3371 541 3410 Decio
559 3370 620 3409 seu
640 3368 826 3410 faciendis
846 3369 909 3409 seu
926 3368 1153 3422 recipiendis
1167 3367 1437 3408 denotandam.
1486 3366 1724 3421 Trophaeum
1742 3380 1846 3420 pone
1862 3367 1993 3406 urbem
2011 3394 2022 3412 ‚
2052 3366 2101 3406 ad
2117 3367 2253 3406 limites
2268 3368 2340 3405 im-

239 3427 337 3483 perii
353 3427 459 3477 juxta
476 3425 710 3465 Rhesainam
727 3423 993 3480 designandos.
1038 3424 1256 3478 Sagittarius
1280 3424 1318 3463 in
1342 3423 1507 3463 nummis
1524 3422 1688 3477 Singara:
1704 3422 1883 3462 Coloniae
1900 3422 2100 3462 exhibetur
2114 3449 2126 3468 ,
2152 3434 2269 3475 quem
2287 3420 2340 3461 ad

239 3484 364 3527 cives,
395 3493 528 3533 utpote
550 3480 752 3535 sagittandi
766 3481 929 3534 peritos,
951 3480 1168 3526 retulimus,
1194 3479 1255 3519 vel
1271 3479 1380 3533 quod
1398 3478 1449 3518 illi
1466 3477 1532 3517 sub
1550 3478 1625 3518 hoc
1644 3477 1750 3532 ligno
1767 3491 1909 3518 annum
1926 3477 2169 3522 inchoarent3
2196 3490 2243 3514 an
2257 3490 2339 3516 non

239 3538 373 3594 potitis
392 3537 500 3588 quud
526 3536 746 3591 Sagittarius
767 3547 811 3576 ut
832 3535 983 3590 praefert
1004 3535 1172 3575 Gallieni
1189 3548 1369 3575 nummus
1381 3562 1393 3579 ,
1422 3533 1605 3587 Legionis
1621 3535 1751 3587 primae
1767 3533 1827 3572 vel
1848 3533 1966 3572 tertiae
1985 3531 2168 3571 Parthicae
2183 3531 2222 3570 in
2240 3543 2342 3593 utra·-

241 3607 320 3648 que
338 3590 508 3632 Colonia
524 3591 726 3632 hiemantis
744 3590 843 3631 foret
858 3591 1004 3645 insigne
1022 3618 1034 3636 ,
1063 3605 1152 3630 nam
1174 3602 1334 3644 utraque
1351 3590 1401 3630 ad
1418 3586 1712 3641 Mesopotamiae
1729 3586 1945 3642 praefidium
1969 3588 2186 3626 morabatur
2202 3613 2214 3632 ,
2245 3590 2281 3626 8<
2300 3600 2339 3627 in

243 3652 408 3704 Singarae
425 3644 541 3700 ipsius
557 3648 845 3702 expugnatione
862 3650 991 3701 primm
1009 3647 1191 3704 Legionis
1206 3646 1390 3686 Parthicae
1406 3643 1579 3684 meminit
1598 3644 1824 3684 Ammianus
1843 3642 1866 3683 l.
1885 3656 1903 3681 2
1917 3656 1947 3681 1.
1978 3641 2197 3681 Tuebantur
2212 3650 2341 3682 autem

241 3706 342 3746 hanc
359 3705 563 3743 civitatem
581 3700 764 3757 Legiones
779 3702 861 3742 duae
871 3730 883 3750 ,
903 3705 1032 3757 prima
1050 3702 1210 3748 blavia,
1231 3703 1428 3756 primaque
1445 3699 1650 3740 Parthica.

297 3789 381 3828 Hic
396 3787 890 3866 nnlmmusfi’cttndaefhrmae
902 3815 915 3836 ,
942 3787 966 3828 a*
982 3787 1024 3828 T
1017 3788 1152 3841 rssano
1168 3797 1254 3829 tom.
1272 3801 1307 3828 2.
1316 3797 1410 3842 pag.
1432 3788 1519 3839 588.
1539 3782 1587 3830 ὠ
1605 3783 1630 3824 d
1645 3784 1793 3825 Patina
1800 3793 1892 3837 pag.
1913 3793 2003 3835 391.
2023 3781 2148 3822 editus
2160 3808 2172 3828 ,
2191 3792 2263 3837 pro
2278 3795 2340 3823 ra-

245 3859 286 3886 ro
304 3852 506 3885 nolanam.
