2491 4219
231 139 295 179 32
767 134 1806 186 ELAGABALUS.

2420 170 2435 194 'A'

232 199 330 240 Duo
354 210 480 239 autem
509 201 601 241 rami
629 201 678 241 ad
705 201 840 247 latera,
872 215 970 242 unus
995 201 1107 248 hinc,
1134 201 1228 242 inde
1252 203 1366 250 alter,
1396 203 1478 245 duo
1501 205 1691 246 vitiorum
1715 204 1870 259 praemia
1887 216 2065 260 arguunt.
2104 206 2339 253 Certaminis
2355 227 2367 237 ¹

233 254 336 294 enim
357 254 486 308 Pythii
502 257 632 301 initio,
663 259 779 309 Agon
797 256 971 296 Musicus
988 268 1092 302 erat,
1121 257 1190 309 qui
1212 268 1327 298 cantu
1347 263 1386 298 ὃς
1404 260 1504 300 tibiis
1518 262 1792 314 reportabatur.
1824 261 2038 315 Utriusque
2053 261 2215 304 vi&ores
2231 264 2338 306 lauro

234 311 430 349 coronaffe
447 311 666 364 Apollinem
684 310 798 352 refert
816 311 896 352 Pet.
920 311 1045 352 Faber
1063 312 1104 351 in
1122 312 1299 366 Agonist.
1316 311 1377 352 lib.
1398 327 1434 354 2.
1453 329 1534 369 cap.
1560 329 1623 369 24.
1659 316 1773 357 Illum
1799 317 1903 358 enim
1923 315 1998 357 hos
2013 315 2128 358 ludos
2142 319 2339 363 instituisti:
2402 298 2463 359 ‘fi

234 364 350 406 tradit
367 365 533 406 Ovidius
552 379 582 405 1.
602 366 760 406 Metam.

717 420 1030 474 Instituitfacros
1051 420 1187 461 celebri
1203 422 1404 462 certamine
1419 421 1526 462 ludos

719 475 870 528 ‘Pythia
881 503 891 522 ‚
911 476 1117 529 perdomiti
1121 476 1313 530 strpentis
1327 480 1474 518 nomine
1490 477 1623 520 dicias.

233 541 402 584 Laurum
420 542 593 596 Apollini
609 545 749 585 sacram
769 557 957 586 memorat
976 545 1202 601 Fulgentius
1220 544 1392 599 Mythol.
1415 560 1445 588 1.
1475 548 1526 588 In
1539 549 1624 604 ejus
1640 552 1757 591 etiam
1784 551 1945 593 tutelam
1965 552 2113 594 laurum
2128 551 2334 606 afiribunt.

291 628 456 683 Uterque
475 643 646 672 nummus
665 634 813 674 minimi
832 631 973 673 moduli
986 643 1056 687 pro
1074 632 1158 673 rnro
1179 631 1388 673 habendus.

938 736 1453 780 LAODICEA
1503 738 1630 795 syme.

233 1361 254 1390 τ
266 1362 302 1389 Μ
316 1362 348 1387 P.
381 1362 416 1387 c.
449 1360 496 1387 Μ.
528 1362 553 1388 A
570 1362 596 1388 v
612 1362 654 1388 R.
687 1361 712 1387 A
734 1361 760 1387 N
774 1362 798 1388 T
812 1361 838 1387 o
853 1361 882 1387 N
896 1361 910 1387 1
922 1361 952 1387 N
966 1362 992 1388 v
1007 1362 1041 1389 s.
1070 1349 1203 1404 Caput
1221 1347 1415 1405 Elagabali
1431 1348 1649 1389 laureatum.

293 1419 352 1446 co
363 1419 401 1444 L.
433 1418 458 1444 L
474 1418 498 1443 A
514 1418 539 1444 o
552 1419 589 1444 o.
626 1418 663 1444 M
675 1419 698 1443 E
713 1418 737 1443 T
750 1419 779 1444 R
791 1420 816 1445 o
828 1419 847 1443 Ρ
860 1419 886 1444 o
900 1419 924 1444 L
940 1419 961 1443 E
974 1419 999 1444 o
1017 1419 1050 1445 s.
1080 1405 1244 1446 Coloniae
1263 1405 1465 1445 Laodiceae
1481 1403 1738 1458 Metropoleos.
1768 1403 1814 1443 In
1833 1418 1918 1445 area
1935 1414 1970 1442 Δ.
1991 1415 2024 1442 ε.
2055 1413 2250 1457 Δημωςχικῆς
2261 1411 2345 1454 ,Εξψ

347 1463 423 1557 «ἕως.
455 1460 581 1501 Diana
598 1461 814 1503 Venatricis
830 1460 962 1502 habitu
982 1460 1103 1510 stans,
1132 1462 1265 1503 dextra
1282 1462 1402 1502 telum
1421 1461 1444 1502 ὲ
1459 1462 1635 1516 pharetra
1653 1459 1765 1500 dorso
1784 1460 1962 1515 imposita
1977 1462 2232 1517 depromens,
2261 1461 2346 1505 fini-

383 1518 421 1557 riz
440 1531 569 1557 arcum
589 1529 704 1558 tenet.

240 1602 244 1604 ’
292 1595 504 1636 Laodiceni
523 1595 638 1648 Syriae
655 1596 742 1636 cum
766 1594 986 1649 frequentes
1004 1594 1212 1651 Elagabalo
1230 1607 1412 1635 nummos
1432 1593 1666 1642 dedicarint,
1694 1594 1792 1635 inter
1811 1595 1956 1649 primos
1972 1594 2041 1649 ipfi
2060 1595 2276 1638 acclamasse
2292 1597 2349 1638 vi-

238 1650 400 1699 dentur,
430 1651 595 1692 Dianam
615 1653 709 1691 vero
726 1651 777 1691 illi
794 1650 987 1706 signarunt
1007 1652 1060 1691 ob
1078 1652 1267 1690 summum
1289 1651 1328 1691 in
1345 1653 1441 1691 urbe
1455 1651 1518 1691 sua
1537 1651 1705 1697 cultum,
1735 1650 1844 1704 cujus
1859 1651 2033 1692 meminit
2049 1651 2292 1706 Lampridius
2308 1653 2350 1694 in

240 1707 436 1761 Elagabali
456 1707 542 1747 vita.
573 1707 725 1746 ‘Dianae
747 1706 948 1746 Laodiceae
963 1705 1198 1754 ffmnlacrum
1223 1721 1271 1746 ex
1291 1707 1403 1751 adyto
1417 1707 1483 1755 suo
1499 1709 1541 1746 in
1557 1720 1629 1763 quo
1645 1706 1691 1746 id
1714 1706 1860 1757 Orestes
1883 1709 2080 1760 posuerat,
2110 1708 2259 1761 auferre
2282 1721 2351 1748 vo-

239 1760 328 1802 luit.
358 1762 516 1802 Orestes
534 1765 572 1801 &
595 1762 798 1817 Iphigenia
817 1763 838 1802 ὲ
863 1762 1017 1817 Scythia
1040 1762 1250 1815 fugientes,
1279 1762 1374 1802 illud
1392 1762 1626 1802 Laodiceam
1644 1761 1846 1816 asportasse
1870 1761 2020 1808 ferunt,
2047 1761 2113 1803 sed
2138 1776 2218 1804 rem
2243 1762 2350 1805 aliter

240 1829 367 1858 narrat
387 1818 608 1863 Pausanias,
638 1819 677 1856 in
698 1817 865 1857 Atticam
885 1817 1035 1871 signum
1051 1817 1143 1858 illud
1160 1818 1208 1858 ab
1227 1817 1365 1858 Oreste
1384 1820 1422 1856 &
1443 1817 1645 1872 Iphigenia
1663 1818 1685 1858 ἐ
1704 1817 1871 1858 Taurica
1895 1817 2138 1864 transsatum,
2166 1817 2310 1860 deinde
2327 1819 2351 1860 ὲ

239 1872 361 1912 Persis
380 1874 546 1913 ablatum
560 1899 571 1918 ‚
601 1872 829 1913 Laodicenis
846 1873 1002 1913 tandem
1020 1874 1041 1913 a
1058 1874 1220 1915 Seleuco
1239 1872 1461 1914 concess'um
1477 1874 1590 1914 tradit
1605 1873 1628 1912 l.
1646 1887 1681 1925 3.
1703 1887 1740 1928 p.
1764 1887 1852 1924 192.
1884 1875 1922 1912 τὸ
1936 1877 1968 1922 ᾧ
1982 1878 2021 1911 &a
2038 1881 2200 1925 Βςοωρῶνος
2214 1879 2351 1924 ὡρμίσθη

240 1931 271 1967 τὲ
287 1937 312 1968 ἐς
328 1936 409 1968 Egon
421 1961 427 1969 ‚
456 1935 480 1983 ’ᾗ
497 1933 586 1977 ὕςερον
605 1932 736 1967 zemma
751 1932 850 1969 δόντος
866 1933 969 1975 Σόμοι
987 1936 1135 1970 Amaia&
1152 1935 1198 1975 ἐφ’
1215 1935 1294 1980 ἡμῶν
1311 1932 1412 1979 ἔχεσι.
1448 1929 1572 1983 ,Quod
1587 1930 1686 1969 enim
1705 1928 1900 1969 Braurone
1912 1929 2022 1983 fuit,
2051 1927 2147 1982 susa
2156 1927 2270 1984 prist!
2287 1929 2352 1984 ast]

231 1995 433 2041 portatum
453 2005 466 2032 -,
494 1986 638 2026 Seleuci
653 1985 787 2026 deinde
801 1986 965 2040 conceffn
975 2014 988 2034 ,
1015 1987 1090 2027 hac
1109 1995 1225 2027 aetate
1240 1986 1382 2027 habent
1403 1984 1655 2038 Laodicenses
1669 1983 1690 2025 ἑ
1704 1984 1823 2039 Syria.
1851 1984 1915 2027 De
1931 1986 2034 2027 notis
2050 1998 2086 2027 Δ.
2104 1999 2144 2027 Ε.
2160 1983 2271 2028 infra.

297 2063 380 2119 Hic
398 2077 569 2106 nummus
579 2064 760 2117 secundae
775 2065 1052 2120 magnitudinis
1067 2067 1169 2109 inter
1184 2067 1346 2108 rariores
1361 2063 1616 2118 ascribendam

301 2703 325 2731 c
337 2702 362 2729 o
376 2704 415 2731 L.
447 2704 474 2730 L
487 2703 514 2729 A
531 2703 557 2729 o
570 2703 597 2730 D
610 2703 624 2730 1
637 2703 659 2729 c
671 2703 695 2729 E
710 2702 735 2729 A
749 2701 769 2727 s
801 2700 837 2728 Μ
849 2702 873 2728 E
886 2701 910 2728 r
926 2701 955 2728 R
969 2676 1070 2727 0130
1083 2701 1107 2728 1,
1119 2700 1142 2727 E
1156 2700 1182 2726 o
1197 2699 1230 2726 s.
1261 2685 1426 2727 Coloniae
1446 2683 1647 2726 Laodiceae
1664 2683 1924 2738 Metropoleos.
1952 2683 1999 2724 In
2014 2695 2102 2724 area
2119 2696 2156 2726 Δ.
2178 2693 2214 2724 Ε.
2232 2688 2354 2737 Annaei

356 2754 443 2796 944an
459 2751 594 2792 nglooe.
626 2744 767 2800 Aquila
784 2743 850 2784 alis
870 2743 1043 2799 expanfis
1061 2744 1100 2784 in
1118 2740 1265 2798 templo
1285 2741 1426 2798 distylo
1442 2741 1507 2782 seu
1523 2740 1686 2782 duarum
1703 2740 1980 2781 columnarum.

300 2825 514 2867 Laodiceni
532 2824 796 2878 Metropolitae
812 2823 945 2876 Syriae,
975 2826 1014 2862 &
1030 2822 1177 2863 Coloni
1194 2822 1215 2862 Ξι
1230 2821 1332 2874 Sept.
1352 2821 1494 2862 Severo
1511 2820 1620 2866 fasti,
1649 2832 1831 2860 nummos
1847 2817 1916 2872 ipfi
1933 2821 1972 2858 δε
1992 2816 2196 2858 Caracallae
2212 2818 2296 2871 ejus
2315 2817 2359 2860 fi-

244 2884 298 2923 lio
323 2881 613 2926 consecrarunt,
641 2880 722 2920 imo
747 2878 1037 2933 &·Elagabalo‚
1066 2878 1134 2931 qui
1156 2890 1203 2917 ex
1227 2889 1277 2916 eo
1307 2887 1461 2922 natum,
1490 2879 1529 2915 &
1553 2875 1683 2915 Severi
1711 2885 1896 2928 nepotem
1918 2872 1955 2913 se
1979 2872 2230 2927 praedicabat‚
2259 2874 2357 2916 teste

246 2940 381 2980 Dione
397 2937 459 2977 lib.
480 2950 543 2987 79.
566 2950 642 2990 pag
673 2947 765 2986 907.
797 2938 850 2974 Kx}
867 2942 897 2972 ev
913 2935 966 2981 ,ιδζκὲ
981 2941 1018 2983 τῇ
1033 2935 1114 2976 ω-ερς
1128 2933 1182 2969 viu>
1198 2933 1307 2977 βελῖα)
1325 2935 1452 2982 ὲῖἓηςυλῇ
1467 2959 1478 2975 ,
1501 2938 1545 2979 τῷ
1558 2948 1587 2968 τε
1603 2933 1684 2977 φύς
1700 2934 1719 2967 ’ἲ-
1733 2935 1824 2979 δῆμον
1840 2931 2009 2978 γερῖμμοιπ
2021 2954 2031 2970 ‚
2054 2934 2078 2982 ἦ,
2096 2931 2310 2978 αὐτοκξρίτοροσ
2324 2935 2354 2984 2}

250 2999 407 3046 Καίσαρα,
430 3000 499 3030 ‘rin
516 2999 649 3030 Αντωνίνκ
663 2994 732 3039 div,
758 2997 782 3042 ’ὲ
801 2992 821 3033 Ξ
838 2996 946 3038 Σεζῆρε
962 2993 1086 3038 ἔκγονον.
1102 3014 1110 3024 .
1129 3013 1138 3022 .
1152 3013 1161 3022 .
1185 2988 1341 3033 &liguriam
1389 2988 1439 3026 In
1464 2986 1612 3040 epistola
1631 3013 1643 3032 ‚
1679 2999 1791 3041 quam
1816 2985 1871 3025 ad
1893 2985 2074 3025 Senatum
2091 3013 2103 3032 ‚
2140 2983 2187 3028 d?
2205 2985 2355 3039 firipto

250 3052 351 3108 qnod
365 3050 421 3091 ad
431 3048 607 3104 populum
628 3047 746 3099 mifit‚
775 3046 822 3090 ό
846 3047 1114 3099 Imperatorem
1131 3040 1179 3087 ὁ
1203 3041 1462 3094 Caesaremse,
1476 3041 1679 3095 filiumque
1702 3042 1917 3087 Antonini,
1946 3039 2078 3080 Severi
2103 3048 2270 3094 nepotem
2288 3072 2295 3080 .

252 3106 445 3160 inscripſst.
475 3104 644 3146 Similem
667 3116 803 3157 typum
824 3103 862 3142 in
884 3100 1089 3142 Caracalla:
1109 3099 1275 3139 nummis
1295 3098 1344 3138 ad
1354 3097 1496 3152 Jovem
1514 3095 1566 3135 ob
1585 3095 1766 3150 Aquilam
1779 3096 1951 3150 spesiare
1971 3109 2058 3135 cum
2075 3095 2154 3135 aliis
2171 3094 2360 3150 scriptori-

253 3162 325 3202 bus
354 3162 520 3201 diximus
543 3180 554 3207 ;
583 3158 647 3199 sed
674 3160 763 3198 cnm
794 3157 935 3211 Aquila
960 3156 1074 3196 etiam
1095 3155 1134 3195 in
1153 3154 1313 3209 Syriacis
1329 3153 1496 3193 nummis
1511 3151 1722 3204 Imperium
1736 3151 1966 3191 Romanum
1987 3151 2167 3198 denotet,
2197 3151 2359 3191 Amicus

254 3219 382 3258 noster
402 3217 589 3271 templum
607 3215 683 3255 hoc
699 3213 884 3258 maiestati
897 3212 1052 3265 Imperii
1070 3211 1239 3251 dicatum
1256 3208 1479 3264 suspicatur,
1507 3207 1560 3247 ob
1577 3206 1664 3247 fana
1682 3206 1844 3261 plurima
1862 3206 2002 3247 Romae
2020 3206 2204 3247 exstrueta
2221 3219 2230 3245 ε
2256 3205 2360 3245 illam

254 3273 416 3326 quidem
439 3287 512 3325 pro
534 3272 617 3311 Dea
641 3270 890 3310 existimatam
907 3268 1052 3307 docent
1071 3265 1219 3306 nummi
1236 3279 1324 3305 cum
1343 3264 1554 3320 epigraphe
1574 3273 1662 3302 ΘΕΑ
1687 3274 1835 3309 mlviii,
1863 3274 1974 3317 urget
1990 3262 2073 3310 ille,
2100 3265 2138 3301 &
2156 3273 2358 3322 nummum

257 3327 280 3367 a
295 3327 461 3381 Segniuo
476 3327 567 3368 edit.
588 3341 620 3366 2.
639 3341 675 3378 p.
698 3328 759 3377 78.
780 3324 976 3380 vulgatum
993 3337 1081 3363 cum
1097 3322 1341 3375 inscriptione
1360 3335 1388 3361 R
1402 3335 1427 3360 o
1441 3335 1476 3360 M
1491 3334 1516 3359 A
1531 3334 1554 3360 E
1587 3333 1610 3358 E
1625 3334 1649 3359 T
1682 3333 1697 3359 1
1712 3332 1747 3358 M
1760 3333 1781 3358 Ρ
1794 3333 1817 3358 E
1833 3332 1860 3358 R
1876 3332 1890 3357 1
1903 3334 1928 3358 0
1948 3318 2015 3358 sub
2031 3317 2201 3358 Caninio
2218 3319 2358 3372 Agrip-

256 3397 308 3438 pa
324 3382 539 3422 Duumviro
557 3382 741 3422 Corinthi
763 3378 977 3434 percussum
1001 3379 1163 3424 indicat,
1192 3377 1362 3430 Imperio
1387 3379 1425 3416 δε
1452 3375 1591 3417 Romae
1613 3374 1756 3416 cultum
1775 3373 2046 3420 denotantem,
2073 3372 2152 3412 imo
2169 3371 2358 3425 templum

259 3436 432 3484 eiusdem
454 3438 655 3477 Duumviri
674 3450 767 3477 tunc
782 3435 923 3476 AEdilis
939 3437 1028 3474 curCi
1038 3461 1050 3480 ‚
1079 3435 1117 3473 in
1134 3433 1298 3474 Nerone
1313 3446 1399 3487 pag.
1424 3437 1511 3484 176.
1530 3432 1552 3472 a
1568 3430 1681 3472 nobis
1696 3429 1871 3476 allatum,
1901 3430 2053 3484 utrique
2069 3427 2210 3467 Romae
2225 3429 2264 3466 &
2281 3426 2358 3466 Im-

262 3486 371 3547 perio
389 3492 614 3532 aedificatum
632 3493 837 3538 existimat,
867 3491 917 3531 de
934 3504 1016 3544 quo
1034 3489 1246 3543 dijudicent
1263 3487 1420 3528 Eruditi.
2048 3537 2055 3544 ·
2149 3536 2156 3543 ι

319 3547 426 3587 Alter
444 3547 631 3600 Elagabali
651 3560 831 3587 nummus
848 3557 1050 3600 argenteus
1080 3545 1235 3584 maximi
1253 3543 1400 3584 moduli
1426 3543 1611 3588 occurrit,
1639 3541 1677 3581 in
1695 3553 1777 3594 quo
1795 3539 1934 3594 pariter
1951 3537 2093 3591 Aqu1la
2110 3535 2177 3576 alis
2195 3534 2360 3578 extensis

264 3617 352 3644 cum
376 3598 585 3656 epigraphe
611 3618 670 3643 ΔΗ
685 3617 718 3641 Μ
733 3617 757 3642 A
774 3617 794 3642 Ρ
808 3616 845 3642 x.
878 3616 901 3641 r:
914 3615 945 3641 ε.
975 3613 1036 3642 τῃ
1048 3614 1075 3640 A
1090 3615 1153 3640 To
1167 3614 1202 3640 c.
1233 3613 1257 3638 τ
1271 3613 1311 3638 o.
1344 3614 1379 3640 B.
1407 3612 1495 3639 cum
1515 3598 1616 3639 astro
1633 3597 1673 3638 in
1689 3610 1775 3636 area
1792 3594 1906 3636 &his
1924 3593 2027 3636 notis
2043 3605 2079 3633 Δ.
2099 3605 2134 3632 Ε.
2153 3591 2202 3634 ad
2218 3591 2360 3635 Laodi-

262 3672 392 3705 ceam,
422 3670 464 3697 ut
483 3656 577 3696 infra
598 3656 789 3704 dicemus,
819 3656 970 3711 spe&at.

264 3789 267 3791 ‚
320 3736 402 3777 Hic
420 3748 591 3777 nummus
607 3736 903 3789 minor-isformae
920 3737 1019 3777 inter
1034 3747 1138 3776 raros
1150 3731 1391 3787 adfiribitur.
