<?xml version="1.0" encoding="UTF-8"?>
<!DOCTYPE html PUBLIC "-//W3C//DTD XHTML 1.0 Transitional//EN"
    "http://www.w3.org/TR/xhtml1/DTD/xhtml1-transitional.dtd">
<html xmlns="http://www.w3.org/1999/xhtml" xml:lang="en" lang="en">
 <head>
  <title>
</title>
<meta http-equiv="Content-Type" content="text/html;charset=utf-8" />
  <meta name='ocr-system' content='tesseract 3.04.00' />
  <meta name='ocr-capabilities' content='ocr_page ocr_carea ocr_par ocr_line ocrx_word'/>
</head>
<body>
  <div class='ocr_page' id='page_1' title='image "./numismatareaim00foyv_0274.png"; bbox 0 0 2491 4219; ppageno 0'>
   <div class='ocr_carea' id='block_1_1' title="bbox 224 242 1690 295">
    <p class='ocr_par' dir='ltr' id='par_1_1' title="bbox 224 242 1690 295">
     <span class='ocr_line' id='line_1_1' title="bbox 224 242 1690 295; baseline 0.009 -14"><span class='ocrx_word' id='word_1_1' title='bbox 224 252 256 290; x_wconf 79' lang='lat'>4</span> <span class='ocrx_word' id='word_1_2' title='bbox 561 254 566 257; x_wconf 93' lang='lat'>·</span> <span class='ocrx_word' id='word_1_3' title='bbox 837 242 1104 289; x_wconf 80' lang='lat' dir='ltr'>SEPT.</span> <span class='ocrx_word' id='word_1_4' title='bbox 1196 244 1690 295; x_wconf 73' lang='lat' dir='ltr'>SEVERUS.</span> 
     </span>
    </p>
   </div>
   <div class='ocr_carea' id='block_1_2' title="bbox 215 302 2340 703">
    <p class='ocr_par' dir='ltr' id='par_1_2' title="bbox 215 302 2340 703">
     <span class='ocr_line' id='line_1_2' title="bbox 224 302 2338 368; baseline 0.007 -25"><span class='ocrx_word' id='word_1_5' title='bbox 224 316 274 341; x_wconf 89' lang='lat' dir='ltr'>eo</span> <span class='ocrx_word' id='word_1_6' title='bbox 291 302 473 367; x_wconf 73' lang='lat' dir='ltr'>collatum</span> <span class='ocrx_word' id='word_1_7' title='bbox 501 304 624 347; x_wconf 84' lang='lat' dir='ltr'>forsan</span> <span class='ocrx_word' id='word_1_8' title='bbox 650 306 719 347; x_wconf 85' lang='lat' dir='ltr'>sub</span> <span class='ocrx_word' id='word_1_9' title='bbox 737 307 821 361; x_wconf 88' lang='lat' dir='ltr'>ejus</span> <span class='ocrx_word' id='word_1_10' title='bbox 845 310 994 363; x_wconf 88' lang='lat' dir='ltr'>imperii</span> <span class='ocrx_word' id='word_1_11' title='bbox 1019 309 1149 350; x_wconf 87' lang='lat' dir='ltr'>finem.</span> <span class='ocrx_word' id='word_1_12' title='bbox 1195 309 1303 351; x_wconf 76' lang='lat' dir='ltr'>Cum</span> <span class='ocrx_word' id='word_1_13' title='bbox 1323 323 1453 352; x_wconf 91' lang='lat' dir='ltr'>autem</span> <span class='ocrx_word' id='word_1_14' title='bbox 1470 314 1632 354; x_wconf 86' lang='lat' dir='ltr'>Severus</span> <span class='ocrx_word' id='word_1_15' title='bbox 1652 313 1741 368; x_wconf 90' lang='lat' dir='ltr'>post</span> <span class='ocrx_word' id='word_1_16' title='bbox 1757 311 1925 355; x_wconf 90' lang='lat' dir='ltr'>occisum</span> <span class='ocrx_word' id='word_1_17' title='bbox 1949 314 2216 358; x_wconf 79' lang='lat' dir='ltr'>Commodum</span> <span class='ocrx_word' id='word_1_18' title='bbox 2238 317 2338 360; x_wconf 81' lang='lat' dir='ltr'>solus</span> 
     </span>
     <span class='ocr_line' id='line_1_3' title="bbox 224 362 2338 428; baseline 0.009 -32"><span class='ocrx_word' id='word_1_19' title='bbox 224 371 359 418; x_wconf 73' lang='lat' dir='ltr'>eorum</span> <span class='ocrx_word' id='word_1_20' title='bbox 373 375 448 421; x_wconf 25' lang='lat' dir='ltr'>‘qui</span> <span class='ocrx_word' id='word_1_21' title='bbox 470 362 726 416; x_wconf 80' lang='lat' dir='ltr'>Imperatores</span> <span class='ocrx_word' id='word_1_22' title='bbox 744 364 917 404; x_wconf 82' lang='lat' dir='ltr'>Romani</span> <span class='ocrx_word' id='word_1_23' title='bbox 940 364 1091 405; x_wconf 85' lang='lat' dir='ltr'>fuerant</span> <span class='ocrx_word' id='word_1_24' title='bbox 1107 364 1326 413; x_wconf 84' lang='lat' dir='ltr'>acclamati,</span> <span class='ocrx_word' id='word_1_25' title='bbox 1355 367 1543 420; x_wconf 89' lang='lat' dir='ltr'>superstes</span> <span class='ocrx_word' id='word_1_26' title='bbox 1556 370 1726 410; x_wconf 56' lang='lat' dir='ltr'>&amp;vistor</span> <span class='ocrx_word' id='word_1_27' title='bbox 1742 370 1929 416; x_wconf 54' lang='lat' dir='ltr'>enitent,</span> <span class='ocrx_word' id='word_1_28' title='bbox 1958 371 2235 425; x_wconf 70' lang='lat' dir='ltr'>Capitolienles</span> <span class='ocrx_word' id='word_1_29' title='bbox 2244 387 2338 428; x_wconf 84' lang='lat' dir='ltr'>prae·</span> 
     </span>
     <span class='ocr_line' id='line_1_4' title="bbox 222 414 2340 479; baseline 0.008 -29"><span class='ocrx_word' id='word_1_30' title='bbox 222 415 347 453; x_wconf 80' lang='lat' dir='ltr'>iertim</span> <span class='ocrx_word' id='word_1_31' title='bbox 368 414 435 470; x_wconf 81' lang='lat' dir='ltr'>ipfi</span> <span class='ocrx_word' id='word_1_32' title='bbox 448 445 458 463; x_wconf 83' lang='lat'>‚</span> <span class='ocrx_word' id='word_1_33' title='bbox 471 433 474 436; x_wconf 54' lang='lat'><strong>⁴</strong></span> <span class='ocrx_word' id='word_1_34' title='bbox 489 418 600 471; x_wconf 73' lang='lat' dir='ltr'>quOd</span> <span class='ocrx_word' id='word_1_35' title='bbox 618 418 653 457; x_wconf 92' lang='lat' dir='ltr'>se</span> <span class='ocrx_word' id='word_1_36' title='bbox 671 419 796 459; x_wconf 83' lang='lat' dir='ltr'>Marci</span> <span class='ocrx_word' id='word_1_37' title='bbox 814 419 932 460; x_wconf 88' lang='lat' dir='ltr'>filium</span> <span class='ocrx_word' id='word_1_38' title='bbox 950 423 988 458; x_wconf 89' lang='lat'>&amp;</span> <span class='ocrx_word' id='word_1_39' title='bbox 1001 419 1219 459; x_wconf 84' lang='lat' dir='ltr'>Commodi</span> <span class='ocrx_word' id='word_1_40' title='bbox 1238 419 1391 461; x_wconf 88' lang='lat' dir='ltr'>fratrem</span> <span class='ocrx_word' id='word_1_41' title='bbox 1401 422 1606 464; x_wconf 79' lang='lat' dir='ltr'>afferuisset</span> <span class='ocrx_word' id='word_1_42' title='bbox 1617 451 1629 471; x_wconf 89' lang='lat'>,</span> <span class='ocrx_word' id='word_1_43' title='bbox 1657 439 1839 470; x_wconf 87' lang='lat' dir='ltr'><strong>nummos</strong></span> <span class='ocrx_word' id='word_1_44' title='bbox 1848 426 2132 479; x_wconf 74' lang='lat' dir='ltr'>percusserunt,</span> <span class='ocrx_word' id='word_1_45' title='bbox 2159 419 2340 470; x_wconf 80' lang='lat' dir='ltr'>Severum</span> 
     </span>
     <span class='ocr_line' id='line_1_5' title="bbox 222 468 2340 534; baseline 0.008 -27"><span class='ocrx_word' id='word_1_46' title='bbox 222 468 396 511; x_wconf 65' lang='lat' dir='ltr'>lactantes</span> <span class='ocrx_word' id='word_1_47' title='bbox 414 473 684 513; x_wconf 86' lang='lat' dir='ltr'>Commodum</span> <span class='ocrx_word' id='word_1_48' title='bbox 702 489 791 529; x_wconf 88' lang='lat' dir='ltr'>erga</span> <span class='ocrx_word' id='word_1_49' title='bbox 811 475 849 514; x_wconf 91' lang='lat' dir='ltr'>se</span> <span class='ocrx_word' id='word_1_50' title='bbox 875 473 1265 515; x_wconf 83' lang='lat' dir='ltr'>munificentiffimum</span> <span class='ocrx_word' id='word_1_51' title='bbox 1286 476 1503 531; x_wconf 87' lang='lat' dir='ltr'>Principem</span> <span class='ocrx_word' id='word_1_52' title='bbox 1531 479 1630 519; x_wconf 89' lang='lat' dir='ltr'>inter</span> <span class='ocrx_word' id='word_1_53' title='bbox 1657 479 1782 521; x_wconf 75' lang='lat' dir='ltr'>Div‘os</span> <span class='ocrx_word' id='word_1_54' title='bbox 1809 481 1940 522; x_wconf 85' lang='lat' dir='ltr'>referri</span> <span class='ocrx_word' id='word_1_55' title='bbox 1965 481 2126 534; x_wconf 81' lang='lat' dir='ltr'>juffiffe,</span> <span class='ocrx_word' id='word_1_56' title='bbox 2155 496 2197 524; x_wconf 93' lang='lat' dir='ltr'>ut</span> <span class='ocrx_word' id='word_1_57' title='bbox 2215 498 2340 525; x_wconf 87' lang='lat' dir='ltr'>narrat</span> 
     </span>
     <span class='ocr_line' id='line_1_6' title="bbox 222 524 2338 592; baseline 0.008 -29"><span class='ocrx_word' id='word_1_58' title='bbox 222 524 447 578; x_wconf 78' lang='lat' dir='ltr'>Spartianus</span> <span class='ocrx_word' id='word_1_59' title='bbox 466 529 505 567; x_wconf 92' lang='lat' dir='ltr'>in</span> <span class='ocrx_word' id='word_1_60' title='bbox 525 528 609 581; x_wconf 87' lang='lat' dir='ltr'>ejus</span> <span class='ocrx_word' id='word_1_61' title='bbox 628 529 715 570; x_wconf 88' lang='lat' dir='ltr'>vita.</span> <span class='ocrx_word' id='word_1_62' title='bbox 748 530 986 570; x_wconf 69' lang='lat' dir='ltr'>commodum</span> <span class='ocrx_word' id='word_1_63' title='bbox 1001 532 1104 569; x_wconf 86' lang='lat' dir='ltr'>inter</span> <span class='ocrx_word' id='word_1_64' title='bbox 1121 531 1260 570; x_wconf 71' lang='lat' dir='ltr'>‘Divos</span> <span class='ocrx_word' id='word_1_65' title='bbox 1285 531 1520 585; x_wconf 79' lang='lat' dir='ltr'>referendum</span> <span class='ocrx_word' id='word_1_66' title='bbox 1538 534 1706 586; x_wconf 76' lang='lat' dir='ltr'>cenfitit‚</span> <span class='ocrx_word' id='word_1_67' title='bbox 1733 535 1842 592; x_wconf 82' lang='lat' dir='ltr'>quast</span> <span class='ocrx_word' id='word_1_68' title='bbox 1851 537 1920 576; x_wconf 86' lang='lat' dir='ltr'>hoc</span> <span class='ocrx_word' id='word_1_69' title='bbox 1928 550 2067 591; x_wconf 82' lang='lat' dir='ltr'>genere</span> <span class='ocrx_word' id='word_1_70' title='bbox 2071 537 2120 589; x_wconf 71' lang='grc' dir='ltr'>[ὲ</span> <span class='ocrx_word' id='word_1_71' title='bbox 2135 538 2182 577; x_wconf 85' lang='lat' dir='ltr'>de</span> <span class='ocrx_word' id='word_1_72' title='bbox 2197 539 2338 580; x_wconf 81' lang='lat' dir='ltr'><em>Senatu</em></span> 
     </span>
     <span class='ocr_line' id='line_1_7' title="bbox 215 580 2339 642; baseline 0.008 -23"><span class='ocrx_word' id='word_1_73' title='bbox 215 580 337 642; x_wconf 55' lang='lat' dir='ltr'>posset</span> <span class='ocrx_word' id='word_1_74' title='bbox 359 581 490 634; x_wconf 66' lang='lat' dir='ltr'>nlcfii</span> <span class='ocrx_word' id='word_1_75' title='bbox 497 611 510 630; x_wconf 87' lang='lat'>‚</span> <span class='ocrx_word' id='word_1_76' title='bbox 530 585 748 640; x_wconf 70' lang='lat' dir='ltr'>primztfique</span> <span class='ocrx_word' id='word_1_77' title='bbox 764 587 866 625; x_wconf 82' lang='lat' dir='ltr'>inter</span> <span class='ocrx_word' id='word_1_78' title='bbox 881 587 1026 624; x_wconf 80' lang='lat' dir='ltr'>milites</span> <span class='ocrx_word' id='word_1_79' title='bbox 1043 585 1206 626; x_wconf 78' lang='lat' dir='ltr'>‘Divum</span> <span class='ocrx_word' id='word_1_80' title='bbox 1224 587 1468 628; x_wconf 84' lang='lat' dir='ltr'><em>Commodum</em></span> <span class='ocrx_word' id='word_1_81' title='bbox 1481 591 1765 642; x_wconf 80' lang='lat' dir='ltr'><em>pronunciavit.</em></span> <span class='ocrx_word' id='word_1_82' title='bbox 1795 591 1860 632; x_wconf 90' lang='lat' dir='ltr'>De</span> <span class='ocrx_word' id='word_1_83' title='bbox 1869 593 2023 633; x_wconf 88' lang='lat' dir='ltr'>Astarte</span> <span class='ocrx_word' id='word_1_84' title='bbox 2040 593 2103 632; x_wconf 92' lang='lat' dir='ltr'>seu</span> <span class='ocrx_word' id='word_1_85' title='bbox 2118 593 2290 642; x_wconf 85' lang='lat' dir='ltr'>Venere,</span> <span class='ocrx_word' id='word_1_86' title='bbox 2301 599 2339 636; x_wconf 74' lang='grc' dir='ltr'>ὃ(</span> 
     </span>
     <span class='ocr_line' id='line_1_8' title="bbox 221 634 2337 703; baseline 0.009 -29"><span class='ocrx_word' id='word_1_87' title='bbox 221 634 272 674; x_wconf 83' lang='lat' dir='ltr'>de</span> <span class='ocrx_word' id='word_1_88' title='bbox 289 650 374 689; x_wconf 69' lang='lat' dir='ltr'>ejus</span> <span class='ocrx_word' id='word_1_89' title='bbox 391 639 538 693; x_wconf 90' lang='lat' dir='ltr'>templo</span> <span class='ocrx_word' id='word_1_90' title='bbox 549 666 560 686; x_wconf 92' lang='lat'>,</span> <span class='ocrx_word' id='word_1_91' title='bbox 589 640 630 680; x_wconf 89' lang='lat' dir='ltr'>in</span> <span class='ocrx_word' id='word_1_92' title='bbox 646 642 740 681; x_wconf 88' lang='lat' dir='ltr'>Ant.</span> <span class='ocrx_word' id='word_1_93' title='bbox 755 641 826 680; x_wconf 89' lang='lat' dir='ltr'>Pio</span> <span class='ocrx_word' id='word_1_94' title='bbox 840 640 995 681; x_wconf 76' lang='lat' dir='ltr'>abunde</span> <span class='ocrx_word' id='word_1_95' title='bbox 1003 640 1150 681; x_wconf 57' lang='lat' dir='ltr'>dietum</span> <span class='ocrx_word' id='word_1_96' title='bbox 1159 641 1292 695; x_wconf 79' lang='lat' dir='ltr'>,cujus</span> <span class='ocrx_word' id='word_1_97' title='bbox 1302 643 1449 684; x_wconf 89' lang='lat' dir='ltr'>cultum</span> <span class='ocrx_word' id='word_1_98' title='bbox 1461 644 1774 700; x_wconf 68' lang='lat' dir='ltr'>Capitoliensesa&#39;</span> <span class='ocrx_word' id='word_1_99' title='bbox 1784 646 1928 703; x_wconf 81' lang='lat' dir='ltr'>Bybliis</span> <span class='ocrx_word' id='word_1_100' title='bbox 1937 648 2122 703; x_wconf 70' lang='lat' dir='ltr'>accepisse</span> <span class='ocrx_word' id='word_1_101' title='bbox 2129 650 2337 692; x_wconf 79' lang='lat' dir='ltr'>retulimus.</span> 
     </span>
    </p>
   </div>
   <div class='ocr_carea' id='block_1_3' title="bbox 278 711 1570 773">
    <p class='ocr_par' dir='ltr' id='par_1_3' title="bbox 278 711 1570 773">
     <span class='ocr_line' id='line_1_9' title="bbox 278 711 1570 773; baseline 0.009 -21"><span class='ocrx_word' id='word_1_102' title='bbox 278 713 362 754; x_wconf 78' lang='lat' dir='ltr'>Hic</span> <span class='ocrx_word' id='word_1_103' title='bbox 381 729 555 765; x_wconf 82' lang='lat' dir='ltr'>nummus</span> <span class='ocrx_word' id='word_1_104' title='bbox 559 717 742 771; x_wconf 78' lang='lat' dir='ltr'>ficundae</span> <span class='ocrx_word' id='word_1_105' title='bbox 746 718 888 773; x_wconf 84' lang='lat' dir='ltr'>formae</span> <span class='ocrx_word' id='word_1_106' title='bbox 902 721 944 759; x_wconf 85' lang='lat' dir='ltr'>in</span> <span class='ocrx_word' id='word_1_107' title='bbox 963 720 1150 759; x_wconf 82' lang='lat' dir='ltr'>rariorum</span> <span class='ocrx_word' id='word_1_108' title='bbox 1152 719 1258 771; x_wconf 66' lang='lat' dir='ltr'>sbrie</span> <span class='ocrx_word' id='word_1_109' title='bbox 1271 719 1552 771; x_wconf 83' lang='lat' dir='ltr'>describendus.</span> <span class='ocrx_word' id='word_1_110' title='bbox 1566 711 1570 714; x_wconf 16' lang='grc' dir='ltr'><strong><em>Δ</em></strong></span> 
     </span>
    </p>
   </div>
   <div class='ocr_carea' id='block_1_4' title="bbox 895 796 1690 853">
    <p class='ocr_par' dir='ltr' id='par_1_4' title="bbox 895 793 1836 853">
     <span class='ocr_line' id='line_1_10' title="bbox 895 796 1690 853; baseline 0.005 -16"><span class='ocrx_word' id='word_1_111' title='bbox 895 797 942 837; x_wconf 89' lang='lat' dir='ltr'><em>A</em></span> <span class='ocrx_word' id='word_1_112' title='bbox 970 796 1198 838; x_wconf 86' lang='lat' dir='ltr'><em>NTIO</em></span> <span class='ocrx_word' id='word_1_113' title='bbox 1228 798 1464 842; x_wconf 83' lang='lat' dir='ltr'><em>CHJA</em></span> <span class='ocrx_word' id='word_1_114' title='bbox 1519 800 1690 853; x_wconf 70' lang='lat' dir='ltr'>Pffidiae.</span> 
     </span>
    </p>
   </div>
   <div class='ocr_carea' id='block_1_5' title="bbox 1046 917 1496 1367">
    <p class='ocr_par' dir='ltr' id='par_1_5' title="bbox 1046 917 1496 1367">
     <span class='ocr_line' id='line_1_11' title="bbox 1046 917 1496 1367; baseline 0 2852"><span class='ocrx_word' id='word_1_115' title='bbox 1046 917 1496 1367; x_wconf 95' lang='lat' dir='ltr'> </span> 
     </span>
    </p>
   </div>
   <div class='ocr_carea' id='block_1_6' title="bbox 223 1397 2346 1629">
    <p class='ocr_par' dir='ltr' id='par_1_6' title="bbox 223 1397 2346 1629">
     <span class='ocr_line' id='line_1_12' title="bbox 223 1397 1878 1460; baseline -0.001 -14"><span class='ocrx_word' id='word_1_116' title='bbox 223 1419 239 1449; x_wconf 81' lang='lat'>1</span> <span class='ocrx_word' id='word_1_117' title='bbox 253 1420 287 1446; x_wconf 81' lang='lat' dir='ltr'>M</span> <span class='ocrx_word' id='word_1_118' title='bbox 301 1418 335 1445; x_wconf 78' lang='lat' dir='ltr'>p,</span> <span class='ocrx_word' id='word_1_119' title='bbox 368 1419 392 1445; x_wconf 87' lang='lat' dir='ltr'>c</span> <span class='ocrx_word' id='word_1_120' title='bbox 406 1418 431 1444; x_wconf 82' lang='lat' dir='ltr'><strong>A</strong></span> <span class='ocrx_word' id='word_1_121' title='bbox 446 1418 469 1444; x_wconf 83' lang='lat' dir='ltr'>E</span> <span class='ocrx_word' id='word_1_122' title='bbox 484 1417 518 1444; x_wconf 89' lang='lat' dir='ltr'>s.</span> <span class='ocrx_word' id='word_1_123' title='bbox 550 1419 590 1445; x_wconf 88' lang='lat' dir='ltr'>L.</span> <span class='ocrx_word' id='word_1_124' title='bbox 624 1417 643 1444; x_wconf 86' lang='lat' dir='ltr'>s</span> <span class='ocrx_word' id='word_1_125' title='bbox 661 1417 684 1443; x_wconf 70' lang='lat' dir='ltr'>i:</span> <span class='ocrx_word' id='word_1_126' title='bbox 697 1416 732 1443; x_wconf 83' lang='lat' dir='ltr'>P.</span> <span class='ocrx_word' id='word_1_127' title='bbox 761 1417 780 1443; x_wconf 88' lang='lat' dir='ltr'>s</span> <span class='ocrx_word' id='word_1_128' title='bbox 794 1417 818 1443; x_wconf 83' lang='lat' dir='ltr'><strong>E</strong></span> <span class='ocrx_word' id='word_1_129' title='bbox 832 1417 859 1442; x_wconf 87' lang='lat' dir='ltr'><strong>v</strong></span> <span class='ocrx_word' id='word_1_130' title='bbox 873 1417 897 1442; x_wconf 83' lang='lat' dir='ltr'>E</span> <span class='ocrx_word' id='word_1_131' title='bbox 911 1417 942 1444; x_wconf 78' lang='lat' dir='ltr'>R</span> <span class='ocrx_word' id='word_1_132' title='bbox 955 1416 1013 1443; x_wconf 88' lang='lat' dir='ltr'>vs.</span> <span class='ocrx_word' id='word_1_133' title='bbox 1048 1417 1070 1444; x_wconf 82' lang='lat' dir='ltr'>P</span> <span class='ocrx_word' id='word_1_134' title='bbox 1083 1418 1106 1445; x_wconf 83' lang='lat' dir='ltr'>E</span> <span class='ocrx_word' id='word_1_135' title='bbox 1120 1417 1164 1444; x_wconf 72' lang='lat' dir='ltr'>R.</span> <span class='ocrx_word' id='word_1_136' title='bbox 1195 1416 1221 1444; x_wconf 85' lang='lat' dir='ltr'>A</span> <span class='ocrx_word' id='word_1_137' title='bbox 1237 1416 1264 1444; x_wconf 87' lang='lat' dir='ltr'><strong>v</strong></span> <span class='ocrx_word' id='word_1_138' title='bbox 1277 1418 1317 1446; x_wconf 88' lang='lat' dir='ltr'>G.</span> <span class='ocrx_word' id='word_1_139' title='bbox 1347 1397 1483 1460; x_wconf 88' lang='lat' dir='ltr'>Caput</span> <span class='ocrx_word' id='word_1_140' title='bbox 1499 1403 1629 1447; x_wconf 85' lang='lat' dir='ltr'>Severi</span> <span class='ocrx_word' id='word_1_141' title='bbox 1653 1403 1878 1449; x_wconf 59' lang='lat' dir='ltr'>laureatum</span> 
     </span>
     <span class='ocr_line' id='line_1_13' title="bbox 281 1459 2344 1513; baseline 0 -11"><span class='ocrx_word' id='word_1_142' title='bbox 281 1477 305 1502; x_wconf 87' lang='lat' dir='ltr'>c</span> <span class='ocrx_word' id='word_1_143' title='bbox 321 1475 347 1501; x_wconf 94' lang='lat' dir='ltr'>o</span> <span class='ocrx_word' id='word_1_144' title='bbox 364 1474 400 1500; x_wconf 66' lang='lat' dir='ltr'>t„</span> <span class='ocrx_word' id='word_1_145' title='bbox 434 1475 457 1500; x_wconf 87' lang='lat' dir='ltr'>c</span> <span class='ocrx_word' id='word_1_146' title='bbox 472 1473 498 1499; x_wconf 84' lang='lat' dir='ltr'><strong>A</strong></span> <span class='ocrx_word' id='word_1_147' title='bbox 513 1474 536 1505; x_wconf 66' lang='grc' dir='ltr'>ε,</span> <span class='ocrx_word' id='word_1_148' title='bbox 554 1474 587 1500; x_wconf 91' lang='lat' dir='ltr'>s.</span> <span class='ocrx_word' id='word_1_149' title='bbox 619 1474 647 1500; x_wconf 83' lang='lat' dir='ltr'>A</span> <span class='ocrx_word' id='word_1_150' title='bbox 665 1474 694 1500; x_wconf 87' lang='lat' dir='ltr'>N</span> <span class='ocrx_word' id='word_1_151' title='bbox 708 1474 732 1500; x_wconf 91' lang='lat' dir='ltr'>T</span> <span class='ocrx_word' id='word_1_152' title='bbox 747 1474 762 1499; x_wconf 91' lang='lat'>1</span> <span class='ocrx_word' id='word_1_153' title='bbox 774 1474 800 1499; x_wconf 89' lang='lat' dir='ltr'>o</span> <span class='ocrx_word' id='word_1_154' title='bbox 815 1475 838 1501; x_wconf 86' lang='lat' dir='ltr'>c</span> <span class='ocrx_word' id='word_1_155' title='bbox 850 1474 890 1500; x_wconf 83' lang='lat' dir='ltr'>H.</span> <span class='ocrx_word' id='word_1_156' title='bbox 934 1459 1104 1500; x_wconf 82' lang='lat' dir='ltr'>&#39;Colonia</span> <span class='ocrx_word' id='word_1_157' title='bbox 1124 1459 1298 1513; x_wconf 58' lang='lat' dir='ltr'>Caesarea</span> <span class='ocrx_word' id='word_1_158' title='bbox 1318 1460 1597 1513; x_wconf 82' lang='lat' dir='ltr'>Antiochensts.</span> <span class='ocrx_word' id='word_1_159' title='bbox 1629 1461 1676 1501; x_wconf 90' lang='lat' dir='ltr'>In</span> <span class='ocrx_word' id='word_1_160' title='bbox 1696 1475 1783 1501; x_wconf 85' lang='lat' dir='ltr'>area</span> <span class='ocrx_word' id='word_1_161' title='bbox 1811 1461 1847 1501; x_wconf 91' lang='lat' dir='ltr'>S.</span> <span class='ocrx_word' id='word_1_162' title='bbox 1866 1459 1919 1501; x_wconf 90' lang='lat' dir='ltr'>R.</span> <span class='ocrx_word' id='word_1_163' title='bbox 1950 1460 2117 1502; x_wconf 84' lang='lat' dir='ltr'>Senatus</span> <span class='ocrx_word' id='word_1_164' title='bbox 2138 1460 2344 1504; x_wconf 76' lang='lat' dir='ltr'>Romanus,</span> 
     </span>
     <span class='ocr_line' id='line_1_14' title="bbox 277 1514 2346 1572; baseline 0 -13"><span class='ocrx_word' id='word_1_165' title='bbox 277 1518 389 1559; x_wconf 87' lang='lat' dir='ltr'>Deus</span> <span class='ocrx_word' id='word_1_166' title='bbox 400 1517 536 1557; x_wconf 87' lang='lat' dir='ltr'>Lunus</span> <span class='ocrx_word' id='word_1_167' title='bbox 554 1517 654 1558; x_wconf 89' lang='lat' dir='ltr'>stans</span> <span class='ocrx_word' id='word_1_168' title='bbox 671 1530 758 1557; x_wconf 88' lang='lat' dir='ltr'>cum</span> <span class='ocrx_word' id='word_1_169' title='bbox 779 1516 881 1571; x_wconf 91' lang='lat' dir='ltr'>pileo</span> <span class='ocrx_word' id='word_1_170' title='bbox 891 1515 1064 1572; x_wconf 86' lang='lat' dir='ltr'>Phrygio</span> <span class='ocrx_word' id='word_1_171' title='bbox 1084 1517 1123 1556; x_wconf 88' lang='lat' dir='ltr'>in</span> <span class='ocrx_word' id='word_1_172' title='bbox 1142 1517 1291 1572; x_wconf 81' lang='lat' dir='ltr'>capite,</span> <span class='ocrx_word' id='word_1_173' title='bbox 1320 1516 1514 1558; x_wconf 89' lang='lat' dir='ltr'>crescente</span> <span class='ocrx_word' id='word_1_174' title='bbox 1543 1516 1655 1558; x_wconf 91' lang='lat' dir='ltr'>Luna</span> <span class='ocrx_word' id='word_1_175' title='bbox 1674 1515 1788 1558; x_wconf 89' lang='lat' dir='ltr'>dorso</span> <span class='ocrx_word' id='word_1_176' title='bbox 1804 1514 2001 1572; x_wconf 79' lang='lat' dir='ltr'>apposita,</span> <span class='ocrx_word' id='word_1_177' title='bbox 2029 1517 2163 1559; x_wconf 69' lang='lat' dir='ltr'>dextra</span> <span class='ocrx_word' id='word_1_178' title='bbox 2177 1517 2346 1566; x_wconf 89' lang='lat' dir='ltr'>hastam,</span> 
     </span>
     <span class='ocr_line' id='line_1_15' title="bbox 277 1572 1277 1629; baseline -0.001 -15"><span class='ocrx_word' id='word_1_179' title='bbox 277 1574 374 1614; x_wconf 71' lang='lat' dir='ltr'>laeva</span> <span class='ocrx_word' id='word_1_180' title='bbox 390 1573 609 1620; x_wconf 55' lang='lat' dir='ltr'>vietoriam,</span> <span class='ocrx_word' id='word_1_181' title='bbox 639 1587 712 1627; x_wconf 89' lang='lat' dir='ltr'>pro</span> <span class='ocrx_word' id='word_1_182' title='bbox 721 1572 886 1629; x_wconf 89' lang='lat' dir='ltr'>pedibus</span> <span class='ocrx_word' id='word_1_183' title='bbox 895 1573 1014 1628; x_wconf 86' lang='lat' dir='ltr'>gallus</span> <span class='ocrx_word' id='word_1_184' title='bbox 1032 1573 1277 1629; x_wconf 82' lang='lat' dir='ltr'>gallinaceus.</span> 
     </span>
    </p>
   </div>
   <div class='ocr_carea' id='block_1_7' title="bbox 225 1648 2352 2150">
    <p class='ocr_par' dir='ltr' id='par_1_7' title="bbox 225 1648 2352 2150">
     <span class='ocr_line' id='line_1_16' title="bbox 280 1648 2346 1706; baseline -0 -12"><span class='ocrx_word' id='word_1_185' title='bbox 280 1651 565 1694; x_wconf 84' lang='lat' dir='ltr'>Antiochenses</span> <span class='ocrx_word' id='word_1_186' title='bbox 600 1652 747 1693; x_wconf 80' lang='lat' dir='ltr'>Pifidiae</span> <span class='ocrx_word' id='word_1_187' title='bbox 798 1651 904 1692; x_wconf 88' lang='lat' dir='ltr'>hunc</span> <span class='ocrx_word' id='word_1_188' title='bbox 949 1651 1249 1705; x_wconf 34' lang='lat' dir='ltr'>nummum-[in</span> <span class='ocrx_word' id='word_1_189' title='bbox 1258 1650 1389 1693; x_wconf 89' lang='lat' dir='ltr'>Severi</span> <span class='ocrx_word' id='word_1_190' title='bbox 1435 1650 1631 1692; x_wconf 91' lang='lat' dir='ltr'>honorem</span> <span class='ocrx_word' id='word_1_191' title='bbox 1671 1648 1758 1706; x_wconf 87' lang='lat' dir='ltr'>post</span> <span class='ocrx_word' id='word_1_192' title='bbox 1794 1649 2047 1692; x_wconf 86' lang='lat' dir='ltr'>Pescennium</span> <span class='ocrx_word' id='word_1_193' title='bbox 2080 1654 2120 1691; x_wconf 90' lang='lat'>&amp;</span> <span class='ocrx_word' id='word_1_194' title='bbox 2156 1651 2346 1693; x_wconf 88' lang='lat' dir='ltr'>Albinum</span> 
     </span>
     <span class='ocr_line' id='line_1_17' title="bbox 225 1702 2345 1763; baseline -0.001 -13"><span class='ocrx_word' id='word_1_195' title='bbox 225 1709 406 1750; x_wconf 61' lang='lat' dir='ltr'>devietos</span> <span class='ocrx_word' id='word_1_196' title='bbox 454 1707 671 1762; x_wconf 80' lang='lat' dir='ltr'>percuffiffe</span> <span class='ocrx_word' id='word_1_197' title='bbox 707 1707 889 1749; x_wconf 87' lang='lat' dir='ltr'>videntur</span> <span class='ocrx_word' id='word_1_198' title='bbox 914 1708 966 1748; x_wconf 92' lang='lat' dir='ltr'>ob</span> <span class='ocrx_word' id='word_1_199' title='bbox 1003 1708 1205 1748; x_wconf 67' lang='lat' dir='ltr'>vistoriam</span> <span class='ocrx_word' id='word_1_200' title='bbox 1231 1702 1370 1763; x_wconf 82' lang='lat' dir='ltr'>&#39;globo</span> <span class='ocrx_word' id='word_1_201' title='bbox 1399 1707 1647 1762; x_wconf 77' lang='lat' dir='ltr'>impositam,</span> <span class='ocrx_word' id='word_1_202' title='bbox 1677 1720 1797 1761; x_wconf 88' lang='lat' dir='ltr'>quam</span> <span class='ocrx_word' id='word_1_203' title='bbox 1832 1708 1929 1763; x_wconf 85' lang='lat' dir='ltr'>gerit</span> <span class='ocrx_word' id='word_1_204' title='bbox 1949 1707 2260 1762; x_wconf 88' lang='lat' dir='ltr'>Lunusipsorum</span> <span class='ocrx_word' id='word_1_205' title='bbox 2281 1720 2345 1748; x_wconf 91' lang='lat' dir='ltr'>tu-</span> 
     </span>
     <span class='ocr_line' id='line_1_18' title="bbox 225 1761 2347 1818; baseline -0.002 -12"><span class='ocrx_word' id='word_1_206' title='bbox 225 1766 353 1807; x_wconf 88' lang='lat' dir='ltr'>telaris</span> <span class='ocrx_word' id='word_1_207' title='bbox 382 1765 493 1805; x_wconf 90' lang='lat' dir='ltr'>Deus</span> <span class='ocrx_word' id='word_1_208' title='bbox 513 1792 525 1810; x_wconf 89' lang='lat'><strong><em>,</em></strong></span> <span class='ocrx_word' id='word_1_209' title='bbox 566 1764 672 1818; x_wconf 85' lang='lat' dir='ltr'>quafi</span> <span class='ocrx_word' id='word_1_210' title='bbox 711 1764 877 1803; x_wconf 89' lang='lat' dir='ltr'>Oriente</span> <span class='ocrx_word' id='word_1_211' title='bbox 902 1764 990 1818; x_wconf 88' lang='lat' dir='ltr'>post</span> <span class='ocrx_word' id='word_1_212' title='bbox 1023 1763 1192 1803; x_wconf 88' lang='lat' dir='ltr'>occisum</span> <span class='ocrx_word' id='word_1_213' title='bbox 1223 1763 1504 1811; x_wconf 88' lang='lat' dir='ltr'>Pescennium,</span> <span class='ocrx_word' id='word_1_214' title='bbox 1544 1767 1583 1803; x_wconf 88' lang='lat'>&amp;</span> <span class='ocrx_word' id='word_1_215' title='bbox 1610 1762 1828 1803; x_wconf 80' lang='lat' dir='ltr'>Occidente</span> <span class='ocrx_word' id='word_1_216' title='bbox 1859 1763 1946 1817; x_wconf 90' lang='lat' dir='ltr'>post</span> <span class='ocrx_word' id='word_1_217' title='bbox 1969 1761 2214 1804; x_wconf 69' lang='lat' dir='ltr'>interfestum</span> <span class='ocrx_word' id='word_1_218' title='bbox 2239 1762 2347 1803; x_wconf 88' lang='lat' dir='ltr'>Albi-</span> 
     </span>
     <span class='ocr_line' id='line_1_19' title="bbox 225 1817 2344 1874; baseline -0.001 -12"><span class='ocrx_word' id='word_1_219' title='bbox 225 1836 322 1863; x_wconf 89' lang='lat' dir='ltr'>num</span> <span class='ocrx_word' id='word_1_220' title='bbox 342 1822 381 1861; x_wconf 88' lang='lat' dir='ltr'>in</span> <span class='ocrx_word' id='word_1_221' title='bbox 398 1820 483 1873; x_wconf 85' lang='lat' dir='ltr'>ejus</span> <span class='ocrx_word' id='word_1_222' title='bbox 501 1820 694 1874; x_wconf 87' lang='lat' dir='ltr'>potestate</span> <span class='ocrx_word' id='word_1_223' title='bbox 715 1820 899 1867; x_wconf 71' lang='lat' dir='ltr'>redaffis,</span> <span class='ocrx_word' id='word_1_224' title='bbox 927 1819 1029 1860; x_wconf 87' lang='lat' dir='ltr'>orbis</span> <span class='ocrx_word' id='word_1_225' title='bbox 1057 1819 1242 1862; x_wconf 83' lang='lat' dir='ltr'>dominus</span> <span class='ocrx_word' id='word_1_226' title='bbox 1258 1819 1427 1860; x_wconf 84' lang='lat' dir='ltr'>extiterit</span> <span class='ocrx_word' id='word_1_227' title='bbox 1443 1845 1456 1866; x_wconf 91' lang='lat'>,</span> <span class='ocrx_word' id='word_1_228' title='bbox 1484 1820 1570 1866; x_wconf 85' lang='lat' dir='ltr'>seu,</span> <span class='ocrx_word' id='word_1_229' title='bbox 1592 1828 1636 1859; x_wconf 87' lang='lat' dir='ltr'>ut</span> <span class='ocrx_word' id='word_1_230' title='bbox 1652 1819 1693 1858; x_wconf 88' lang='lat' dir='ltr'>in</span> <span class='ocrx_word' id='word_1_231' title='bbox 1710 1819 1878 1859; x_wconf 89' lang='lat' dir='ltr'>nummis</span> <span class='ocrx_word' id='word_1_232' title='bbox 1896 1817 2110 1859; x_wconf 87' lang='lat' dir='ltr'>inscribitur</span> <span class='ocrx_word' id='word_1_233' title='bbox 2128 1832 2344 1860; x_wconf 78' lang='lat' dir='ltr'>PACATOR</span> 
     </span>
     <span class='ocr_line' id='line_1_20' title="bbox 229 1874 2347 1930; baseline 0 -12"><span class='ocrx_word' id='word_1_234' title='bbox 229 1892 256 1918; x_wconf 89' lang='lat' dir='ltr'>o</span> <span class='ocrx_word' id='word_1_235' title='bbox 271 1891 301 1917; x_wconf 77' lang='lat' dir='ltr'>R</span> <span class='ocrx_word' id='word_1_236' title='bbox 317 1892 339 1918; x_wconf 84' lang='lat' dir='ltr'>B</span> <span class='ocrx_word' id='word_1_237' title='bbox 353 1891 367 1916; x_wconf 96' lang='lat'>1</span> <span class='ocrx_word' id='word_1_238' title='bbox 381 1889 410 1916; x_wconf 84' lang='lat' dir='ltr'>s.</span> <span class='ocrx_word' id='word_1_239' title='bbox 440 1874 664 1916; x_wconf 76' lang='lat' dir='ltr'>Antiochiae</span> <span class='ocrx_word' id='word_1_240' title='bbox 681 1875 831 1915; x_wconf 82' lang='lat' dir='ltr'>Pisidiae</span> <span class='ocrx_word' id='word_1_241' title='bbox 849 1876 1027 1916; x_wconf 89' lang='lat' dir='ltr'>meminit</span> <span class='ocrx_word' id='word_1_242' title='bbox 1042 1876 1181 1916; x_wconf 82' lang='lat' dir='ltr'>Strabo</span> <span class='ocrx_word' id='word_1_243' title='bbox 1197 1876 1260 1916; x_wconf 90' lang='lat' dir='ltr'>lib.</span> <span class='ocrx_word' id='word_1_244' title='bbox 1287 1889 1347 1915; x_wconf 88' lang='lat'>12.</span> <span class='ocrx_word' id='word_1_245' title='bbox 1365 1889 1453 1930; x_wconf 88' lang='lat' dir='ltr'>pag·</span> <span class='ocrx_word' id='word_1_246' title='bbox 1470 1880 1558 1926; x_wconf 84' lang='lat'>569.</span> <span class='ocrx_word' id='word_1_247' title='bbox 1592 1879 1662 1916; x_wconf 66' lang='grc' dir='ltr'>τω)</span> <span class='ocrx_word' id='word_1_248' title='bbox 1677 1880 1709 1925; x_wconf 49' lang='grc' dir='ltr'><strong>ᾧ</strong></span> <span class='ocrx_word' id='word_1_249' title='bbox 1724 1879 1897 1927; x_wconf 67' lang='grc' dir='ltr'>Αντιάχεωιν</span> <span class='ocrx_word' id='word_1_250' title='bbox 1913 1879 2144 1926; x_wconf 58' lang='grc' dir='ltr'>ἔχωναίιόωύς</span> <span class='ocrx_word' id='word_1_251' title='bbox 2158 1884 2196 1929; x_wconf 69' lang='grc' dir='ltr'>τῇ</span> <span class='ocrx_word' id='word_1_252' title='bbox 2210 1883 2347 1925; x_wconf 58' lang='lat' dir='ltr'>niviala.</span> 
     </span>
     <span class='ocr_line' id='line_1_21' title="bbox 229 1931 2352 1981; baseline 0.002 -8"><span class='ocrx_word' id='word_1_253' title='bbox 229 1934 327 1974; x_wconf 73' lang='lat' dir='ltr'>Citm</span> <span class='ocrx_word' id='word_1_254' title='bbox 345 1934 446 1972; x_wconf 80' lang='lat' dir='ltr'>enim</span> <span class='ocrx_word' id='word_1_255' title='bbox 465 1931 718 1971; x_wconf 75' lang='lat' dir='ltr'>Antiochiam</span> <span class='ocrx_word' id='word_1_256' title='bbox 732 1931 899 1981; x_wconf 74' lang='lat' dir='ltr'>&#39;‘Pistdzae</span> <span class='ocrx_word' id='word_1_257' title='bbox 916 1934 1190 1972; x_wconf 84' lang='lat' dir='ltr'>conterminam</span> <span class='ocrx_word' id='word_1_258' title='bbox 1198 1931 1367 1972; x_wconf 82' lang='lat' dir='ltr'>haberet.</span> <span class='ocrx_word' id='word_1_259' title='bbox 1408 1932 1455 1971; x_wconf 88' lang='lat' dir='ltr'>In</span> <span class='ocrx_word' id='word_1_260' title='bbox 1472 1931 1546 1972; x_wconf 91' lang='lat' dir='ltr'>hac</span> <span class='ocrx_word' id='word_1_261' title='bbox 1569 1934 1665 1975; x_wconf 90' lang='lat' dir='ltr'>urbe</span> <span class='ocrx_word' id='word_1_262' title='bbox 1691 1934 1821 1976; x_wconf 92' lang='lat' dir='ltr'>Deum</span> <span class='ocrx_word' id='word_1_263' title='bbox 1841 1935 1996 1975; x_wconf 91' lang='lat' dir='ltr'>Lunum</span> <span class='ocrx_word' id='word_1_264' title='bbox 2031 1934 2176 1976; x_wconf 70' lang='lat' dir='ltr'>summa</span> <span class='ocrx_word' id='word_1_265' title='bbox 2195 1949 2352 1977; x_wconf 88' lang='lat' dir='ltr'>venera-</span> 
     </span>
     <span class='ocr_line' id='line_1_22' title="bbox 227 1987 2350 2045; baseline 0.002 -15"><span class='ocrx_word' id='word_1_266' title='bbox 227 1990 336 2030; x_wconf 88' lang='lat' dir='ltr'>tione</span> <span class='ocrx_word' id='word_1_267' title='bbox 354 1987 501 2028; x_wconf 89' lang='lat' dir='ltr'>cultum</span> <span class='ocrx_word' id='word_1_268' title='bbox 522 1988 562 2027; x_wconf 90' lang='lat' dir='ltr'>in</span> <span class='ocrx_word' id='word_1_269' title='bbox 585 1989 794 2028; x_wconf 81' lang='lat' dir='ltr'>Antonino</span> <span class='ocrx_word' id='word_1_270' title='bbox 811 1987 883 2028; x_wconf 90' lang='lat' dir='ltr'>Pio</span> <span class='ocrx_word' id='word_1_271' title='bbox 900 1988 1089 2034; x_wconf 84' lang='lat' dir='ltr'>diximus,</span> <span class='ocrx_word' id='word_1_272' title='bbox 1107 1989 1169 2028; x_wconf 89' lang='lat' dir='ltr'>cui</span> <span class='ocrx_word' id='word_1_273' title='bbox 1187 2001 1318 2028; x_wconf 89' lang='lat' dir='ltr'>comes</span> <span class='ocrx_word' id='word_1_274' title='bbox 1336 1987 1493 2028; x_wconf 88' lang='lat' dir='ltr'>additur</span> <span class='ocrx_word' id='word_1_275' title='bbox 1509 1987 1630 2043; x_wconf 87' lang='lat' dir='ltr'>gallus</span> <span class='ocrx_word' id='word_1_276' title='bbox 1647 1990 1902 2045; x_wconf 86' lang='lat' dir='ltr'>gallinaceus,</span> <span class='ocrx_word' id='word_1_277' title='bbox 1928 1989 2037 2045; x_wconf 77' lang='lat' dir='ltr'>quod</span> <span class='ocrx_word' id='word_1_278' title='bbox 2066 1992 2156 2032; x_wconf 75' lang='lat' dir='ltr'>cum</span> <span class='ocrx_word' id='word_1_279' title='bbox 2182 1991 2286 2032; x_wconf 89' lang='lat' dir='ltr'>idem</span> <span class='ocrx_word' id='word_1_280' title='bbox 2303 1992 2350 2035; x_wconf 86' lang='lat' dir='ltr'>fit</span> 
     </span>
     <span class='ocr_line' id='line_1_23' title="bbox 228 2042 2352 2103; baseline 0.001 -16"><span class='ocrx_word' id='word_1_281' title='bbox 228 2045 365 2087; x_wconf 90' lang='lat' dir='ltr'>Lunus</span> <span class='ocrx_word' id='word_1_282' title='bbox 383 2048 423 2084; x_wconf 63' lang='grc' dir='ltr'>ὃς</span> <span class='ocrx_word' id='word_1_283' title='bbox 441 2044 573 2090; x_wconf 85' lang='lat' dir='ltr'>Luna,</span> <span class='ocrx_word' id='word_1_284' title='bbox 601 2043 685 2084; x_wconf 84' lang='lat' dir='ltr'>haec</span> <span class='ocrx_word' id='word_1_285' title='bbox 705 2043 1005 2098; x_wconf 86' lang='lat' dir='ltr'>parturientibus</span> <span class='ocrx_word' id='word_1_286' title='bbox 1027 2042 1157 2085; x_wconf 87' lang='lat' dir='ltr'>favere</span> <span class='ocrx_word' id='word_1_287' title='bbox 1173 2044 1344 2093; x_wconf 88' lang='lat' dir='ltr'>dicatur,</span> <span class='ocrx_word' id='word_1_288' title='bbox 1373 2055 1419 2086; x_wconf 94' lang='lat' dir='ltr'>ut</span> <span class='ocrx_word' id='word_1_289' title='bbox 1436 2047 1475 2085; x_wconf 72' lang='grc' dir='ltr'>ὃ(</span> <span class='ocrx_word' id='word_1_290' title='bbox 1493 2044 1638 2101; x_wconf 87' lang='lat' dir='ltr'>gallum</span> <span class='ocrx_word' id='word_1_291' title='bbox 1663 2047 1709 2087; x_wconf 89' lang='lat' dir='ltr'>iis</span> <span class='ocrx_word' id='word_1_292' title='bbox 1725 2045 1875 2095; x_wconf 78' lang='lat' dir='ltr'>adesse,</span> <span class='ocrx_word' id='word_1_293' title='bbox 1901 2045 2106 2102; x_wconf 86' lang='lat' dir='ltr'>facilesque</span> <span class='ocrx_word' id='word_1_294' title='bbox 2120 2058 2250 2103; x_wconf 86' lang='lat' dir='ltr'>partus</span> <span class='ocrx_word' id='word_1_295' title='bbox 2268 2047 2352 2090; x_wconf 85' lang='lat' dir='ltr'>effi-</span> 
     </span>
     <span class='ocr_line' id='line_1_24' title="bbox 227 2099 2205 2150; baseline -0.001 -10"><span class='ocrx_word' id='word_1_296' title='bbox 227 2116 316 2149; x_wconf 69' lang='lat' dir='ltr'>cere</span> <span class='ocrx_word' id='word_1_297' title='bbox 333 2112 463 2142; x_wconf 87' lang='lat' dir='ltr'>narrat</span> <span class='ocrx_word' id='word_1_298' title='bbox 477 2099 658 2141; x_wconf 83' lang='lat' dir='ltr'>AElianus</span> <span class='ocrx_word' id='word_1_299' title='bbox 675 2099 738 2141; x_wconf 89' lang='lat' dir='ltr'>lib.</span> <span class='ocrx_word' id='word_1_300' title='bbox 766 2111 802 2150; x_wconf 88' lang='lat'>5.</span> <span class='ocrx_word' id='word_1_301' title='bbox 823 2099 874 2140; x_wconf 92' lang='lat' dir='ltr'>de</span> <span class='ocrx_word' id='word_1_302' title='bbox 890 2099 994 2141; x_wconf 78' lang='lat' dir='ltr'>varia</span> <span class='ocrx_word' id='word_1_303' title='bbox 1007 2099 1110 2140; x_wconf 68' lang='lat' dir='ltr'>Hist.</span> <span class='ocrx_word' id='word_1_304' title='bbox 1198 2117 1201 2120; x_wconf 55' lang='lat'><strong>⁴</strong></span> <span class='ocrx_word' id='word_1_305' title='bbox 1707 2121 1711 2125; x_wconf 94' lang='lat'><em>·</em></span> <span class='ocrx_word' id='word_1_306' title='bbox 1955 2104 1960 2109; x_wconf 80' lang='lat'>‘</span> <span class='ocrx_word' id='word_1_307' title='bbox 2202 2131 2205 2133; x_wconf 94' lang='lat'>.</span> 
     </span>
    </p>
   </div>
   <div class='ocr_carea' id='block_1_8' title="bbox 237 2171 1492 2240">
    <p class='ocr_par' dir='ltr' id='par_1_8' title="bbox 237 2171 1492 2240">
     <span class='ocr_line' id='line_1_25' title="bbox 237 2171 1492 2240; baseline -0.005 -14"><span class='ocrx_word' id='word_1_308' title='bbox 237 2184 251 2207; x_wconf 57' lang='lat' dir='ltr'>ss·</span> <span class='ocrx_word' id='word_1_309' title='bbox 283 2178 370 2226; x_wconf 83' lang='lat' dir='ltr'>Hic</span> <span class='ocrx_word' id='word_1_310' title='bbox 387 2171 565 2239; x_wconf 62' lang='lat' dir='ltr'>nummis</span> <span class='ocrx_word' id='word_1_311' title='bbox 579 2180 739 2240; x_wconf 73' lang='lat' dir='ltr'>majoris</span> <span class='ocrx_word' id='word_1_312' title='bbox 741 2179 888 2236; x_wconf 83' lang='lat' dir='ltr'>formae</span> <span class='ocrx_word' id='word_1_313' title='bbox 901 2180 1005 2238; x_wconf 60' lang='lat' dir='ltr'>infer</span> <span class='ocrx_word' id='word_1_314' title='bbox 1023 2179 1187 2221; x_wconf 73' lang='lat' dir='ltr'>rariores</span> <span class='ocrx_word' id='word_1_315' title='bbox 1201 2179 1472 2233; x_wconf 37' lang='lat' dir='ltr'>numeranda&amp;</span> <span class='ocrx_word' id='word_1_316' title='bbox 1490 2229 1492 2231; x_wconf 21' lang='grc' dir='ltr'>Ι</span> 
     </span>
    </p>
   </div>
   <div class='ocr_carea' id='block_1_9' title="bbox 1114 2305 1439 2628">
    <p class='ocr_par' dir='ltr' id='par_1_9' title="bbox 1114 2305 1439 2628">
     <span class='ocr_line' id='line_1_26' title="bbox 1114 2305 1439 2628; baseline 0 1591"><span class='ocrx_word' id='word_1_317' title='bbox 1114 2305 1439 2628; x_wconf 95' lang='lat' dir='ltr'> </span> 
     </span>
    </p>
   </div>
   <div class='ocr_carea' id='block_1_10' title="bbox 242 2751 2359 2859">
    <p class='ocr_par' dir='ltr' id='par_1_10' title="bbox 242 2751 2359 2859">
     <span class='ocr_line' id='line_1_27' title="bbox 242 2751 1937 2808; baseline -0.009 -7"><span class='ocrx_word' id='word_1_318' title='bbox 242 2769 260 2801; x_wconf 87' lang='lat' dir='ltr'>s</span> <span class='ocrx_word' id='word_1_319' title='bbox 277 2774 302 2800; x_wconf 77' lang='grc' dir='ltr'>Ε</span> <span class='ocrx_word' id='word_1_320' title='bbox 315 2773 342 2798; x_wconf 91' lang='lat' dir='ltr'>v</span> <span class='ocrx_word' id='word_1_321' title='bbox 356 2772 380 2798; x_wconf 81' lang='lat' dir='ltr'>E</span> <span class='ocrx_word' id='word_1_322' title='bbox 391 2771 422 2798; x_wconf 79' lang='lat' dir='ltr'>R</span> <span class='ocrx_word' id='word_1_323' title='bbox 435 2768 460 2794; x_wconf 85' lang='lat' dir='ltr'>v</span> <span class='ocrx_word' id='word_1_324' title='bbox 474 2770 491 2796; x_wconf 90' lang='lat' dir='ltr'>s</span> <span class='ocrx_word' id='word_1_325' title='bbox 523 2770 544 2795; x_wconf 76' lang='lat' dir='ltr'>p</span> <span class='ocrx_word' id='word_1_326' title='bbox 558 2769 573 2795; x_wconf 93' lang='lat'>1</span> <span class='ocrx_word' id='word_1_327' title='bbox 586 2768 613 2795; x_wconf 89' lang='lat' dir='ltr'>v</span> <span class='ocrx_word' id='word_1_328' title='bbox 625 2769 642 2795; x_wconf 92' lang='lat' dir='ltr'>s</span> <span class='ocrx_word' id='word_1_329' title='bbox 672 2769 699 2794; x_wconf 87' lang='lat' dir='ltr'>A</span> <span class='ocrx_word' id='word_1_330' title='bbox 713 2770 735 2795; x_wconf 88' lang='lat' dir='ltr'>v</span> <span class='ocrx_word' id='word_1_331' title='bbox 752 2768 792 2795; x_wconf 84' lang='lat' dir='ltr'>G.</span> <span class='ocrx_word' id='word_1_332' title='bbox 854 2753 990 2808; x_wconf 88' lang='lat' dir='ltr'>Caput</span> <span class='ocrx_word' id='word_1_333' title='bbox 1013 2751 1144 2793; x_wconf 88' lang='lat' dir='ltr'>Severi</span> <span class='ocrx_word' id='word_1_334' title='bbox 1159 2751 1384 2792; x_wconf 87' lang='lat' dir='ltr'>laureatum.</span> <span class='ocrx_word' id='word_1_335' title='bbox 1930 2797 1937 2804; x_wconf 44' lang='lat'><strong>·</strong></span> 
     </span>
     <span class='ocr_line' id='line_1_28' title="bbox 298 2795 2359 2859; baseline -0.008 -5"><span class='ocrx_word' id='word_1_336' title='bbox 298 2830 321 2856; x_wconf 83' lang='lat' dir='ltr'>c</span> <span class='ocrx_word' id='word_1_337' title='bbox 333 2829 360 2854; x_wconf 95' lang='lat' dir='ltr'>o</span> <span class='ocrx_word' id='word_1_338' title='bbox 374 2829 412 2854; x_wconf 88' lang='lat' dir='ltr'>L.</span> <span class='ocrx_word' id='word_1_339' title='bbox 445 2826 473 2852; x_wconf 78' lang='lat' dir='ltr'>A</span> <span class='ocrx_word' id='word_1_340' title='bbox 487 2826 517 2851; x_wconf 83' lang='lat' dir='ltr'>N</span> <span class='ocrx_word' id='word_1_341' title='bbox 531 2826 554 2850; x_wconf 84' lang='grc' dir='ltr'>τ</span> <span class='ocrx_word' id='word_1_342' title='bbox 569 2826 582 2850; x_wconf 91' lang='lat'>1</span> <span class='ocrx_word' id='word_1_343' title='bbox 595 2826 621 2851; x_wconf 92' lang='lat' dir='ltr'>o</span> <span class='ocrx_word' id='word_1_344' title='bbox 633 2827 655 2851; x_wconf 83' lang='lat' dir='ltr'>c</span> <span class='ocrx_word' id='word_1_345' title='bbox 668 2826 697 2851; x_wconf 76' lang='lat' dir='ltr'>u</span> <span class='ocrx_word' id='word_1_346' title='bbox 713 2825 736 2850; x_wconf 85' lang='lat' dir='ltr'>E</span> <span class='ocrx_word' id='word_1_347' title='bbox 750 2823 792 2849; x_wconf 86' lang='lat' dir='ltr'>N.</span> <span class='ocrx_word' id='word_1_348' title='bbox 854 2810 1009 2850; x_wconf 79' lang='lat' dir='ltr'>Colonia</span> <span class='ocrx_word' id='word_1_349' title='bbox 1025 2807 1304 2859; x_wconf 80' lang='lat' dir='ltr'>Antiochensts.</span> <span class='ocrx_word' id='word_1_350' title='bbox 1362 2803 1509 2847; x_wconf 87' lang='lat' dir='ltr'>Mulier</span> <span class='ocrx_word' id='word_1_351' title='bbox 1528 2815 1619 2844; x_wconf 90' lang='lat' dir='ltr'>cum</span> <span class='ocrx_word' id='word_1_352' title='bbox 1636 2798 1789 2844; x_wconf 84' lang='lat' dir='ltr'>calatho</span> <span class='ocrx_word' id='word_1_353' title='bbox 1806 2799 1845 2842; x_wconf 89' lang='lat' dir='ltr'>in</span> <span class='ocrx_word' id='word_1_354' title='bbox 1854 2808 1979 2853; x_wconf 78' lang='lat' dir='ltr'>capite</span> <span class='ocrx_word' id='word_1_355' title='bbox 1991 2795 2127 2838; x_wconf 86' lang='lat' dir='ltr'>stolata</span> <span class='ocrx_word' id='word_1_356' title='bbox 2136 2795 2257 2844; x_wconf 85' lang='lat' dir='ltr'>stans,</span> <span class='ocrx_word' id='word_1_357' title='bbox 2267 2795 2359 2838; x_wconf 87' lang='lat' dir='ltr'>dex·</span> 
     </span>
    </p>
   </div>
   <div class='ocr_carea' id='block_1_11' title="bbox 241 2866 948 2926">
    <p class='ocr_par' dir='ltr' id='par_1_11' title="bbox 241 2866 948 2926">
     <span class='ocr_line' id='line_1_29' title="bbox 241 2866 948 2926; baseline -0.013 -13"><span class='ocrx_word' id='word_1_358' title='bbox 241 2873 298 2913; x_wconf 58' lang='lat' dir='ltr'>trit</span> <span class='ocrx_word' id='word_1_359' title='bbox 314 2882 487 2926; x_wconf 87' lang='lat' dir='ltr'>pateram</span> <span class='ocrx_word' id='word_1_360' title='bbox 499 2895 510 2914; x_wconf 86' lang='lat'>‚</span> <span class='ocrx_word' id='word_1_361' title='bbox 529 2866 672 2906; x_wconf 81' lang='lat' dir='ltr'>sinistra</span> <span class='ocrx_word' id='word_1_362' title='bbox 691 2867 948 2919; x_wconf 79' lang='lat' dir='ltr'>cornucopiae.</span> 
     </span>
    </p>
   </div>
   <div class='ocr_carea' id='block_1_12' title="bbox 245 2928 2368 3500">
    <p class='ocr_par' dir='ltr' id='par_1_12' title="bbox 245 2928 2368 3500">
     <span class='ocr_line' id='line_1_30' title="bbox 297 2928 2361 2993; baseline -0.01 -5"><span class='ocrx_word' id='word_1_363' title='bbox 297 2945 580 2989; x_wconf 87' lang='lat' dir='ltr'>Antiochenses</span> <span class='ocrx_word' id='word_1_364' title='bbox 592 2946 630 2985; x_wconf 90' lang='lat' dir='ltr'>in</span> <span class='ocrx_word' id='word_1_365' title='bbox 648 2944 816 2984; x_wconf 89' lang='lat' dir='ltr'>nummis</span> <span class='ocrx_word' id='word_1_366' title='bbox 833 2942 1147 2984; x_wconf 88' lang='lat' dir='ltr'>SeveriGeniurn</span> <span class='ocrx_word' id='word_1_367' title='bbox 1157 2940 1259 2980; x_wconf 90' lang='lat' dir='ltr'>urbis</span> <span class='ocrx_word' id='word_1_368' title='bbox 1278 2938 1352 2979; x_wconf 84' lang='lat' dir='ltr'>suae</span> <span class='ocrx_word' id='word_1_369' title='bbox 1362 2952 1452 2980; x_wconf 91' lang='lat' dir='ltr'>curn</span> <span class='ocrx_word' id='word_1_370' title='bbox 1461 2949 1592 2993; x_wconf 87' lang='lat' dir='ltr'>patera</span> <span class='ocrx_word' id='word_1_371' title='bbox 1611 2934 1758 2991; x_wconf 85' lang='lat' dir='ltr'>fignare</span> <span class='ocrx_word' id='word_1_372' title='bbox 1776 2932 1976 2993; x_wconf 79' lang='lat' dir='ltr'>videntur,</span> <span class='ocrx_word' id='word_1_373' title='bbox 2005 2941 2048 2972; x_wconf 88' lang='lat' dir='ltr'>ut</span> <span class='ocrx_word' id='word_1_374' title='bbox 2068 2928 2245 2991; x_wconf 73' lang='lat' dir='ltr'>sacrificia</span> <span class='ocrx_word' id='word_1_375' title='bbox 2263 2929 2301 2970; x_wconf 88' lang='lat' dir='ltr'>se</span> <span class='ocrx_word' id='word_1_376' title='bbox 2319 2931 2361 2972; x_wconf 85' lang='lat' dir='ltr'>in</span> 
     </span>
     <span class='ocr_line' id='line_1_31' title="bbox 245 2985 2364 3055; baseline -0.01 -9"><span class='ocrx_word' id='word_1_377' title='bbox 245 3006 414 3047; x_wconf 54' lang='lat' dir='ltr'>vistoria:</span> <span class='ocrx_word' id='word_1_378' title='bbox 437 3016 554 3043; x_wconf 89' lang='lat' dir='ltr'>omen</span> <span class='ocrx_word' id='word_1_379' title='bbox 581 2999 814 3055; x_wconf 73' lang='lat' dir='ltr'>perpetrasse</span> <span class='ocrx_word' id='word_1_380' title='bbox 831 2999 1079 3044; x_wconf 81' lang='lat' dir='ltr'>testarentur,</span> <span class='ocrx_word' id='word_1_381' title='bbox 1108 2996 1192 3050; x_wconf 86' lang='lat' dir='ltr'>ipso</span> <span class='ocrx_word' id='word_1_382' title='bbox 1216 2999 1257 3034; x_wconf 84' lang='lat' dir='ltr'>in</span> <span class='ocrx_word' id='word_1_383' title='bbox 1276 2994 1439 3034; x_wconf 89' lang='lat' dir='ltr'>Parthos</span> <span class='ocrx_word' id='word_1_384' title='bbox 1463 2992 1726 3033; x_wconf 91' lang='lat' dir='ltr'>contendente</span> <span class='ocrx_word' id='word_1_385' title='bbox 1739 3010 1751 3037; x_wconf 77' lang='lat'>3</span> <span class='ocrx_word' id='word_1_386' title='bbox 1777 3003 1866 3029; x_wconf 91' lang='lat' dir='ltr'>nam</span> <span class='ocrx_word' id='word_1_387' title='bbox 1885 2988 1938 3029; x_wconf 81' lang='lat' dir='ltr'>illi</span> <span class='ocrx_word' id='word_1_388' title='bbox 1961 2985 2286 3040; x_wconf 85' lang='lat' dir='ltr'>Mesopotamiam</span> <span class='ocrx_word' id='word_1_389' title='bbox 2297 3000 2364 3026; x_wconf 59' lang='lat' dir='ltr'>oca</span> 
     </span>
     <span class='ocr_line' id='line_1_32' title="bbox 250 3045 2360 3116; baseline -0.01 -15"><span class='ocrx_word' id='word_1_390' title='bbox 250 3071 508 3116; x_wconf 83' lang='lat' dir='ltr'>cupaverant‚</span> <span class='ocrx_word' id='word_1_391' title='bbox 537 3058 632 3097; x_wconf 87' lang='lat' dir='ltr'>dum</span> <span class='ocrx_word' id='word_1_392' title='bbox 652 3058 683 3096; x_wconf 88' lang='lat' dir='ltr'>is</span> <span class='ocrx_word' id='word_1_393' title='bbox 707 3055 851 3095; x_wconf 87' lang='lat' dir='ltr'>Albino</span> <span class='ocrx_word' id='word_1_394' title='bbox 870 3053 1012 3093; x_wconf 90' lang='lat' dir='ltr'>bellum</span> <span class='ocrx_word' id='word_1_395' title='bbox 1033 3053 1233 3096; x_wconf 85' lang='lat' dir='ltr'>intulerat,</span> <span class='ocrx_word' id='word_1_396' title='bbox 1251 3061 1294 3089; x_wconf 91' lang='lat' dir='ltr'>ut</span> <span class='ocrx_word' id='word_1_397' title='bbox 1312 3049 1427 3089; x_wconf 89' lang='lat' dir='ltr'>tradit</span> <span class='ocrx_word' id='word_1_398' title='bbox 1439 3049 1520 3088; x_wconf 88' lang='lat' dir='ltr'>Dio</span> <span class='ocrx_word' id='word_1_399' title='bbox 1531 3048 1594 3087; x_wconf 88' lang='lat' dir='ltr'>lib.</span> <span class='ocrx_word' id='word_1_400' title='bbox 1608 3059 1674 3098; x_wconf 82' lang='lat'>75.</span> <span class='ocrx_word' id='word_1_401' title='bbox 1685 3060 1771 3100; x_wconf 88' lang='lat' dir='ltr'>pag.</span> <span class='ocrx_word' id='word_1_402' title='bbox 1788 3047 1880 3097; x_wconf 83' lang='lat'>853.</span> <span class='ocrx_word' id='word_1_403' title='bbox 1912 3046 2002 3082; x_wconf 75' lang='grc' dir='ltr'>Μετοὲ</span> <span class='ocrx_word' id='word_1_404' title='bbox 2024 3045 2044 3091; x_wconf 66' lang='lat'>{3</span> <span class='ocrx_word' id='word_1_405' title='bbox 2072 3047 2194 3080; x_wconf 71' lang='grc' dir='ltr'>πιῦπιὸ</span> <span class='ocrx_word' id='word_1_406' title='bbox 2217 3046 2360 3102; x_wconf 59' lang='grc' dir='ltr'>Σεξῇρεφ·</span> 
     </span>
     <span class='ocr_line' id='line_1_33' title="bbox 252 3097 2365 3160; baseline -0.009 -10"><span class='ocrx_word' id='word_1_407' title='bbox 252 3115 422 3153; x_wconf 40' lang='lat' dir='ltr'>ineram&amp;</span> <span class='ocrx_word' id='word_1_408' title='bbox 438 3115 537 3160; x_wconf 57' lang='grc' dir='ltr'>,ξτῶν</span> <span class='ocrx_word' id='word_1_409' title='bbox 552 3111 696 3157; x_wconf 63' lang='grc' dir='ltr'>Πάρθων.</span> <span class='ocrx_word' id='word_1_410' title='bbox 719 3106 906 3160; x_wconf 49' lang='grc' dir='ltr'>οἱχολεμῆόψ</span> <span class='ocrx_word' id='word_1_411' title='bbox 923 3109 1046 3153; x_wconf 47' lang='lat' dir='ltr'>fficium?</span> <span class='ocrx_word' id='word_1_412' title='bbox 1060 3113 1084 3143; x_wconf 80' lang='grc' dir='ltr'>ἐς</span> <span class='ocrx_word' id='word_1_413' title='bbox 1093 3107 1478 3159; x_wconf 44' lang='grc' dir='ltr'>τέςέμφυλίεςπολὲμες,.</span> <span class='ocrx_word' id='word_1_414' title='bbox 1490 3105 1593 3137; x_wconf 60' lang='grc' dir='ltr'>ἐκψὲίνοι</span> <span class='ocrx_word' id='word_1_415' title='bbox 1611 3098 1905 3155; x_wconf 43' lang='grc' dir='ltr'>ἀδείαλοιζόμκῖγσι,</span> <span class='ocrx_word' id='word_1_416' title='bbox 1929 3097 1983 3134; x_wconf 64' lang='lat' dir='ltr'>vlu&gt;</span> <span class='ocrx_word' id='word_1_417' title='bbox 1998 3101 2267 3154; x_wconf 41' lang='lat' dir='ltr'>w.Mtopmwfalocv</span> <span class='ocrx_word' id='word_1_418' title='bbox 2276 3101 2365 3137; x_wconf 75' lang='grc' dir='ltr'>ἑιλον,</span> 
     </span>
     <span class='ocr_line' id='line_1_34' title="bbox 253 3144 2367 3214; baseline -0.009 -9"><span class='ocrx_word' id='word_1_419' title='bbox 253 3151 459 3214; x_wconf 39' lang='lat' dir='ltr'>„stolonum</span> <span class='ocrx_word' id='word_1_420' title='bbox 469 3166 665 3213; x_wconf 51' lang='grc' dir='ltr'>παμπληθεὶ.</span> <span class='ocrx_word' id='word_1_421' title='bbox 692 3160 787 3212; x_wconf 73' lang='lat' dir='ltr'>Post</span> <span class='ocrx_word' id='word_1_422' title='bbox 799 3159 880 3198; x_wconf 84' lang='lat' dir='ltr'>haec</span> <span class='ocrx_word' id='word_1_423' title='bbox 891 3157 1027 3197; x_wconf 79' lang='lat' dir='ltr'>bellum</span> <span class='ocrx_word' id='word_1_424' title='bbox 1035 3154 1172 3196; x_wconf 78' lang='lat' dir='ltr'>intulit</span> <span class='ocrx_word' id='word_1_425' title='bbox 1193 3153 1360 3195; x_wconf 76' lang='lat' dir='ltr'>‘Parthis</span> <span class='ocrx_word' id='word_1_426' title='bbox 1373 3181 1385 3200; x_wconf 83' lang='lat'>‚</span> <span class='ocrx_word' id='word_1_427' title='bbox 1413 3166 1478 3208; x_wconf 82' lang='lat' dir='ltr'>qm</span> <span class='ocrx_word' id='word_1_428' title='bbox 1490 3158 1669 3205; x_wconf 85' lang='lat' dir='ltr'>occupato</span> <span class='ocrx_word' id='word_1_429' title='bbox 1680 3148 1819 3189; x_wconf 84' lang='lat' dir='ltr'>Severo</span> <span class='ocrx_word' id='word_1_430' title='bbox 1835 3162 1876 3187; x_wconf 81' lang='lat' dir='ltr'>tn</span> <span class='ocrx_word' id='word_1_431' title='bbox 1884 3148 1991 3208; x_wconf 62' lang='grc' dir='ltr'>ἐθίζω·</span> <span class='ocrx_word' id='word_1_432' title='bbox 2000 3146 2182 3187; x_wconf 79' lang='lat' dir='ltr'><em>ctvtlzbus</em></span> <span class='ocrx_word' id='word_1_433' title='bbox 2189 3174 2202 3193; x_wconf 90' lang='lat'>,</span> <span class='ocrx_word' id='word_1_434' title='bbox 2214 3144 2367 3208; x_wconf 57' lang='lat' dir='ltr'>arrepta</span> 
     </span>
     <span class='ocr_line' id='line_1_35' title="bbox 256 3202 2366 3275; baseline -0.01 -13"><span class='ocrx_word' id='word_1_435' title='bbox 256 3221 414 3264; x_wconf 54' lang='lat' dir='ltr'>licentia}</span> <span class='ocrx_word' id='word_1_436' title='bbox 432 3220 748 3275; x_wconf 72' lang='lat' dir='ltr'>Alefopotamiam</span> <span class='ocrx_word' id='word_1_437' title='bbox 765 3222 940 3269; x_wconf 77' lang='lat' dir='ltr'>ceperant</span> <span class='ocrx_word' id='word_1_438' title='bbox 951 3241 962 3259; x_wconf 89' lang='lat'>‚</span> <span class='ocrx_word' id='word_1_439' title='bbox 978 3214 1126 3268; x_wconf 79' lang='lat' dir='ltr'>magnis</span> <span class='ocrx_word' id='word_1_440' title='bbox 1142 3212 1255 3264; x_wconf 78' lang='lat' dir='ltr'>copiis</span> <span class='ocrx_word' id='word_1_441' title='bbox 1276 3209 1482 3249; x_wconf 62' lang='lat' dir='ltr'>condueiis.</span> <span class='ocrx_word' id='word_1_442' title='bbox 1549 3206 1645 3247; x_wconf 93' lang='lat' dir='ltr'>Mos</span> <span class='ocrx_word' id='word_1_443' title='bbox 1665 3206 1767 3245; x_wconf 90' lang='lat' dir='ltr'>enim</span> <span class='ocrx_word' id='word_1_444' title='bbox 1786 3204 1976 3244; x_wconf 87' lang='lat' dir='ltr'>Romanis</span> <span class='ocrx_word' id='word_1_445' title='bbox 1993 3213 2072 3244; x_wconf 88' lang='lat' dir='ltr'>erat</span> <span class='ocrx_word' id='word_1_446' title='bbox 2089 3216 2234 3257; x_wconf 77' lang='lat' dir='ltr'>precari</span> <span class='ocrx_word' id='word_1_447' title='bbox 2254 3202 2366 3263; x_wconf 67' lang='lat' dir='ltr'>Deos</span> 
     </span>
     <span class='ocr_line' id='line_1_36' title="bbox 256 3256 2365 3324; baseline -0.012 -4"><span class='ocrx_word' id='word_1_448' title='bbox 256 3293 302 3320; x_wconf 90' lang='lat' dir='ltr'>ut</span> <span class='ocrx_word' id='word_1_449' title='bbox 319 3279 407 3318; x_wconf 73' lang='lat' dir='ltr'>felix</span> <span class='ocrx_word' id='word_1_450' title='bbox 422 3279 510 3318; x_wconf 90' lang='lat' dir='ltr'>belli</span> <span class='ocrx_word' id='word_1_451' title='bbox 531 3276 624 3318; x_wconf 80' lang='lat' dir='ltr'>effet</span> <span class='ocrx_word' id='word_1_452' title='bbox 645 3286 826 3318; x_wconf 85' lang='lat' dir='ltr'>eventus,</span> <span class='ocrx_word' id='word_1_453' title='bbox 855 3268 1110 3324; x_wconf 83' lang='lat' dir='ltr'>adstipulante</span> <span class='ocrx_word' id='word_1_454' title='bbox 1127 3266 1240 3307; x_wconf 92' lang='lat' dir='ltr'>Livio</span> <span class='ocrx_word' id='word_1_455' title='bbox 1258 3265 1355 3306; x_wconf 87' lang='lat' dir='ltr'>Dec.</span> <span class='ocrx_word' id='word_1_456' title='bbox 1386 3278 1424 3317; x_wconf 89' lang='lat'>4.</span> <span class='ocrx_word' id='word_1_457' title='bbox 1455 3263 1518 3304; x_wconf 86' lang='lat' dir='ltr'>lib.</span> <span class='ocrx_word' id='word_1_458' title='bbox 1549 3276 1587 3315; x_wconf 87' lang='lat'>4.</span> <span class='ocrx_word' id='word_1_459' title='bbox 1619 3261 1865 3302; x_wconf 83' lang='lat' dir='ltr'>Resdivinas</span> <span class='ocrx_word' id='word_1_460' title='bbox 1867 3259 2004 3313; x_wconf 87' lang='lat' dir='ltr'>facere</span> <span class='ocrx_word' id='word_1_461' title='bbox 2019 3260 2225 3315; x_wconf 85' lang='lat' dir='ltr'>majoribus</span> <span class='ocrx_word' id='word_1_462' title='bbox 2235 3256 2282 3297; x_wconf 85' lang='lat' dir='ltr'>ho</span> <span class='ocrx_word' id='word_1_463' title='bbox 2312 3269 2365 3295; x_wconf 81' lang='lat' dir='ltr'>tes</span> 
     </span>
     <span class='ocr_line' id='line_1_37' title="bbox 245 3310 2368 3394; baseline -0.011 -20"><span class='ocrx_word' id='word_1_464' title='bbox 245 3335 442 3394; x_wconf 76' lang='lat' dir='ltr'>juffernm·</span> <span class='ocrx_word' id='word_1_465' title='bbox 462 3336 502 3373; x_wconf 81' lang='lat' dir='ltr'>in</span> <span class='ocrx_word' id='word_1_466' title='bbox 521 3330 828 3380; x_wconf 55' lang='lat' dir='ltr'>omnibus-fanis,</span> <span class='ocrx_word' id='word_1_467' title='bbox 838 3326 1064 3381; x_wconf 80' lang='lat' dir='ltr'>precarique</span> <span class='ocrx_word' id='word_1_468' title='bbox 1079 3323 1181 3380; x_wconf 77' lang='lat' dir='ltr'><em>quod</em></span> <span class='ocrx_word' id='word_1_469' title='bbox 1195 3321 1360 3362; x_wconf 78' lang='lat' dir='ltr'>Senatus</span> <span class='ocrx_word' id='word_1_470' title='bbox 1377 3330 1421 3361; x_wconf 75' lang='lat' dir='ltr'>ae</span> <span class='ocrx_word' id='word_1_471' title='bbox 1437 3334 1534 3360; x_wconf 85' lang='lat' dir='ltr'>novo</span> <span class='ocrx_word' id='word_1_472' title='bbox 1553 3317 1647 3359; x_wconf 83' lang='lat' dir='ltr'><em>bello</em></span> <span class='ocrx_word' id='word_1_473' title='bbox 1670 3319 1711 3357; x_wconf 85' lang='lat' dir='ltr'>in</span> <span class='ocrx_word' id='word_1_474' title='bbox 1731 3318 1854 3377; x_wconf 81' lang='lat' dir='ltr'>animo</span> <span class='ocrx_word' id='word_1_475' title='bbox 1872 3315 2027 3354; x_wconf 80' lang='lat' dir='ltr'>haberet</span> <span class='ocrx_word' id='word_1_476' title='bbox 2046 3341 2058 3361; x_wconf 89' lang='lat'>,</span> <span class='ocrx_word' id='word_1_477' title='bbox 2104 3322 2148 3353; x_wconf 82' lang='lat' dir='ltr'>ut</span> <span class='ocrx_word' id='word_1_478' title='bbox 2163 3327 2207 3353; x_wconf 87' lang='lat' dir='ltr'>ea</span> <span class='ocrx_word' id='word_1_479' title='bbox 2225 3325 2284 3373; x_wconf 36' lang='grc' dir='ltr'>νεῖν·</span> <span class='ocrx_word' id='word_1_480' title='bbox 2301 3310 2368 3372; x_wconf 60' lang='lat' dir='ltr'>Sej-</span> 
     </span>
     <span class='ocr_line' id='line_1_38' title="bbox 261 3365 2366 3444; baseline -0.012 -12"><span class='ocrx_word' id='word_1_481' title='bbox 261 3392 374 3433; x_wconf 79' lang='lat' dir='ltr'>natm&#39;</span> <span class='ocrx_word' id='word_1_482' title='bbox 396 3390 612 3444; x_wconf 73' lang='lat' dir='ltr'>‘Populoque</span> <span class='ocrx_word' id='word_1_483' title='bbox 636 3381 806 3428; x_wconf 83' lang='lat' dir='ltr'>Romano</span> <span class='ocrx_word' id='word_1_484' title='bbox 824 3384 914 3422; x_wconf 72' lang='lat' dir='ltr'>bene</span> <span class='ocrx_word' id='word_1_485' title='bbox 936 3391 1052 3436; x_wconf 78' lang='lat' dir='ltr'>atque</span> <span class='ocrx_word' id='word_1_486' title='bbox 1062 3380 1238 3434; x_wconf 65' lang='lat' dir='ltr'>sblz&#39;citer</span> <span class='ocrx_word' id='word_1_487' title='bbox 1262 3379 1442 3417; x_wconf 82' lang='lat' dir='ltr'>eveniret.</span> <span class='ocrx_word' id='word_1_488' title='bbox 1473 3375 1571 3416; x_wconf 82' lang='lat' dir='ltr'>Ideo</span> <span class='ocrx_word' id='word_1_489' title='bbox 1597 3373 1748 3414; x_wconf 89' lang='lat' dir='ltr'>Genius</span> <span class='ocrx_word' id='word_1_490' title='bbox 1767 3372 1869 3411; x_wconf 86' lang='lat' dir='ltr'>urbls</span> <span class='ocrx_word' id='word_1_491' title='bbox 1895 3382 2066 3424; x_wconf 86' lang='lat' dir='ltr'>pateram</span> <span class='ocrx_word' id='word_1_492' title='bbox 2091 3382 2158 3409; x_wconf 87' lang='lat' dir='ltr'>vas</span> <span class='ocrx_word' id='word_1_493' title='bbox 2180 3365 2366 3408; x_wconf 80' lang='lat' dir='ltr'>sacrificus</span> 
     </span>
     <span class='ocr_line' id='line_1_39' title="bbox 264 3427 2202 3500; baseline -0.012 -12"><span class='ocrx_word' id='word_1_494' title='bbox 264 3459 400 3499; x_wconf 80' lang='lat' dir='ltr'>aptum</span> <span class='ocrx_word' id='word_1_495' title='bbox 417 3446 523 3500; x_wconf 84' lang='lat' dir='ltr'>gerit.</span> <span class='ocrx_word' id='word_1_496' title='bbox 583 3446 678 3492; x_wconf 60' lang='lat' dir='ltr'>Eius</span> <span class='ocrx_word' id='word_1_497' title='bbox 695 3440 872 3484; x_wconf 86' lang='lat' dir='ltr'>meminit</span> <span class='ocrx_word' id='word_1_498' title='bbox 884 3438 1027 3478; x_wconf 88' lang='lat' dir='ltr'>Cicero</span> <span class='ocrx_word' id='word_1_499' title='bbox 1043 3442 1079 3477; x_wconf 90' lang='lat'>6.</span> <span class='ocrx_word' id='word_1_500' title='bbox 1096 3435 1207 3476; x_wconf 89' lang='lat' dir='ltr'>Verr.</span> <span class='ocrx_word' id='word_1_501' title='bbox 1226 3434 1378 3473; x_wconf 77' lang='lat' dir='ltr'>Patera</span> <span class='ocrx_word' id='word_1_502' title='bbox 1397 3431 1473 3488; x_wconf 75' lang='lat' dir='ltr'>qud</span> <span class='ocrx_word' id='word_1_503' title='bbox 1488 3431 1660 3472; x_wconf 69' lang='lat' dir='ltr'>mulieres</span> <span class='ocrx_word' id='word_1_504' title='bbox 1671 3430 1725 3469; x_wconf 84' lang='lat' dir='ltr'>ad</span> <span class='ocrx_word' id='word_1_505' title='bbox 1739 3441 1799 3468; x_wconf 87' lang='lat' dir='ltr'>res</span> <span class='ocrx_word' id='word_1_506' title='bbox 1819 3427 1978 3467; x_wconf 76' lang='lat' dir='ltr'>divinas</span> <span class='ocrx_word' id='word_1_507' title='bbox 1995 3433 2202 3466; x_wconf 85' lang='lat' dir='ltr'>uterentur.</span> 
     </span>
    </p>
   </div>
   <div class='ocr_carea' id='block_1_13' title="bbox 321 3510 1354 3565">
    <p class='ocr_par' dir='ltr' id='par_1_13' title="bbox 321 3510 1354 3565">
     <span class='ocr_line' id='line_1_40' title="bbox 321 3510 1354 3565; baseline -0.015 1"><span class='ocrx_word' id='word_1_508' title='bbox 321 3521 406 3565; x_wconf 71' lang='lat' dir='ltr'>Hic</span> <span class='ocrx_word' id='word_1_509' title='bbox 421 3535 592 3562; x_wconf 72' lang='lat' dir='ltr'>nummus</span> <span class='ocrx_word' id='word_1_510' title='bbox 610 3523 757 3562; x_wconf 75' lang='lat' dir='ltr'>minimi</span> <span class='ocrx_word' id='word_1_511' title='bbox 773 3517 918 3561; x_wconf 83' lang='lat' dir='ltr'><em>moduli</em></span> <span class='ocrx_word' id='word_1_512' title='bbox 936 3516 1074 3557; x_wconf 78' lang='lat' dir='ltr'>obvius</span> <span class='ocrx_word' id='word_1_513' title='bbox 1091 3513 1141 3564; x_wconf 79' lang='lat' dir='ltr'>est</span> <span class='ocrx_word' id='word_1_514' title='bbox 1158 3510 1206 3557; x_wconf 54' lang='grc' dir='ltr'>(θ’</span> <span class='ocrx_word' id='word_1_515' title='bbox 1223 3513 1354 3552; x_wconf 82' lang='lat' dir='ltr'>tritus.</span> 
     </span>
    </p>
   </div>
   <div class='ocr_carea' id='block_1_14' title="bbox 1163 3629 1496 3960">
    <p class='ocr_par' dir='ltr' id='par_1_14' title="bbox 1163 3629 1496 3960">
     <span class='ocr_line' id='line_1_41' title="bbox 1163 3629 1496 3960; baseline 0 259"><span class='ocrx_word' id='word_1_516' title='bbox 1163 3629 1496 3960; x_wconf 95' lang='lat' dir='ltr'> </span> 
     </span>
    </p>
   </div>
   <div class='ocr_carea' id='block_1_15' title="bbox 2470 1987 2491 2259">
    <p class='ocr_par' dir='ltr' id='par_1_15' title="bbox 2470 1987 2491 2259">
     <span class='ocr_line' id='line_1_42' title="bbox 2470 1987 2491 2259; textangle 90"><span class='ocrx_word' id='word_1_517' title='bbox 2477 2234 2491 2259; x_wconf 75' lang='lat'>.·.</span> <span class='ocrx_word' id='word_1_518' title='bbox 2470 2022 2491 2211; x_wconf 42' lang='lat' dir='ltr'>‘ffl3st2</span> <span class='ocrx_word' id='word_1_519' title='bbox 2489 1987 2491 1989; x_wconf 94' lang='lat'>.</span> 
     </span>
    </p>
   </div>
  </div>
 </body>
</html>
