2574 4214
260 184 330 233 ω’

226 1108 230 1113 ’
262 1104 511 1159 ffimmwm
531 1111 573 1144 „3¹
593 1090 634 1134 R
653 1092 699 1134 U
714 1092 739 1133 S
759 1091 801 1133 U
818 1092 842 1134 S
877 1089 1026 1131 Tiberii
1051 1103 1095 1131 ex
1119 1081 1306 1145 Vipsania
1332 1087 1549 1145 Agrippina
1575 1081 1674 1129 filius
1688 1114 1701 1134 ‚
1739 1089 1770 1141 a>
1784 1098 1893 1142 patre
1917 1086 2175 1130 Tribunitiam
2198 1088 2365 1142 potesta?

272 1136 338 1196 a?
368 1141 380 1154 ⁰
454 1134 572 1216 Ἓῖἷῗ
593 1160 671 1190 tem
699 1149 862 1201 adeptus
879 1174 890 1195 ‚
921 1148 1138 1202 Anagniam
1166 1146 1443 1201 &Calagnam
1473 1144 1662 1185 Colonias
1687 1158 1737 1184 ex
1763 1143 1988 1199 Municipiis
2005 1171 2017 1191 ‚
2055 1143 2147 1185 teste
2175 1142 2365 1186 Frontino

294 1201 315 1227 ‘0
416 1202 424 1212 ⁸
473 1204 491 1253 sx
505 1205 561 1260 ¹
590 1204 654 1245 lib.
682 1204 733 1245 de
760 1203 936 1244 Coloniis
955 1230 967 1250 ‚
996 1202 1202 1243 constituit.
1248 1203 1434 1257 Anagnia
1465 1214 1568 1240 muro
1591 1200 1708 1240 dubia
1731 1199 1887 1240 Colonia
1895 1199 2005 1256 Juffu
2035 1198 2162 1251 ‘Drusi
2181 1199 2366 1252 Caesaris,

464 1252 472 1268 ³
488 1259 560 1316 5³2}
583 1260 742 1314 populus
757 1260 930 1300 deduxit.
981 1258 1031 1299 Et
1062 1259 1178 1313 paulo
1209 1258 1297 1313 post
1317 1272 1325 1297 ε
1364 1256 1537 1312 Calagna
1560 1269 1664 1296 muro
1686 1255 1801 1296 duc-“t'a
1819 1254 1972 1296 Colonia
1988 1282 2000 1302 ‚
2022 1255 2125 1310 juffu
2144 1255 2266 1300 Drusi
2283 1255 2366 1295 Cae-

334 1358 339 1370 k
364 1362 378 1377 0
413 1312 440 1351 ἶ
468 1307 498 1359 (ἶ
566 1316 686 1412 *sargf
702 1343 714 1363 ‚
741 1315 906 1371 populus
922 1314 1097 1355 deduxit.
1144 1314 1326 1369 Utraque
1351 1312 1470 1354 Italiae
1492 1312 1582 1353 urbs
1604 1311 1731 1352 nullos
1754 1311 2054 1366 Imperatoribus
2077 1323 2258 1352 nummos
2279 1320 2366 1365 per-

482 1392 498 1409 ω
565 1386 634 1417 ,ευ
666 1383 706 1413 1t.

301 1452 387 1562 ⁸DsR
409 1466 439 1492 u
455 1466 507 1554 ἒξ
536 1452 824 1548 ἶινηνκὶρνὶηπε
838 1449 1115 1506 magnitudinis
1135 1463 1207 1490 non
1223 1448 1472 1502 obftrvantur
1483 1468 1498 1494 ,-
1520 1445 1702 1500 ficundae
1715 1445 1763 1492 όν
1775 1445 2044 1507 tertiaeformae
2054 1471 2068 1494 2
2093 1445 2271 1486 raritatis
2285 1444 2366 1484 exi-

251 1521 338 1550 mtae
371 1517 444 1550 unt
523 1523 544 1548 e
569 1515 731 1564 gantiae.

1023 1558 1714 1618 ITALJCA'

252 2166 467 2209 vasvs
498 2170 720 2202 CAESAR
752 2169 820 2200 Tr.
851 2171 974 2200 Ave.
1005 2164 1041 2199 s.
1082 2153 1531 2211 CaputDrufinudum.‘
1575 2201 1585 2212 .
1666 2203 1669 2206 Δ
2329 2202 2333 2207 ⁸

307 2234 347 2261 Μ
358 2233 384 2260 ν
397 2233 425 2259 N
439 2232 454 2258 1
466 2217 499 2258 c.
532 2229 548 2256 1
561 2229 587 2257 τ
599 2230 627 2256 A
641 2230 667 2256 L
680 2229 695 2255 1
708 2230 741 2256 c.
774 2228 795 2255 p
809 2229 832 2255 Ε
846 2229 890 2256 R.
923 2229 950 2254 A
965 2228 992 2255 v
1005 2227 1043 2254 G.
1074 2213 1331 2267 Municipium
1348 2211 1491 2252 Italica
1509 2209 1569 2256 vel
1584 2208 1807 2263 Italicensb,
1818 2207 1999 2266 permiffii
2013 2208 2189 2266 Augusti.
2217 2209 2365 2267 Aquila·

364 2273 570 2331 legionaria
580 2297 594 2320 ,
623 2275 663 2313 ὃ(
679 2271 860 2315 vexillum
877 2271 976 2311 inter
994 2269 1076 2310 duo
1091 2268 1197 2324 figna
1214 2267 1400 2310 militaria.

308 2353 452 2394 Italica
469 2379 480 2401 ,
508 2352 599 2394 urbs
617 2350 815 2405 Hispaniae
836 2350 985 2392 Baeticae
1002 2375 1014 2395 ,
1042 2348 1093 2389 de
1110 2362 1187 2403 qua
1206 2348 1247 2388 in
1266 2346 1444 2403 Augusto
1462 2373 1475 2394 ,
1501 2345 1610 2387 Livia
1630 2350 1671 2387 δε
1686 2345 1848 2388 Tiberio
1868 2340 2013 2387 distum
2029 2346 2084 2388 est
2103 2374 2117 2394 ,
2144 2345 2303 2401 Trajani
2322 2349 2362 2388 δι’

252 2405 446 2452 Hadriani
462 2409 743 2463 Imperatorum
753 2433 765 2453 ,
796 2417 841 2448 ut
859 2410 897 2449 ὅτ
909 2405 988 2446 Silii
1003 2404 1132 2445 Poe'tae
1147 2402 1334 2445 natalibus
1351 2402 1498 2443 illustris
1508 2428 1521 2449 ,
1550 2403 1572 2442 a
1585 2402 1765 2457 Scipione
1780 2417 1852 2458 pro
1867 2403 2048 2444 militibus
2060 2402 2279 2444 vulneribus
2295 2402 2364 2443 de-

255 2466 393 2507 bilibus
409 2465 565 2506 condita
582 2463 636 2504 est
647 2490 659 2510 ‚
687 2475 912 2519 nomenque
930 2460 1015 2502 tulit
1031 2459 1183 2501 Italica
1199 2460 1247 2500 ab
1267 2458 1376 2500 Italia
1389 2486 1401 2506 ‚
1429 2458 1637 2513 Municipii
1655 2458 1766 2500 titulo
1779 2459 1868 2499 urbs
1883 2458 2015 2514 postea
2032 2458 2175 2499 donata
2192 2458 2268 2506 est;
2297 2457 2364 2500 sed

246 2520 345 2562 'cum
367 2522 420 2561 ob
440 2521 536 2562 bella
551 2519 698 2562 civibus
715 2518 808 2560 ess‘et
824 2516 1004 2558 exhausta
1016 2542 1028 2563 ‚
1058 2515 1169 2570 novis
1186 2516 1234 2555 ab
1252 2514 1432 2570 Augusto
1449 2513 1691 2568 frequentata
1712 2513 1862 2556 videtur
1873 2542 1885 2562 ,
1916 2514 2118 2556 Veteranis
2127 2514 2360 2569 Legionum‚

253 2591 420 2632 quarum
434 2577 591 2617 nomina
607 2575 793 2616 hastenus
807 2573 1050 2629 ignorantur,
1071 2573 1111 2611 in
1127 2585 1212 2612 earn
1229 2568 1464 2616 transmissis3
1491 2569 1602 2622 cujus
1617 2570 1672 2610 rei
1691 2580 1880 2612 memores
1896 2569 2129 2617 Italicenses,
2146 2582 2248 2610 aram
2261 2569 2362 2610 Pro-

253 2633 439 2673 videntiae
455 2631 619 2687 Augusti
633 2630 721 2685 post
736 2630 820 2683 ejus
837 2639 1002 2669 mortem
1017 2638 1228 2667 erexerunt.
1271 2625 1477 2666 Duumviri
1498 2637 1627 2666 autem
1647 2626 1718 2680 qui
1735 2626 1838 2666 hunc
1856 2625 1983 2666 Druso
1999 2634 2200 2667 nummum
2212 2623 2362 2680 percus·

254 2688 401 2734 serunt,
430 2687 533 2742 figna
549 2687 631 2728 haec
646 2686 819 2727 militaria
836 2684 884 2724 ad
896 2683 1084 2738 originem
1099 2683 1203 2722 ssiam
1221 2680 1465 2736 indicandam
1483 2681 1603 2721 caelari
1617 2692 1857 2722 curaverunt.
1893 2681 2051 2722 Interim
2068 2679 2362 2728 observandum,

254 2742 443 2784 cude'ndae
459 2755 624 2784 monetae
642 2741 861 2781 facultatem
880 2739 971 2794 ipsis
989 2739 1036 2778 ab
1056 2738 1235 2793 Augusto
1253 2736 1467 2778 concessam
1479 2763 1497 2784 ,
1521 2737 1561 2777 in
1578 2737 1760 2778 omnibus
1778 2737 1918 2778 Italicae
1934 2737 2102 2777 nummis
2117 2735 2192 2778 efle
2210 2735 2271 2777 his
2286 2749 2357 2777 no-

256 2799 304 2840 tis
331 2813 353 2838 1>
367 2813 389 2838 E
402 2813 445 2839 R.
472 2810 538 2839 aut
567 2813 588 2838 P
602 2813 624 2838 E
638 2811 668 2838 R
680 2810 740 2836 M.·
759 2810 785 2836 A
802 2810 826 2836 v
839 2809 879 2835 G.
910 2793 1157 2849 designatam.
1515 2798 1519 2802 '

309 2876 393 2917 Hic
410 2890 582 2918 nummus
599 2875 655 2916 ad
654 2873 866 2927 ficundasn
868 2874 1040 2927 formam
1056 2870 1236 2912 accedens
1248 2895 1261 2915 ,
1290 2870 1311 2908 ὲ
1327 2869 1448 2920 musto
1465 2869 1583 2921 nostro
1592 2894 1608 2916 „
1634 2871 1784 2910 eximiae
1799 2869 1975 2911 raritatis
1994 2865 2043 2912 <sy
2059 2868 2255 2924 elegantiae
2274 2882 2358 2910 cen-

246 2933 400 2985 findas.

1007 2980 1037 3020 I
1085 2978 1138 3020 N
1187 2979 1220 3020 C
1275 2977 1315 3019 E
1371 2978 1412 3019 R
1467 2977 1509 3018 T
1557 2978 1610 3019 A.

259 3513 287 3542 D
298 3509 328 3540 R
340 3511 368 3539 v
382 3510 400 3537 s
414 3511 440 3537 o
472 3511 494 3537 c
507 3510 533 3536 A
547 3510 570 3535 E
583 3510 599 3536 s
617 3511 641 3536 A
655 3511 683 3537 R
697 3511 724 3537 1.
762 3495 895 3549 Caput
916 3492 1028 3535 Drusi
1052 3484 1212 3532 nudum.

314 3569 336 3594 P
348 3568 371 3594 E
384 3568 412 3593 R
426 3567 461 3592 M
474 3566 487 3591 1
502 3566 519 3591 s
534 3566 551 3590 s
566 3566 591 3591 v
623 3567 658 3592 L.
694 3567 719 3591 A
734 3566 754 3591 Ρ
769 3566 798 3591 R
811 3565 836 3590 o
851 3564 879 3589 N
895 3564 921 3590 1.
955 3563 975 3589 P
987 3564 1016 3589 R
1030 3563 1055 3588 o
1070 3563 1092 3588 c
1104 3562 1129 3587 o
1145 3561 1177 3586 s.
1211 3561 1225 3586 1
1237 3560 1251 3585 1
1264 3559 1288 3585 1.
1321 3543 1511 3598 Permiffii
1523 3542 1641 3584 Lucii
1647 3542 1811 3597 Apronii
1819 3539 2063 3593 Proconsulis
2076 3539 2240 3581 tertiam.
2256 3542 2350 3583 ’Ca-

367 3619 437 3663 put
453 3607 633 3646 Mercurii
650 3607 780 3659 petaso
797 3618 974 3662 ornatum
988 3632 999 3651 ‚
1030 3617 1134 3658 pone
1152 3602 1262 3656 quod
1280 3601 1482 3641 caduceus.

308 3687 529 3728 Nummum
551 3683 652 3724 hunc
670 3685 708 3723 in
728 3683 855 3723 Africa
870 3682 1066 3736 provincia
1084 3679 1300 3734 percussum
1321 3678 1444 3732 arguit
1460 3678 1542 3731 ejus
1559 3675 1774 3727 inscriptio,
1802 3672 1993 3726 Permiffu
2012 3673 2060 3713 L.
2076 3673 2238 3727 Apronii
2250 3674 2350 3715 Ῥνο-Ι

257 3742 417 3792 considis
435 3755 447 3778 .·
475 3741 506 3780 is
530 3740 631 3778 enim
656 3739 694 3777 in
721 3737 858 3777 Africa:
881 3737 1152 3776 Proconsulatu
1181 3735 1318 3774 Marco
1339 3734 1507 3774 Camiilo
1527 3729 1695 3771 successit
1711 3756 1723 3776 ‚
1754 3729 1848 3769 teste
1864 3729 2005 3769 Tacito
2023 3729 2161 3768 Annal.
2181 3743 2215 3782 3.
2244 3730 2351 3784 Quae'

249 3790 442 3854 poliquam
464 3796 512 3834 L.
532 3795 699 3847 Apronio
720 3792 828 3844 (nam
849 3791 1007 3832 Camillo
1021 3791 1270 3841 fitcccfferat)
1292 3797 1486 3843 comperta.
1524 3785 1599 3826 Sed
1620 3786 1709 3825 cum
1730 3784 1836 3823 illum
1857 3797 1904 3823 ex
1924 3797 2086 3823 nummo
2108 3796 2176 3836 per
2194 3796 2268 3824 tres
2284 3797 2349 3824 an-

256 3868 329 3894 nos
349 3850 516 3890 Africam
537 3846 802 3888 administrasse
820 3847 1040 3891 noscamus,
1070 3845 1119 3883 dc
1138 3844 1233 3883 illius
1254 3844 1366 3898 gestis
1386 3840 1668 3894 inquirendum.
1701 3839 1744 3878 L.
1760 3839 1952 3892 Apronius
1969 3837 2036 3878 sub
2050 3839 2226 3893 Augusto
2241 3853 2347 3880 anno

260 3910 312 3949 U.
328 3908 376 3947 C.
399 3910 489 3957 760.
511 3903 655 3943 Consul
677 3902 856 3941 suffeffihis
874 3915 962 3940 cum
982 3905 1028 3939 A.
1047 3899 1166 3938 Vibio
1183 3899 1330 3938 Habito
1349 3925 1360 3944 ‚
1391 3900 1411 3936 a
1428 3896 1567 3950 Pighio
1586 3897 1685 3934 Ann.
1704 3894 1765 3934 lib.
1793 3896 1851 3933 18.
1872 3907 1919 3933 ex
1937 3893 2098 3933 Tabulae
2117 3894 2347 3946 Capitolinae

252 3963 469 4020 fragmento
485 3959 745 4004 renuntiatur,
773 3955 913 4001 deinde
931 3969 1035 3995 anno
1054 3959 1143 4003 766.
1168 3952 1390 3992 Germanici
1407 3951 1564 3992 Caesaris
1579 3949 1619 3988 in
1638 3949 1846 3989 Germania
1861 3948 2028 4003 Legatus
2041 3947 2134 3994 fuit,
2163 3948 2262 3989 Vell.
2276 3948 2348 4043 Pia-

2200 4015 2304 4043 tercu
2320 4016 2347 4042 0
