2491 4219
591 159 1173 229 PHILIPPUS
1257 156 1685 217 SENroRg
2116 159 2217 213 ’,ω

119 895 170 923 Μ.
201 897 217 924 1
229 898 256 925 v
268 898 293 924 L
305 898 321 924 1
333 897 359 924 v
371 896 390 923 s
424 897 446 923 1>
458 899 484 924 n
498 897 513 923 1
525 897 576 924 LI
587 897 608 922 Ρ
622 897 643 923 P
655 897 681 923 v
694 896 714 923 s
749 896 775 921 A
790 896 817 921 v
828 897 854 922 G
870 896 896 921 v
909 897 927 922 s
942 898 966 922 T
980 898 1005 923 v
1019 898 1050 923 s.
1081 884 1215 939 Caput
1231 884 1398 939 Philippi
1414 884 1636 925 laureatum.

173 955 196 980 c
212 954 238 979 o
251 955 289 979 L.
318 951 343 976 Δ
356 953 382 977 A
397 952 432 977 M
446 953 486 978 A.
519 952 554 977 M
567 953 590 977 E
604 952 628 977 T
642 953 684 979 R.
715 937 869 978 Colonia
885 939 1108 990 {Damasi-us
1128 941 1361 995 Asletropolzs.
1389 940 1535 980 Silenus
1556 951 1644 979 ante
1661 937 1874 992 cupressum
1893 936 2025 978 dextra
2044 937 2215 986 indicat,

226 994 392 1089 {int-nego
412 994 509 1034 laevo
533 1005 657 1034 utrem
681 993 870 1034 hircinum
893 994 991 1049 gerit
1013 1013 1026 1040 ς
1053 993 1114 1033 ille
1139 996 1193 1035 cst
1217 1009 1334 1050 quem
1358 994 1534 1036 describit
1558 995 1674 1034 Com.
1702 993 1981 1034 Mecliobarbus
2003 1007 2089 1048 pag.
2118 1006 2209 1046 345.

242 1062 292 1088 m.
321 1061 339 1088 2
376 1081 383 1090 .

169 1127 380 1168 Damascus
399 1127 489 1168 urbs
505 1127 560 1168 est
575 1127 803 1172 Phoeniciae‚
831 1140 948 1180 quam
969 1126 1137 1180 Julianus
1154 1142 1214 1182 ep.
1228 1128 1276 1168 ad
1294 1129 1417 1183 Serap.
1431 1128 1617 1182 appellat,
1646 1129 1700 1165 τῖμὶ
1718 1130 1783 1166 Aa}
1798 1130 1874 1164 πέλω
1889 1132 2034 1170 άληθῶς,
2060 1132 2084 1179 ξι,
2099 1129 2142 1163 «ὃν
2157 1133 2212 1165 τῖς

115 1184 188 1224 ἐάας
203 1187 317 1226 dadam
332 1186 509 1233 ὀφθαλμὼ,
534 1186 557 1222 ²}
575 1186 660 1232 ῖεςρὶν
675 1185 722 1232 χρὴ
737 1185 857 1232 pestem
874 1186 1047 1231 Δαίμασκεν.
1077 1185 1214 1223 Veram
1235 1182 1355 1235 Jovzks
1378 1185 1525 1230 urbem,
1554 1184 1741 1239 totiusque
1765 1185 1936 1224 Orientis
1956 1182 2121 1229 oculum,
2142 1182 2211 1234 fil-

114 1254 218 1281 cram
245 1238 293 1283 &⁹
318 1239 849 1294 amplffmam>Damascum
891 1240 1124 1293 Metropolis
1148 1243 1187 1278 ὃς
1214 1239 1382 1280 Colonia
1410 1241 1448 1279 in
1473 1240 1549 1279 hoc
1566 1238 1733 1292 Philippi
1750 1253 1910 1279 nummo
1930 1239 2088 1284 dicitur,
2117 1251 2218 1291 quas.

113 1295 208 1336 vero
224 1296 428 1351 dignitates
445 1295 492 1336 ab
511 1310 592 1336 uno
615 1295 835 1348 eodemque
854 1294 1092 1349 Imperatore
1115 1309 1194 1334 non
1219 1296 1386 1348 accepit,
1414 1295 1442 1334 fi
1467 1294 1625 1348 quidem
1646 1295 1725 1347 jam
1750 1295 1788 1333 in
1818 1295 1983 1334 nummis
2003 1293 2212 1338 Hadriani,

112 1351 195 1391 imo
210 1350 249 1390 in
267 1352 442 1406 Augusto
461 1351 694 1405 Metropolis
708 1350 948 1396 inscribatur,
968 1378 970 1381 -
1007 1364 1094 1390 uem
1112 1350 1263 1390 titulum
1281 1351 1328 1390 ab
1346 1364 1394 1389 eo
1413 1351 1450 1389 in
1478 1350 1636 1403 gratiam
1661 1349 1750 1388 Nic.
1780 1349 2006 1388 Damasceni
2029 1348 2215 1400 accepisse

111 1405 362 1459 suspicamur,
390 1420 472 1447 non
491 1406 596 1447 secus
615 1421 659 1447 ac
676 1406 810 1447 Suidas
831 1364 1072 1447 Hadriafium
1093 1404 1207 1446 refert
1221 1405 1331 1459 Tyro
1349 1405 1580 1457 Metropolis
1597 1405 1749 1445 titulum
1767 1403 1983 1443 conceffiffe
2001 1403 2040 1442 in
2056 1404 2215 1457 gratiam

111 1461 220 1502 Pauli
239 1462 356 1516 Tyrii.
388 1462 464 1503 Sed
482 1462 709 1502 Damascum
730 1463 751 1501 a
771 1461 950 1516 Philippo
969 1461 1175 1502 Coloniam
1195 1461 1270 1500 effe
1291 1461 1533 1500 constitutam
1551 1459 1787 1500 convincunt
1808 1458 1997 1498 Gordiani
2018 1463 2055 1497 ἃ
2072 1458 2216 1510 Philip-

109 1516 153 1571 pi
168 1517 337 1564 nummi,
365 1517 415 1557 illi
430 1518 665 1572 epigraphen
683 1517 865 1557 exhibent
885 1518 1083 1563 Graecam,
1112 1530 1148 1556 M
1161 1530 1188 1555 H
1202 1531 1226 1556 T
1240 1530 1261 1554 P
1274 1530 1299 1554 o
1313 1527 1375 1555 Πο
1390 1529 1415 1554 Λ
1430 1530 1453 1555 Ε
1465 1525 1525 1552 ΩΣ
1555 1527 1580 1553 Δ
1593 1529 1618 1554 A
1631 1528 1667 1554 M
1684 1528 1708 1554 A
1725 1529 1747 1554 e
1760 1528 1785 1553 K
1801 1528 1827 1553 n
1839 1527 1868 1552 N
1881 1527 1907 1550 n
1917 1527 1959 1552 N.
1979 1512 2019 1553 hi
2038 1514 2215 1553 Latinam

106 1579 201 1613 'cum
229 1573 407 1613 Coloniae
433 1573 544 1613 titulo
570 1587 678 1612 cor..
709 1582 770 1611 ΔΑ
787 1585 861 1610 MA
877 1586 910 1611 s.
942 1586 1178 1611 METROP.
1218 1570 1418 1626 Philippus
1445 1580 1575 1611 autem
1602 1571 1692 1611 cum
1720 1569 1789 1610 sibi
1818 1569 1979 1609 militum
2010 1569 2214 1609 amicitiam

108 1627 311 1668 conciliare
328 1628 456 1675 vellet,
488 1628 636 1683 magnis
651 1627 933 1680 largitionibus,
962 1628 1056 1668 teste
1074 1627 1233 1668 Zofimo
1244 1654 1255 1673 ,
1283 1642 1350 1668 eos
1367 1625 1564 1673 demulsit,
1593 1626 1810 1668 Veteranos
1827 1638 1954 1666 autern
1973 1625 2011 1665 in
2028 1625 2216 1666 Colonias

110 1683 133 1722 ὲ
148 1683 186 1723 se
205 1683 426 1723 constitutas
442 1682 647 1723 transmisit.
678 1683 824 1723 Silenus
841 1683 952 1723 solito
974 1698 1056 1737 quo
1080 1684 1300 1738 depingitur
1319 1683 1459 1730 modo,
1490 1682 1666 1722 Damasci
1693 1683 1838 1724 cultum
1863 1682 1917 1721 sui
1940 1681 2095 1723 indicat.
2133 1682 2216 1721 Cu-

108 1737 255 1792 preffus
271 1738 311 1777 in
329 1738 472 1778 summa
489 1738 737 1778 veneratione
754 1738 859 1792 apud
877 1739 1082 1779 Phoenices
1103 1752 1204 1785 erat,
1234 1739 1342 1791 cujus
1369 1740 1423 1780 rei
1446 1739 1558 1780 testes
1582 1738 1666 1780 sunt
1691 1737 2071 1792 Heliopolitanorum
2096 1737 2135 1777 in
2154 1751 2216 1777 ea-

109 1793 201 1833 dem
220 1794 416 1847 provincia
437 1793 659 1848 degentium
679 1795 827 1834 nummi
852 1794 1083 1847 Cupressum
1113 1795 1253 1849 pariter
1271 1797 1311 1834 in
1330 1795 1434 1836 aditu
1460 1794 1593 1849 templi
1613 1794 1725 1849 Jovis
1749 1794 1995 1842 exhibentes,
2025 1792 2086 1834 illa
2111 1793 2215 1833 enim

107 1849 187 1890 Soli
201 1861 282 1890 erat
297 1848 442 1895 dicata,
469 1862 516 1889 ex
531 1849 755 1895 Plutarcho,
783 1851 835 1890 ob
857 1849 1019 1890 calidam
1036 1849 1119 1902 ejus
1141 1863 1326 1892 naturam.

162 1926 247 1968 Hic
262 1941 434 1969 nummus
437 1927 603 1980 sbcundi
616 1926 665 1972 ὅ]
680 1929 829 1969 minimi
840 1927 983 1969 moduli
996 1942 1107 1969 rarus
1123 1928 1184 1981 cst.

104 2559 157 2588 M.
188 2559 210 2587 1>
222 2560 251 2587 Η
262 2559 277 2587 1
288 2561 314 2587 L
326 2559 341 2586 1
351 2559 372 2586 Ρ
383 2558 404 2586 Ρ
417 2559 444 2585 v
458 2559 477 2586 s
511 2557 540 2586 A
551 2559 578 2585 v
591 2557 630 2585 G.
661 2559 697 2585 P.
729 2559 762 2585 Ρ.
793 2546 928 2599 Caput
942 2545 1110 2600 Philippi
1127 2545 1349 2588 laureatum.

159 2617 183 2642 c
195 2616 221 2642 o
235 2617 273 2643 r..
304 2614 329 2641 Δ
342 2616 369 2641 A
381 2615 417 2642 M
429 2617 467 2642 A.
500 2615 537 2641 M
547 2615 570 2640 E
582 2615 607 2641 T
619 2614 649 2641 R
661 2615 700 2641 o.
733 2601 887 2642 Colonia
903 2602 1128 2654 Damasbns
1147 2602 1378 2657 Metrqooln.
1408 2602 1534 2644 Dama
1551 2617 1674 2658 puero
1693 2605 1809 2647 ubera
1829 2606 1982 2661 praebet.

155 2681 195 2721 Si
219 2681 323 2721 hunc
348 2681 457 2735 pueri
480 2681 648 2721 Damam
675 2679 841 2736 sugentis
864 2692 1023 2735 typum,
1050 2681 1100 2722 ad
1123 2683 1358 2736 arguendam
1382 2682 1558 2724 Damasci
1586 2683 1689 2724 urbis
1713 2686 1897 2740 originem
1927 2707 1939 2733 ;
1968 2685 1994 2726 fi
2023 2697 2205 2740 praeterea

101 2736 334 2777 Damascum
352 2737 484 2777 urbem
503 2738 524 2776 a
542 2737 667 2776 Dama
684 2737 832 2776 nutrice
850 2741 888 2778 ὃς
903 2738 952 2776 ab
970 2738 1068 2777 Asco
1085 2751 1208 2791 puero
1223 2737 1272 2778 fic
1289 2751 1463 2778 vocatam
1479 2739 1607 2779 dicere
1623 2741 1853 2788 audeamus,
1882 2757 1972 2782 mox
1990 2743 2206 2785 reclamabit

101 2791 229 2833 omnis
247 2791 487 2832 eruditorum
514 2804 666 2837 coetus;
693 2792 933 2845 conjeeruras
959 2805 1086 2833 tamen
1113 2793 1257 2834 nostras
1280 2807 1499 2847 proponere
1521 2795 1640 2835 liceat.
1680 2796 1746 2835 Ad
1766 2797 1863 2850 quid
1881 2797 1949 2837 iste
1969 2797 2147 2851 frequens
2162 2800 2204 2839 in

99 2846 279 2891 Damasci
302 2849 468 2888 nummis
486 2862 581 2901 puer
598 2847 734 2886 Damae
754 2847 868 2888 ubera
889 2847 1024 2902 sugens
1041 2875 1053 2894 ,
1083 2862 1213 2888 nonne
1236 2851 1345 2902 pueri
1369 2850 1390 2889 a
1409 2850 1533 2890 Dama
1556 2850 1687 2891 nutriti
1706 2850 1898 2892 historiam
1915 2866 2094 2906 exponit,
2121 2867 2203 2894 non

99 2902 207 2943 secus
225 2917 270 2942 ac
288 2902 400 2957 Lupa
417 2903 590 2944 Romulo
607 2905 644 2943 &
663 2902 796 2944 Remo
812 2903 929 2944 ubera
948 2904 1118 2957 praebens
1133 2931 1145 2950 ,
1175 2904 1337 2957 primam
1360 2918 1566 2958 puerorum
1587 2907 1745 2947 istorum
1762 2909 2010 2949 nutritionem
2026 2909 2205 2958 exhibet,

98 2957 151 2998 fic
169 2971 265 3012 puer
281 2958 302 2997 a
322 2972 432 2999 cerva
451 2960 636 3006 nutritus,
665 2962 725 2995 >bri
749 2961 819 2998 mdc
841 2962 940 3004 ἑλοίφκ
955 2986 965 2998 ,
996 2959 1197 3012 Telephus
1216 2959 1340 3001 dustus
1357 2961 1434 3000 est?
1463 2961 1585 3002 Dama
1604 2975 1734 3003 autem
1752 2965 1890 3006 animal
1907 2966 1927 3005 ἐι
1949 2969 2084 3017 Δριμοίζω
2100 2994 2110 3009 ,
2135 2967 2204 3006 κατ’

96 3016 280 3062 &viveyo-w
294 3039 305 3056 ,
333 3028 478 3055 nomen
502 3014 647 3056 habuit.
688 3014 918 3054 Damascum
939 3015 987 3055 ab
1007 3015 1107 3056 Asco
1124 3016 1277 3072 gigante
1295 3016 1434 3057 distam
1454 3018 1588 3058 auetor
1604 3020 1658 3060 est
1674 3019 1910 3072 Stephanus:
1939 3022 2202 3068 Quanam...-

98 3069 253 3115 ω’νομοίιθη
276 3068 322 3114 ὃ,
354 3070 396 3104 δ’πτ
418 3068 456 3106 εἷς
479 3074 533 3105 τῶν
555 3070 693 3116 γγέντων
715 3070 805 3105 Ασκὸς
827 3069 942 3116 ἄνομοι,
976 3071 1046 3117 ἅμα
1068 3073 1204 3118 Λικέςγῳ
1231 3071 1315 3110 δήσας
1340 3071 1383 3106 ‘niv
1408 3071 1536 3108 Anc'vuovv
1552 3098 1561 3112 ‚
1595 3074 1703 3120 ’ἐρ’ᾆιῲεν
1728 3077 1766 3110 εἰς
1787 3076 1828 3110 τὲν
1851 3077 1983 3123 ππιῑκμέν.
2027 3072 2200 3125 Darnafl

98 3133 165 3159 cus
169 3148 278 3157 ......
284 3117 342 3168 stc
359 3118 447 3158 verb
464 3121 658 3159 nominata
669 3119 774 3173 fitit,
804 3121 1114 3174 quodgzjgantum
1130 3134 1227 3159 unns
1243 3123 1387 3161 nomine
1396 3122 1524 3172 Ascnr
1540 3122 1616 3162 und
1630 3137 1714 3163 cam
1725 3124 1895 3181 Lycurgo
1912 3127 2085 3166 vinfftszaem
2096 3128 2202 3168 Dio-

96 3173 233 3224 mszum
247 3173 412 3226 projecit
436 3175 478 3213 in
488 3174 668 3225 fluvium.
708 3178 771 3213 An
789 3174 849 3214 ille
868 3177 1032 3215 nutritus
1048 3174 1162 3215 fuerit
1181 3179 1202 3215 a
1221 3176 1368 3223 Dama,
1398 3181 1436 3217 ὅ(
1454 3191 1500 3217 ex
1518 3179 1679 3218 vocibus
1696 3174 1793 3229 Asida
1809 3189 1839 3218 δε
1859 3186 1964 3223 Ande,
1993 3184 2082 3224 urbs
2099 3184 2200 3226 dieta

96 3228 145 3270 fit
163 3230 344 3276 Δαμαοκὲς,
374 3227 547 3282 suspicari
565 3230 651 3282 quis
667 3230 749 3282 jure
769 3228 910 3283 possit3
940 3229 965 3268 fi
985 3230 1067 3270 haec
1090 3232 1323 3287 etymologia
1348 3247 1426 3273 non
1454 3234 1616 3280 arridet,
1644 3234 1693 3274 acl
1714 3236 1874 3276 alterum
1899 3239 2000 3278 urbis
2024 3241 2201 3282 condito-

96 3298 180 3326 rem
195 3284 355 3324 nomine
376 3283 604 3324 Damascum
625 3285 646 3324 a
658 3285 812 3338 Justino
828 3297 1081 3342 memoratum
1098 3286 1386 3342 confugiamus,
1416 3290 1436 3329 a
1454 3303 1536 3342 quo
1555 3290 1761 3330 Damascus
1777 3291 1892 3344 Syriae
1907 3293 2130 3336 nobiliffima
2145 3297 2198 3337 ci-

97 3340 196 3381 vitas
215 3352 376 3379 vocatur
388 3366 399 3384 ‚
430 3351 472 3379 ut
487 3339 548 3379 ille
567 3352 691 3379 narrat
710 3339 772 3379 lib.
790 3345 853 3393 36.
872 3354 955 3393 cap.
975 3353 1008 3379 2.
1041 3340 1191 3382 Nomen
1207 3345 1292 3383 urbi
1310 3345 1333 3382 ci
1348 3343 1547 3396 Damasco
1564 3346 1666 3400 Rege
1684 3345 1869 3394 inditum,
1898 3350 1938 3388 in
1954 3351 2062 3405 cujus
2077 3352 2194 3393 hono„

96 3409 193 3441 rem,
224 3394 255 3446 S
255 3396 322 3437 rm*
326 3393 542 3446 sbpulcrmn
559 3394 725 3434 Aratha
741 3408 870 3434 uxorbs
884 3396 964 3446 ejus
972 3405 1043 3447 pro
1059 3398 1193 3450 templo
1209 3399 1358 3438 coluere.
1390 3401 1476 3441 Rex
1493 3402 1553 3441 ille
1570 3401 1694 3441 fortan
1712 3402 1926 3455 expositus,
1945 3405 1966 3444 a
1983 3406 2107 3448 Dama
2123 3422 2195 3449 nu-

97 3450 207 3491 tritus
227 3451 282 3490 est
299 3477 311 3496 ,
344 3448 368 3488 fi
387 3449 546 3503 quidem
564 3463 659 3503 puer
676 3450 811 3491 Dama:
837 3450 951 3490 ubera
970 3450 1106 3504 sugens
1125 3479 1136 3498 ,
1166 3454 1374 3494 conditoris
1394 3457 1618 3497 memoriam
1636 3460 1674 3496 ὃ(
1690 3458 1792 3498 urbis
1810 3459 1995 3514 originem
2012 3462 2191 3506 denotat:

96 3505 225 3546 Dama
248 3507 362 3546 etiam
388 3506 426 3544 in
449 3519 611 3567 nummo
635 3505 753 3567 altero
771 3504 1029 3559 antiquissimo
1045 3533 1057 3552 ,
1085 3507 1365 3550 Seleucidarum
1385 3522 1560 3565 tempore
1583 3512 1717 3552 scilicet
1736 3513 1847 3561 cuso,
1875 3531 1965 3561 cum,
1978 3519 2188 3575 epigraphe

98 3571 137 3658 Ξ
136 3575 163 3600 A
177 3574 213 3600 Μ
225 3574 288 3654 Ag:
301 3575 326 3600 1<
341 3575 368 3600 H
381 3574 411 3600 N
422 3573 500 3601 ΩΝ.
530 3574 597 3601 rM
610 3575 646 3601 c.
674 3560 714 3600 1d
731 3561 806 3608 est,
827 3575 886 3601 an.
909 3573 999 3614 243.
1026 3562 1131 3615 apud
1147 3564 1196 3604 D.
1211 3564 1322 3605 Dron
1339 3567 1526 3607 Canonic.
1547 3568 1597 3608 D.
1611 3568 1777 3609 Thomae
1787 3596 1799 3615 ,
1828 3568 1878 3611 ad
1894 3571 1936 3614 id
1944 3571 2093 3615 'fastum
2106 3575 2188 3628 spe.

138 3629 201 3656 are
217 3629 256 3655 vi
286 3628 379 3656 etur.
2185 3624 2187 3626 ’

153 3692 238 3734 Hic
250 3706 423 3735 nummus
439 3693 630 3736 mediocris
636 3693 776 3747 formae
794 3695 895 3734 inter
907 3696 1068 3735 rariores
1082 3695 1294 3747 censtndzcs.

112 3974 258 4038 ,Tam
287 3971 351 4013 II.
1402 3975 1443 4018 X
