2491 4219
261 155 319 198 55>
859 134 1799 186 CARACALLA.

1027 262 1074 306 O
1145 261 1201 308 M
1269 262 1385 307 IS
1452 264 1480 308 S
1551 263 1607 309 Α,

911 374 1404 434 CQAESAREA
1463 375 1693 430 Palaestina.

255 1002 322 1033 {M
334 1006 368 1032 r».
398 1005 447 1032 M.
480 1005 507 1033 A
519 1004 601 1032 vu.
636 1004 663 1030 A
675 1003 706 1030 N
721 1003 745 1030 T
759 1004 785 1031 o
800 1003 830 1031 N
843 1004 857 1031 1
871 1004 900 1030 N
915 1004 940 1030 v
954 1003 988 1031 s.
1029 990 1164 1044 Caput
1181 986 1385 1030 Caracallae
1397 986 1622 1031 laureatum.

309 1062 374 1089 co
386 1063 425 1089 L.
457 1062 477 1087 P
491 1063 530 1088 a.
564 1061 598 1087 F.
632 1061 658 1086 A
673 1060 703 1087 N
717 1060 753 1086 r.
787 1061 814 1086 A
829 1061 869 1087 v.
900 1061 923 1086 c
938 1060 963 1086 A
979 1060 1002 1086 E
1017 1059 1035 1085 s
1050 1060 1076 1085 A
1091 1060 1134 1086 R.
1174 1045 1331 1086 Colonia
1355 1046 1496 1086 Prima
1519 1045 1663 1087 Flavia
1686 1045 1957 1086 Antoniniana
1981 1042 2154 1101 Augusta
2177 1044 2377 1101 Caeffimc

367 1104 516 1144 Astarte
536 1104 575 1144 in
593 1102 738 1157 templo
759 1101 953 1156 tetrastylo
970 1129 981 1148 ,
1010 1101 1144 1142 dextr-2⁸1
1162 1101 1371 1156 scipionem
1387 1129 1400 1149 ,
1428 1102 1522 1142 laevzi
1538 1101 1696 1157 pallium
1712 1101 1876 1156 colligit,
1904 1104 1928 1142 ἐι
1945 1100 2096 1143 finistris
2112 1101 2286 1145 Vistoria
2295 1113 2365 1146 eer-

364 1159 505 1200 lumnae
525 1159 701 1213 imposita
719 1172 903 1199 coronam
920 1159 958 1198 ei
974 1158 1145 1214 porrigit.

307 1236 481 1277 Caesarea
501 1237 591 1278 urbs
615 1236 819 1277 Palaestinae
842 1250 1025 1277 nummos
1044 1235 1206 1291 quidem
1225 1234 1431 1277 Caracallae
1454 1235 1649 1277 dedicavit
1663 1262 1677 1282 ,
1704 1235 1769 1277 sed
1789 1234 1982 1290 singularis
2000 1234 2070 1277 iste
2089 1233 2368 1278 Antoninianae

251 1305 397 1333 nomen
421 1293 461 1332 in
485 1293 583 1334 illius
607 1293 798 1333 honorem
828 1292 982 1348 praefert
996 1320 1009 1340 ,
1039 1294 1092 1333 ob
1108 1292 1309 1346 quoddam
1334 1291 1564 1333 beneficium
1586 1294 1634 1333 ab
1657 1292 1735 1332 hoc
1758 1292 1994 1346 Imperatore
2020 1304 2222 1346 acceptum
2238 1309 2253 1340 ς
2278 1295 2320 1333 &
2334 1286 2366 1334 fi

247 1349 483 1401 conjecturae
498 1349 625 1395 locus,
653 1350 706 1389 ob
723 1349 984 1389 immunitates
1003 1349 1051 1389 ab
1068 1362 1117 1389 eo
1134 1349 1218 1389 urbi
1235 1349 1444 1394 restitutas,
1473 1348 1533 1388 vel
1549 1347 1811 1395 confirmatas,
1843 1358 1887 1388 ut
1901 1345 2070 1388 indicare
2086 1348 2238 1389 videtur
2252 1357 2367 1390 num-
2432 1369 2439 1376 ·

252 1416 342 1443 mus
359 1404 454 1444 alter
469 1404 640 1458 ejusdem
661 1405 843 1445 Coloniae
858 1431 870 1451 ‚
898 1403 966 1444 sub
985 1404 1100 1458 ipsius
1119 1404 1279 1444 nomine
1299 1404 1320 1444 ἐι
1336 1404 1517 1444 Tristano
1538 1416 1631 1444 tom.
1650 1418 1684 1444 2.
1704 1418 1740 1458 p.
1754 1417 1820 1454 41.
1839 1403 2017 1458 vulgatus
2034 1410 2122 1443 cum
2141 1403 2216 1444 hac
2229 1398 2369 1500 iulg&
2427 1406 2452 1442 ἲ,

250 1459 465 1514 epigraphe
498 1475 521 1500 c
533 1475 559 1500 o
572 1475 607 1500 L.
641 1475 664 1500 c
679 1474 703 1499 A
719 1474 742 1499 E
757 1474 774 1499 s
788 1474 813 1499 A
827 1474 856 1500 R
871 1474 893 1498 E
906 1474 933 1499 A
967 1474 991 1499 L
1005 1473 1019 1498 1
1033 1475 1065 1500 B.
1100 1459 1259 1500 Colonia
1277 1462 1306 1500 C
1311 1459 1449 1512 cesarea
1470 1459 1614 1499 Libera
1627 1487 1639 1505 ,
1669 1459 1730 1500 cui
1747 1458 1907 1499 fimilem
1925 1458 2154 1513 Imperatori
2168 1459 2266 1500 Tito
2285 1459 2288 1462 ’
2307 1483 2313 1491 ι

248 1513 352 1555 ionia
369 1516 562 1569 gratulans
581 1514 778 1569 percuffit,
807 1514 918 1569 quod
933 1515 1106 1555 immune
1121 1515 1245 1555 solum
1261 1514 1371 1555 suum
1388 1514 1691 1568 pronunciasset,
1721 1515 1815 1556 teste
1832 1514 1953 1556 Paulo
1969 1515 2032 1555 lib.
2049 1527 2084 1555 2.
2101 1514 2152 1555 de
2161 1512 2367 1556 Cenfibus..
2434 1535 2489 1583 4*

250 1569 397 1610 ‘Divus
417 1570 660 1625 Vespasianus
684 1570 929 1622 Caes'arienfi’s
945 1570 1102 1611 Calones
1110 1571 1237 1624 fecit,
1264 1584 1337 1611 non
1352 1571 1501 1626 adjeft'o
1519 1580 1563 1612 ut
1579 1570 1628 1614 ὅγ’
1643 1573 1752 1628 jures
1776 1570 1910 1612 Italici
1937 1569 2071 1623 qffi’nn
2087 1570 2166 1621 sed
2181 1570 2369 1611 tributam

248 1625 313 1664 his
337 1625 475 1676 remifit
498 1629 660 1680 capitu,
676 1626 755 1676 fi’d
777 1626 919 1666 Divus
948 1626 1065 1665 Titus
1087 1628 1206 1666 etiam
1210 1625 1336 1677 sblum
1352 1628 1515 1666 immune
1521 1626 1681 1680 fadum
1696 1628 1969 1682 interpretatus
1983 1625 2044 1678 cst.
2074 1625 2173 1666 Ideo
2193 1625 2368 1680 Caesar‘ea

248 1681 289 1719 in
309 1693 477 1734 utroque
492 1695 654 1721 nummo
670 1680 706 1721 se
727 1680 908 1720 Liberam
925 1682 1151 1722 nominavit.
1188 1681 1402 1735 Templum
1422 1683 1588 1723 Astartes
1605 1682 1670 1722 seu
1684 1682 1849 1723 Veneris
1867 1682 1922 1722 est
1940 1683 1980 1721 in
1998 1680 2180 1722 Caefiareae
2197 1681 2367 1721 nummis

249 1735 411 1776 obvium
430 1736 590 1791 quidem
608 1764 619 1783 ‚
648 1736 714 1776 sed
727 1736 822 1776 illud
843 1737 1116 1778 Antoninianae
1131 1751 1276 1778 nomen
1298 1738 1485 1778 hactenus
1500 1751 1581 1778 non
1599 1738 1811 1792 inspectum
1831 1757 1842 1783 ;
1872 1737 1977 1777 unde
1996 1750 2055 1777 res
2074 1750 2196 1778 novas
2216 1737 2365 1798 semper

246 1795 291 1887 J
315 1792 492 1888 nogclum
521 1792 738 1834 observatas
752 1819 765 1839 ,
794 1792 951 1834 urbibus
974 1793 1214 1847 peculiariter
1236 1794 1460 1841 attributas,
1489 1793 1583 1834 varii
1608 1793 1864 1834 Coloniarum
1879 1793 2030 1833 nummi
2044 1792 2157 1833 nobis
2175 1788 2362 1833 continuo

268 1862 371 1902 uppe
402 1860 507 1889 itant.

305 1927 388 1968 Hic
404 1941 577 1968 nummus
591 1927 762 1977 fhcnndae
777 1928 1074 1983 magnitudinv‘s‚
1101 1928 1222 1981 museo
1237 1927 1292 1969 R.
1309 1928 1362 1969 P.
1379 1926 1427 1968 de
1437 1926 1478 1968 la
1494 1927 1634 1980 Chaift
1650 1927 1751 1983 Regi
1767 1927 1792 1968 ὰ
1809 1925 2101 1983 Confiffionibus
2116 1932 2281 1969 recenter
2293 1921 2364 1966 ad-

248 1982 379 2031 ditm,
405 1985 507 2025 inter
524 1983 725 2037 rarzffimos
740 1984 1007 2027 numerandus.
1475 2012 1485 2023 .

1011 2067 1596 2132 PTOLEMAIs

250 2749 268 2776 1
279 2749 316 2776 M
328 2747 364 2774 Ρ.
399 2746 448 2772 Μ.
480 2746 506 2773 A
521 2746 547 2771 v·
562 2744 603 2772 R.
635 2744 662 2770 A
675 2743 705 2770 N
721 2744 745 2770 T
757 2743 784 2770 o
797 2742 828 2769 N
842 2742 856 2768 1
870 2742 900 2769 N
913 2741 939 2769 v
950 2741 969 2768 s
1004 2742 1031 2768 A
1045 2741 1071 2767 v
1085 2741 1125 2769 G.
1165 2728 1299 2783 Caput
1315 2726 1520 2768 Caracallae
1538 2723 1760 2767 laureatum.

305 2804 416 2831 cor„
449 2802 469 2827 P
485 2802 508 2828 r
519 2802 545 2827 o
556 2802 594 2827 L.
631 2786 786 2827 Colonia
804 2784 1032 2824 Ptolemais.
1068 2783 1281 2839 Templum
1298 2784 1337 2824 in
1354 2797 1437 2838 quo
1454 2783 1549 2825 Deae
1568 2781 1821 2823 fimulacrum.

303 2865 510 2909 Ptolemais
529 2864 736 2905 Phoeniciae
759 2863 848 2904 urbs
872 2863 1059 2918 plurimos
1078 2862 1284 2903 Caracanae
1303 2875 1485 2903 nummos
1501 2860 1679 2916 percuffit
1695 2887 1708 2908 ,
1737 2859 1804 2900 sed
1825 2858 1890 2900 hic
1908 2871 2032 2900 novus
2053 2860 2092 2898 &
2106 2855 2272 2903 insolens
2287 2856 2356 2904 ad*

250 2924 414 2966 modum
431 2921 607 2968 videtur,
637 2920 662 2960 si
680 2919 864 2973 templum
885 2923 923 2959 &
941 2933 1086 2960 numen
1103 2918 1274 2972 spectes:
1303 2916 1438 2958 fanum
1458 2917 1617 2972 quidem
1637 2916 1795 2957 insolitae
1819 2914 1972 2955 fabricae
1988 2915 2043 2955 est
2059 2942 2072 2962 ,
2100 2929 2245 2958 numen
2260 2918 2357 2960 ver&
2395 2960 2398 2963 Δ
2463 2910 2475 2923 ”

249 2982 436 3021 hactenus
452 2976 564 3017 nobis
584 2990 663 3015 non
680 2975 913 3029 inspe&11m;
943 2974 968 3014 fi
987 2987 1114 3015 tamen
1131 2973 1364 3025 conjectum
1379 2973 1508 3018 locus,
1532 2972 1669 3012 Dianae
1684 2972 1739 3012 est
1756 2971 1898 3025 figura,
1918 2984 1963 3011 ea
1980 2983 2108 3012 autern
2120 2971 2174 3023 ¹ab
2190 2972 2252 3013 illa
2267 2981 2357 3028 quae

250 3037 442 3089 ‘Priapina
460 3030 565 3086 apud
583 3030 810 3084 Sinopenses
829 3029 1062 3084 appellatur,
1091 3027 1141 3069 de
1160 3041 1238 3082 qua
1255 3028 1295 3066 in
1313 3026 1372 3066 M.
1387 3027 1546 3067 Aurelio
1560 3041 1598 3081 p.
1624 3040 1708 3080 193.
1729 3027 1898 3086 dictum,
1928 3040 2009 3066 non
2025 3026 2141 3080 plane
2157 3026 2355 3083 distrepats

249 3092 345 3144 Ejus
365 3092 460 3131 Deae
477 3086 624 3142 effigies
644 3086 755 3127 varia:
776 3085 862 3125 sunt
875 3112 886 3131 ,
915 3088 953 3124 ὃ(
970 3083 1116 3125 diversa
1135 3083 1240 3137 apud
1261 3082 1440 3123 Historiae
1460 3082 1672 3135 Scriptores
1695 3082 1852 3122 nomina
1864 3108 1877 3129 ,
1905 3095 1954 3122 ex
1978 3081 2120 3136 quibus
2139 3083 2355 3138 centum&

250 3148 424 3200 quinque
439 3143 594 3198 collegit
610 3143 728 3182 Lilius
751 3139 935 3181 Giraldus
957 3140 1111 3195 Syntag.
1134 3153 1148 3178 1
1159 3150 1195 3179 2.
1222 3138 1300 3180 Sed
1313 3137 1429 3193 hujus
1451 3137 1658 3192 appellatio
1673 3137 1786 3178 nobis
1802 3137 1858 3177 est
1875 3136 2002 3177 adhuc
2019 3138 2225 3193 incognita.
2261 3139 2355 3193 Dia-

250 3217 340 3242 nam
355 3229 368 3248 ‚
398 3204 436 3241 &
454 3200 605 3240 Lunam
622 3225 634 3244 ,
660 3196 838 3238 eamdem
861 3195 937 3236 efle
961 3195 1094 3249 saepihs
1115 3194 1292 3236 diximus.
1337 3193 1433 3247 Syrii
1448 3194 1576 3235 Solem
1594 3194 1787 3248 praecipue
1804 3193 2028 3240 coluerunt,
2058 3195 2195 3248 quidni
2211 3198 2251 3235 δεῖ
2268 3194 2354 3248 eju&

251 3257 418 3297 sororem
436 3283 448 3302 ,
473 3256 563 3296 cum
587 3254 720 3295 affierat
741 3252 965 3293 Macrobius
981 3251 1044 3292 lib.
1067 3265 1099 3291 1.
1117 3264 1197 3304 cap.
1222 3253 1284 3292 18.
1319 3249 1430 3290 Luna
1449 3253 1487 3290 ὃ(
1503 3249 1592 3290 Sole
1606 3250 1799 3306 praecipue
1815 3249 1935 3293 vitam
1949 3249 2116 3292 nostram
2131 3249 2352 3306 gubernarit

253 3312 320 3353 Sjc
336 3310 526 3365 utriusque
541 3311 696 3351 luminis
710 3307 883 3361 beneficio
900 3307 982 3348 haec
997 3306 1103 3347 nohis
1118 3305 1262 3359 constat
1277 3307 1366 3345 vita
1379 3332 1392 3352 ‚
1420 3319 1496 3360 qua
1503 3305 1688 3358 fruimur.

271 3401 274 3404 ⁴
309 3389 389 3429 Hic
410 3402 580 3430 nummus
588 3391 724 3445 primae
737 3385 1013 3443 magnitudinis
1027 3387 1129 3427 inter
1142 3383 1339 3437 rarfflmos
1356 3383 1603 3426 collocandus.

1165 3603 1422 3662 &wem
