2574 4214
227 235 259 285 4
831 223 1220 291 Jumus
1344 216 1714 268 CAEsAR;

230 310 255 335 c
267 309 292 334 0
303 306 334 334 R
351 307 366 333 1
381 307 410 333 N
425 308 463 334 r.
499 307 514 333 1
534 305 566 334 1.
597 304 625 333 v
642 304 656 334 1
673 307 716 333 R.
747 292 925 333 Corinthi
941 292 1194 331 Duumviris.
1222 287 1357 340 Caput
1365 286 1460 341 julii
1477 286 1703 326 laureatum.

286 364 324 389 L.
356 362 539 388 Pompo
554 362 583 388 N
600 362 613 388 1
629 363 665 388 o.
698 362 733 388 c.
768 360 784 386 1
803 361 866 388 vt,
880 361 892 386 1
908 361 948 386 o.
990 347 1124 399 Caput
1149 342 1314 399 Augusti
1334 342 1497 382 nudum.

227 435 231 439 ’
282 426 500 479 Pomponia
521 440 613 481 gens
632 425 779 480 plebeia
792 452 803 471 ,
834 426 855 464 a
875 424 1078 476 Pompone
1098 420 1142 462 N
1146 434 1244 461 umae
1264 419 1344 460 filio
1362 420 1551 474 originem
1572 417 1705 464 traxit,
1736 416 1839 470 apud
1860 414 2107 458 Plutarchum
2125 417 2165 458 in
2181 414 2332 459 Numa.

231 486 303 521 εἶναι
321 488 351 528 ,ss
368 485 428 519 Son?
446 483 467 523 Ξ
484 486 641 530 niumm
662 484 714 520 τές
731 486 917 529 Πομπωνίες.
956 479 1162 531 *Pomponis
1183 479 1282 514 enim
1302 475 1370 527 effi
1396 476 1625 527 Pomponios
1635 472 1813 524 sobolem.
1851 472 1896 511 In
1914 472 2024 525 cujus
2042 473 2268 514 memoriam
2285 474 2332 514 L.

230 538 469 591 Pomponius
487 537 601 576 Molo
618 537 722 590 apud
740 535 849 575 Fulv.
866 533 1050 574 Urfinum
1063 533 1100 571 in
1118 541 1234 586 gente
1242 529 1461 582 Pomponia
1472 528 1649 568 Numam
1668 526 1769 568 sacra
1787 527 1993 568 facientem
2012 528 2052 567 in
2069 527 2233 568 denariis
2248 543 2335 583 per-

229 591 348 632 cussit.
378 592 480 646 Julia
499 605 593 646 gens
612 591 771 631 familias
789 589 923 629 habuit
938 588 1113 642 patricias
1133 589 1171 624 &
1184 584 1351 638 plebeias
1369 612 1380 630 ‚
1409 583 1493 635 ejus
1513 583 1624 638 origo
1642 583 1690 623 ab
1708 583 1793 635 Julo
1812 582 1949 622 AEneae
1965 582 2048 623 filio
2065 584 2116 623 ad
2135 583 2334 625 Venerem

232 646 414 692 refertur,
442 647 490 686 de
509 660 590 698 quo
609 644 766 685 Mess'ala
783 645 978 684 Corvinus
997 642 1059 680 lib.
1074 639 1123 679 de
1137 640 1299 694 Augusti
1316 639 1516 693 progenie.
1549 638 1733 685 QAEneas
1745 637 1886 690 Julum
1899 641 2200 692 cognominatum
2208 638 2334 691 Asba-

231 704 336 740 m'um
348 729 360 747 ,
387 715 436 740 ex
456 700 595 747 Creusa
612 710 734 740 matre
751 708 884 738 natum
896 725 909 745 ‚
936 699 1002 752 qui
1019 694 1067 740 εἴ)
1087 694 1210 748 Julus
1217 694 1309 748 fult
1323 722 1336 741 ,
1365 695 1389 734 d
1404 707 1476 751 quo
1484 709 1582 749 gens
1591 693 1709 747 Julia
1721 721 1734 741 2
1761 693 1859 734 unde
1875 703 1952 734 tuae
1963 697 2096 748 gentis
2107 694 2333 736 vocabulum

233 757 376 801 trahis,
392 755 616 806 sbrertffrne
633 756 748 809 Augu
762 767 810 793 te.

286 834 369 873 ch
386 846 557 873 nummus
574 835 687 874 metui
711 830 850 872 moduli
859 840 928 885 pro
948 827 1123 879 rarifflmo
1139 828 1423 882 computandus.

1026 904 1542 948 VALENYIA.

234 1560 262 1587 D
278 1561 290 1587 1
307 1561 333 1587 v
350 1561 381 1586 1.
419 1560 433 1585 1
451 1559 476 1584 v
490 1561 514 1586 L
532 1559 564 1585 1.
598 1559 658 1586 ω
674 1560 724 1586 Es
739 1559 764 1584 A
781 1559 823 1585 a.
852 1561 878 1586 n
894 1559 907 1585 1
924 1560 949 1585 v
967 1559 999 1586 1.
1032 1559 1068 1586 r.
1103 1558 1118 1585 1
1134 1557 1170 1584 M
1183 1559 1218 1584 P.
1257 1543 1506 1599 CapitaJulii
1522 1546 1561 1584 ὃ(
1578 1542 1746 1599 Augusti
1763 1541 1844 1584 fine
1864 1543 2010 1591 laurea,
2040 1543 2251 1586 cervicibus
2263 1559 2336 1600 op-

344 1601 487 1657 pofius

291 1673 326 1697 c.
359 1672 386 1697 1.
423 1672 458 1697 v.
491 1656 645 1696 Colonia
663 1656 781 1709 Julia
803 1657 995 1697 Valentia.
1036 1655 1160 1697 Navis
1180 1655 1372 1696 Praetoria.

291 1735 468 1775 Valentia
484 1735 668 1775 citerioris
687 1735 884 1789 Hispaniae
904 1734 991 1774 urbs
1009 1734 1059 1774 ad
1074 1734 1234 1774 Turiam
1253 1734 1416 1774 fluvium
1434 1732 1502 1774 fita
1517 1761 1530 1780 ‚
1558 1733 1580 1773 a
1595 1731 1788 1788 Pompeio
1812 1733 1936 1775 deleta
1957 1735 2011 1775 est
2026 1762 2038 1782 ‚
2068 1745 2111 1775 ut
2127 1734 2242 1775 tradit
2258 1735 2338 1776 Sal-

237 1789 368 1830 lustius
382 1790 478 1830 Hist.
498 1790 560 1830 lib.
579 1803 613 1842 3.
645 1792 777 1841 Castra
789 1816 799 1836 ‚
817 1790 941 1843 inquit
953 1816 964 1835 ,
982 1791 1139 1840 hostium
1153 1789 1257 1844 apud
1269 1788 1470 1830 Sucronem
1486 1799 1621 1843 capta,
1651 1787 1698 1832 ὅν
1706 1790 1885 1843 praelium
1901 1790 2151 1844 apudflumen
2168 1791 2342 1838 Yuriam9

240 1845 287 1889 ὠ
305 1845 385 1884 dux
403 1845 558 1896 hostmm
576 1848 617 1885 C.
636 1845 855 1884 Herennius
871 1859 954 1884 cum
969 1846 1059 1884 urbe
1087 1844 1125 1885 V
1136 1858 1162 1884 A
1178 1860 1202 1885 L
1215 1860 1238 1884 E
1252 1859 1280 1884 N
1295 1859 1319 1885 Τ
1336 1860 1350 1886 1
1367 1859 1394 1885 A
1428 1842 1475 1888 (θ’
1496 1843 1687 1885 exercitus
1707 1844 1833 1886 deleti.
1870 1846 2026 1886 Deinde
2046 1846 2270 1893 restaurata,
2298 1851 2340 1887 &

240 1901 406 1941 Colonia
424 1900 521 1940 faeta
538 1927 549 1946 ,
580 1900 672 1940 teste
690 1901 814 1940 Plinio
833 1901 893 1940 lib.
915 1914 950 1953 3.
973 1915 1055 1954 cap.
1078 1913 1114 1952 3.
1147 1900 1327 1942 Valentia
1345 1901 1502 1942 Colonia
1533 1914 1549 1940 1
1562 1914 1577 1939 1
1591 1914 1623 1940 1.
1646 1914 1695 1940 M·
1719 1902 1814 1954 paff.
1842 1899 1866 1940 d
1884 1904 1982 1942 mari
2001 1911 2154 1942 remota.
2191 1901 2298 1942 Illam
2318 1903 2343 1943 εὶ

233 1956 338 2009 Julio
355 1955 502 1995 Caesare
520 1955 724 1996 deduc‘tam
745 1955 867 2007 Juliae
888 1968 1032 1996 nomen
1050 1956 1194 2010 arguit;
1224 1955 1396 2010 plurimis
1415 1956 1519 1997 enim
1538 1955 1766 2011 Hispaniam
1787 1957 1968 1998 Coloniis
1986 1955 2267 2009 frequentavit,
2294 1969 2340 1999 ut

239 2024 287 2050 ex
306 2011 417 2051 Livio
434 2010 554 2064 liquet
572 2011 635 2050 lib.
651 2024 688 2063 4.
708 2011 856 2051 Decad.
869 2024 907 2062 4.
940 2012 1111 2050 Tertium
1131 2010 1301 2064 Hispani
1315 2026 1439 2067 genus
1459 2013 1626 2052 Romani
1645 2011 1765 2052 colom·
1781 2014 1831 2051 ab
1847 2013 1967 2052 ‘Divo
1984 2011 2221 2065 Caefarepqst
2231 2010 2343 2052 devi-

239 2066 320 2105 llos
346 2067 519 2120 ‘Pompeii
535 2066 668 2106 liberos
683 2067 836 2122 adjec‘li.
867 2065 1065 2106 Valentini
1077 2067 1253 2120 Augusto
1269 2067 1561 2120 gratulabundi,
1587 2066 1758 2120 effigiem
1766 2066 1861 2119 Julii
1880 2066 1998 2119 patris
2009 2066 2188 2106 Coloniae
2205 2065 2343 2106 funda⁴

239 2122 331 2217 {pris
349 2121 419 2176 ipsi
439 2122 621 2162 comitem
636 2121 844 2178 fignavere.
885 2120 1065 2162 Praetoria
1084 2120 1190 2160 navis
1210 2119 1250 2158 in
1266 2131 1373 2174 parte
1392 2121 1538 2174 postica
1554 2144 1569 2167 ,
1596 2121 1638 2160 in
1658 2121 1753 2161 mari
1772 2121 1988 2175 potentiam
2007 2121 2111 2163 urbis
2127 2147 2142 2169 ‚
2169 2130 2235 2161 aut
2254 2131 2344 2175 ejus

256 2187 352 2216 itum
374 2176 546 2218 denotat.

297 2254 380 2297 Hic
394 2269 566 2297 nummus
573 2256 707 2311 primae
724 2253 1022 2310 magnitudinis,
1048 2267 1115 2295 nec
1129 2267 1238 2294 rarus
1247 2280 1260 2301 ‚
1287 2267 1355 2294 nec
1369 2253 1508 2294 obvius
1526 2251 1589 2306 est.

1135 2331 1441 2375 COPIA.

253 2993 291 3032 D
308 3007 321 3033 1
337 3006 362 3031 v
378 3006 410 3031 Ι.
444 3005 459 3031 1
477 3002 544 3031 151,
559 3003 592 3031 1.
627 3003 642 3030 1
659 3000 695 3029 M
708 3004 742 3029 Ρ.
779 3004 800 3029 c
816 3003 840 3028 A
856 3003 879 3028 E
893 3002 910 3026 s
930 3002 952 3027 Α
969 3002 1009 3028 R.
1043 2998 1099 3028 DI
1116 3002 1142 3027 v
1160 3002 1192 3028 1.
1225 3001 1262 3027 F.
1308 2986 1450 3040 Capita
1461 2983 1558 3040 Julii
1577 2988 1616 3025 δε
1637 2984 1803 3040 Augusti
1827 2984 2039 3025 cervicibus
2063 2984 2252 3040 oppositis
2265 3013 2280 3033 ‚
2306 2986 2347 3027 in

362 3046 587 3101 quibusdam
609 3045 744 3099 palma:
762 3058 868 3084 ramo
889 3043 1129 3084 intermedio.

311 3117 333 3140 c
346 3117 369 3140 o
384 3117 403 3140 P
421 3116 434 3141 1
450 3117 489 3140 A.
519 3101 644 3142 Navis
660 3101 846 3155 praetoria.

311 3178 508 3218 Nummus
523 3180 585 3219 hic
603 3178 810 3219 Coloniam
828 3176 1047 3219 Valentiam
1070 3175 1258 3228 sequitur,
1287 3173 1347 3215 vel
1368 3185 1411 3214 ut
1425 3172 1474 3213 ad
1491 3172 1592 3214 illam
1609 3172 1782 3228 speOEtans
1799 3199 1811 3220 ,
1838 3173 1969 3214 autad
1986 3174 2130 3215 incerta
2149 3175 2352 3216 numisma-

261 3247 298 3274 ta
311 3261 322 3279 ,
353 3233 377 3272 si
400 3234 522 3273 nostra
538 3248 617 3274 non
635 3234 797 3274 arrideat
814 3231 1034 3285 conjestura
1047 3259 1058 3278 ‚
1088 3230 1335 3286 ablegandus.
1382 3229 1584 3270 Tristanus
1608 3241 1702 3270 tom.
1729 3244 1758 3267 ι.
1777 3242 1864 3284 pag.
1889 3232 1949 3269 18.
1977 3243 2068 3270 eum
2086 3229 2136 3269 ad
2154 3230 2353 3272 Thurium

260 3303 408 3343 magna:
422 3288 578 3328 Graeciae
600 3290 756 3336 urbem,
789 3293 829 3328 δε
849 3288 891 3328 P.
913 3287 1140 3327 Harduinus
1153 3301 1239 3341 pag.
1266 3298 1356 3337 297.
1382 3285 1430 3325 ad
1443 3285 1679 3341 Lugdunum
1693 3284 1826 3324 Galliae
1844 3296 2092 3331 revocarunt,
2118 3285 2184 3326 sed
2203 3285 2350 3327 Frustra.

262 3344 353 3384 Vox
371 3345 498 3396 itaque
528 3358 587 3383 co
602 3358 621 3383 P
639 3359 652 3384 1
672 3359 698 3384 A
711 3373 723 3392 ,
751 3344 810 3384 vel
830 3344 975 3398 integra
991 3343 1065 3388 est,
1094 3342 1153 3381 vel
1174 3341 1256 3393 ejus
1274 3342 1407 3381 litterae
1422 3341 1506 3381 sunt
1522 3340 1704 3386 initiales,
1734 3354 1768 3380 c.
1783 3354 1867 3379 0.P.
1881 3353 1909 3379 1.
1924 3354 1965 3380 A.
2003 3340 2042 3381 Si
2060 3354 2140 3381 vox
2158 3355 2254 3388 una,
2282 3356 2355 3382 no⁴

262 3413 352 3439 men
373 3399 426 3438 cst
445 3398 544 3438 urbis
556 3426 567 3444 ,
593 3400 699 3452 cujus
715 3399 819 3453 apud
841 3398 1100 3453 Geographos
1117 3397 1218 3436 nulla
1236 3397 1386 3437 mentio
1405 3411 1413 3435 ε
1441 3407 1479 3436 at
1496 3409 1678 3436 nummus
1697 3409 1786 3434 cum
1806 3395 1985 3449 superiori
2011 3396 2183 3448 ejusdem
2202 3397 2258 3436 est
2276 3396 2355 3437 for-

266 3468 336 3493 ma:
349 3481 359 3500 ‚
389 3453 583 3493 moduli&
596 3454 884 3510 magnitudinis,
912 3453 1017 3493 rudis
1033 3451 1191 3507 quidem
1210 3451 1381 3498 fabricae,
1409 3455 1446 3491 &
1464 3462 1506 3492 ut
1524 3451 1697 3495 videtur,
1722 3449 1958 3505 Hispanicae,
1988 3451 2354 3505 eademJulii&Au-

266 3510 362 3564 gusti
382 3509 504 3563 capita
521 3509 727 3550 cervicibus
744 3508 930 3563 oppositis
946 3509 1062 3549 ambo
1083 3507 1264 3548 exhibent
1285 3529 1296 3554 3
1324 3506 1411 3562 ipsls
1431 3507 1569 3547 eadem
1586 3507 1779 3560 inscriptio
1798 3532 1810 3551 ‚
1840 3509 1878 3544 &
1899 3506 2015 3545 iidem
2035 3507 2243 3547 litterarum
2264 3506 2355 3547 cha-

267 3566 445 3609 rafilcrcs,
476 3564 578 3603 idem
594 3564 631 3603 in
650 3565 856 3617 posteriore
871 3577 977 3617 parte
993 3576 1128 3618 typus,
1155 3563 1279 3603 Navis
1290 3563 1488 3610 Praetoria,
1509 3576 1597 3603 cum
1615 3562 1688 3602 hac
1704 3561 1780 3601 sola
1796 3573 1922 3601 tamen
1940 3560 2181 3602 distinctione
2194 3589 2205 3608 ‚
2235 3573 2278 3602 ut
2294 3562 2358 3604 ille

269 3619 306 3658 in
325 3620 462 3659 vertice
480 3620 547 3658 has
569 3631 678 3659 notas
699 3633 739 3658 c..
753 3633 779 3658 1.
793 3631 831 3658 V.
854 3619 916 3658 hic
933 3633 1025 3659 vero
1044 3620 1082 3658 in
1103 3620 1184 3658 ,imo
1203 3618 1377 3672 praefcrat‘
1403 3632 1462 3658 co
1476 3631 1496 3656 1²
1514 3632 1528 3657 1
1547 3631 1573 3657 A
1590 3644 1600 3663 ‚
1629 3617 1733 3657 unde
1750 3616 1834 3656 illos
1851 3630 1897 3655 ex
1915 3616 1977 3657 illa
1994 3618 2157 3656 maxima
2174 3625 2355 3658 nummo*

270 3687 352 3714 rum
375 3675 468 3713 inter
485 3674 520 3713 sc
539 3673 779 3713 similitudine
795 3674 845 3713 ad
862 3674 1024 3714 eandem
1040 3674 1172 3713 urbem
1193 3674 1381 3727 pertinere
1398 3672 1571 3726 suspicati
1588 3673 1727 3712 sumus.
1769 3671 1947 3712 Valentia
1963 3672 2093 3726 itaque
2110 3672 2250 3726 aJulio
2268 3674 2356 3713 Cae-

270 3729 347 3769 sare
363 3729 529 3768 Colonia
547 3728 710 3768 dedut‘ta
727 3756 738 3774 ,
765 3730 813 3768 ab
831 3729 1007 3783 Augusto
1027 3744 1099 3782 pro
1125 3729 1266 3769 horreo
1291 3732 1329 3768 &
1346 3728 1536 3782 apotheca
1553 3755 1565 3774 ,
1596 3728 1635 3767 in
1652 3741 1729 3782 qua
1747 3726 1913 3766 militaris
1930 3741 2084 3767 annona
2104 3726 2332 3768 conderetur
2344 3753 2360 3774 5

270 3785 410 3829 desta,
439 3783 589 3823 fortasse
603 3784 869 3838 cognominata
886 3784 941 3823 cst
972 3799 1031 3824 co
1045 3799 1062 3822 Ρ
1082 3798 1094 3823 1
1112 3798 1136 3822 A
1160 3799 1167 3823 ε
1194 3783 1285 3824 s1tus
1305 3784 1406 3824 urbis
1423 3783 1471 3823 ad
1491 3783 1531 3823 id
1548 3783 1658 3823 valde
1674 3794 1944 3836 opportunus;
1972 3782 2080 3836 quod
2099 3782 2214 3822 etiam
2230 3782 2357 3824 Navis

270 3840 449 3880 Praetoria
468 3840 505 3878 in
526 3853 687 3878 nummo
705 3839 845 3893 signata
862 3838 1015 3879 indicat.
1043 3840 1088 3878 In
1107 3839 1188 3891 ejus
1207 3839 1430 3880 memoriam
1446 3838 1644 3879 Valentini
1661 3836 1783 3876 modo
1801 3850 1890 3876 cum
1908 3836 2019 3877 solito
2035 3837 2212 3877 Coloniae
2231 3838 2358 3882 titulo,

273 3894 394 3935 modo
410 3908 498 3934 cum
517 3909 621 3934 novo
650 3909 671 3935 c
684 3908 710 3932 ο
726 3908 745 3932 1²
763 3908 776 3932 1
794 3907 819 3934 A
853 3894 1084 3948 cognomine
1103 3907 1283 3935 nummos
1299 3895 1422 3948 capita
1443 3892 1706 3935 beneficorum
1721 3891 1941 3945 Principum
1967 3893 2191 3932 exhibentes
2211 3892 2361 3947 percus·

272 3951 406 3991 serunt.

323 4006 361 4046 Si
382 4004 507 4044 minus
524 4003 604 4043 haec
623 4003 804 4055 probatur
825 4002 1063 4056 conjeftura,
1091 4018 1138 4045 en
1156 4004 1270 4045 altera
1286 4003 1495 4045 litterarum
1515 4002 1787 4057 disjunctarum
1806 4001 2090 4056 interpretatio,
2123 4014 2253 4049 c.o.1’.
2270 4015 2302 4042 ῐ.
2315 4015 2360 4042 Α.

2143 4094 2148 4099 .
2208 4056 2365 4097 Colonia
