2574 4214
732 219 1607 287 COMMODUS.
2108 240 2195 291 μγ

171 828 282 856 cor..
315 827 356 853 A.
387 825 425 852 A.
457 824 557 852 PAT
572 824 617 852 R.
647 809 802 851 Colonia
827 808 1000 866 Augusta
1028 809 1132 850 Aroe
1154 807 1363 861 Patrensis.
1393 808 1526 864 Caput
1541 808 1726 851 muliebre
1743 808 1938 856 turritum,
1967 822 2072 864 pone
2097 808 2210 865 quoii

222 880 474 922 cornucopiae.

165 949 300 1002 Caput
325 945 508 987 muliebre
535 945 710 986 turritum
734 944 773 984 in
801 944 989 991 nummis,
1016 943 1173 986 solenne
1198 944 1253 985 est
1276 944 1428 985 urbium
1457 943 1677 999 Principum
1694 942 1931 998 symbolum,
1960 943 2070 999 quod
2088 944 2210 986 Patris

114 1003 316 1049 convenit,
344 1002 371 1041 fi
399 1000 575 1043 Straboni
600 999 697 1041 fides
727 999 791 1040 lib.
817 1002 849 1040 8.
879 1014 967 1054 pag.
996 1002 1087 1053 387.
1131 1003 1219 1038 Mem*
1231 1002 1528 1042 δὲτέτοιςῑιοὶτςοα,
1552 1001 1806 1047 πόλιςαεξιέλογος.
1841 998 1980 1049 ‘Postea
1993 1000 2209 1055 sequuntur

112 1059 272 1104 Patrae,
300 1057 388 1096 urbs
402 1055 659 1097 memorabilis.
687 1054 882 1096 Patrenses
900 1057 990 1095 cum
1007 1054 1099 1095 olim
1114 1055 1220 1109 apud
1233 1055 1455 1107 Pausaniam
1473 1053 1686 1095 floruissent
1697 1081 1709 1099 ‚
1736 1053 1872 1110 infigni
1887 1056 1981 1094 vero
2000 1054 2106 1096 clade
2122 1056 2209 1109 plu-

110 1115 214 1155 ribus
237 1111 372 1166 praeliis
396 1112 551 1165 accepta
579 1110 743 1152 fortunis
772 1111 896 1164 prope
911 1110 1090 1150 omnibus
1107 1110 1245 1150 eversis
1264 1125 1333 1165 per
1347 1124 1481 1165 agrum
1501 1109 1654 1164 dispersi
1672 1109 1778 1155 sunt,
1807 1109 2002 1164 Augustus
2022 1110 2083 1150 vel
2100 1109 2210 1162 qusad

110 1168 163 1211 ad
177 1169 332 1208 navium
349 1166 549 1222 appulsum
564 1166 694 1207 Patras
713 1165 824 1205 valde
843 1165 919 1206 esst:
936 1165 1126 1220 appositas
1143 1165 1332 1218 judicaret
1345 1193 1358 1211 ‚
1385 1165 1446 1205 vel
1463 1164 1534 1205 alia
1549 1178 1783 1218 quacunque
1802 1164 1852 1204 de
1870 1166 1983 1204 causa
2000 1178 2067 1205 eos
2089 1165 2129 1205 in
2147 1179 2208 1204 ur-

112 1223 202 1266 bem
218 1223 419 1277 remigrare
434 1221 537 1274 jussit
551 1249 564 1267 ‚
592 1222 808 1274 urbemque
823 1221 1032 1262 Coloniam
1049 1221 1271 1262 Romanam
1290 1220 1485 1262 constituit
1499 1246 1513 1266 ‚
1542 1233 1665 1274 eaque
1681 1218 1838 1261 Achaiae
1854 1231 1970 1274 caput
1985 1219 2124 1264 effesta
2140 1219 2208 1272 est,

113 1279 373 1331 Cornucopiae
388 1277 620 1319 fertilitatem
636 1277 715 1332 agri
729 1276 882 1317 indicat.

165 1356 249 1400 Hic
265 1369 436 1398 nummus
454 1357 601 1398 minimi
615 1354 754 1397 moduli
769 1367 836 1396 nec
851 1367 961 1395 rarus
974 1366 1041 1394 nec
1055 1353 1192 1395 obvius
1206 1352 1264 1407 cst.

113 1947 223 1978 ιΜι».
253 1947 397 1975 caes.
427 1947 479 1974 M.
509 1947 636 1974 AVR.
669 1948 980 1976 coMMonvs.
1012 1950 1129 1978 Avo.
1172 1932 1537 1992 CaputCommodi
1551 1935 1775 1977 laureatum.

168 2003 262 2032 con.
294 2003 333 2029 A.
367 2003 409 2029 A.
439 2002 460 2029 Ρ
475 2003 500 2028 A
516 2003 596 2029 rR.
634 1990 789 2031 Colonia
806 1992 978 2047 Augusta
994 1994 1098 2033 Aroe
1111 1993 1321 2047 Patrensts.
1370 1992 1511 2049 Figura
1533 1993 1726 2034 muliebris
1753 1991 1885 2033 turrita
1913 1991 2012 2032 stans
2029 2017 2045 2039 2
2076 1991 2212 2037 dextra

219 2055 389 2101 pateram
400 2071 413 2091 ‚
443 2046 537 2085 laeva
554 2046 807 2100 cornucopiae.

162 2121 305 2178 Figura
334 2122 528 2163 muliebris
550 2122 611 2162 illa
640 2124 812 2164 Genium
837 2124 941 2164 urbis
967 2125 1209 2178 repraesentat
1232 2139 1305 2180 pro
1322 2123 1438 2164 salute
1460 2123 1708 2178 Imperatoris
1726 2123 1948 2166 sacrificium
1965 2136 2188 2180 perpetrans
2196 2128 2210 2174 ,’

108 2177 164 2221 ob
179 2177 375 2233 ingentem
391 2177 516 2218 forsan
532 2178 785 2231 pestilentiam
800 2193 868 2233 per
888 2190 1009 2220 totam
1025 2179 1174 2220 Italiam
1192 2184 1231 2219 δε
1249 2180 1391 2225 Romae
1411 2178 1615 2232 praesertim
1630 2179 1866 2228 saevientem,
1894 2181 1948 2222 ita
1963 2192 2007 2222 ut
2021 2182 2212 2225 Commo-

111 2232 168 2274 do
186 2232 402 2288 persuasum
419 2232 465 2274 fit
483 2233 719 2274 Laurentum
740 2233 918 2274 secedere
933 2261 946 2280 ‚
973 2234 1067 2275 teste
1084 2235 1327 2275 Herodiano.
1359 2239 1476 2276 Σιωέέη
1499 2238 1599 2284 ‘fiam’
1613 2240 1707 2274 ἁκεῖνο
1722 2241 1808 2286 neap}
1822 2239 1955 2286 λοιμώὲη
1972 2239 2044 2275 νόπν
2059 2244 2211 2290 κακωχεῖν

112 2287 168 2326 τω
183 2291 303 2325 Ιταλίακι
316 2312 326 2328 ,
349 2288 466 2335 μείλιςυι
480 2287 499 2333 ’3
513 2287 542 2322 αὖ
556 2288 645 2330 nvc'ffot
659 2293 697 2336 τῇ
713 2291 850 2335 Ρωμαίων
867 2287 942 2323 πῦλει
958 2288 1085 2334 ἦκμωπν
1100 2313 1112 2330 ,
1135 2289 1192 2324 ἅτε
1208 2289 1434 2337 πλυωνθξῶπῳ
1451 2305 1480 2325 τε
1495 2290 1548 2339 ἔσῃ
1568 2294 1592 2342 v}
1609 2291 1662 2327 τές
1677 2292 1860 2338 πανταχόθεν
1877 2291 2111 2340 (ππὸεχομὲύη.
2135 2292 2208 2328 ’reive

110 2342 131 2378 ι’
143 2339 297 2388 Κόμμοδος
311 2340 574 2388 συμξελόῦσοὶντων
589 2341 663 2387 αἱκτῷ
679 2345 757 2377 τινῶν
772 2344 877 2380 :amedu
891 2344 930 2378 εἰς
946 2339 1000 2375 ‘rufi
1015 2341 1173 2388 Aow‘pevrov
1186 2342 1380 2388 ἀνεχώρησεν.
1416 2339 1500 2379 Per
1522 2340 1621 2380 idem
1645 2348 1790 2395 tempus
1815 2342 1980 2388 accidit,
2008 2349 2053 2381 ut
2076 2343 2209 2396 ingens

110 2391 270 2437 Italiam
292 2393 441 2450 quidem
465 2393 681 2442 universam
700 2393 916 2448 pestilentia
941 2403 1136 2447 occuparet
1161 2408 1174 2432 .·
1188 2393 1268 2444 sed
1289 2396 1332 2434 in
1354 2395 1558 2435 civitatem
1574 2395 1788 2435 Romanam
1805 2395 2066 2436 vehementius
2081 2405 2212 2437 tamen

99 2446 264 2501 saeviret
275 2477 287 2496 ,
313 2458 442 2504 utpote
463 2461 545 2504 quae
574 2446 622 2493 ὠ
630 2460 700 2504 per
702 2449 751 2501 se
757 2448 894 2504 populo
913 2448 1146 2495 abundaret,
1176 2446 1226 2492 &⁹
1241 2449 1414 2490 advenas
1431 2458 1510 2490 toto
1527 2449 1612 2490 orbe
1633 2450 1858 2504 confluentes
1875 2452 2071 2506 exciperet.
2111 2450 2213 2493 Tum

112 2504 333 2545 Commodus
360 2504 381 2558 ζ
399 2504 624 2556 itascilicet
651 2505 805 2561 quidam
820 2504 1015 2544 medicina·
1026 2505 1146 2558 periti
1153 2502 1455 2558 perfimfi’rant)
1485 2505 1723 2546 Laurentum
1727 2506 1884 2559 seceffit-
1929 2507 2212 2561 Cornucopiae,

111 2557 267 2655 golemgle
283 2560 475 2654 estsff‘efnfi
490 2560 725 2620 symbolum,
755 2571 893 2615 utpote
911 2559 978 2613 qui
993 2573 1120 2600 rerum
1136 2559 1417 2619 gignendarum
1440 2560 1520 2604 vim
1546 2561 1688 2604 habere
1710 2561 1974 2617 perhibeatur,
2003 2562 2064 2604 vel
2079 2563 2130 2603 ad
2152 2563 2212 2617 in-⁴

140 2627 224 2654 ican
253 2628 314 2654 am
344 2629 370 2655 o
382 2628 396 2654 1
429 2625 653 2655 eracitatem.

166 2690 249 2734 Hic
263 2705 434 2734 nummus
437 2690 616 2744 fi’cundae
632 2691 906 2748 magnitudinis
922 2691 1059 2733 obvias
1070 2691 1128 2745 est.

1079 2870 1237 2896 οιιΛιΑ.
1255 2861 1276 2874 ‘X

113 3290 130 3322 1
141 3291 178 3321 M
189 3291 220 3318 1².
253 3292 279 3318 A
295 3291 324 3316 N
338 3291 362 3317 r
374 3291 400 3316 o
415 3289 445 3316 N
456 3290 471 3316 1
484 3289 511 3316 N
527 3290 553 3317 v
565 3289 596 3316 s.
628 3292 651 3318 c
664 3291 689 3317 o
701 3291 737 3318 M
749 3290 785 3317 M
797 3291 822 3318 o
835 3291 860 3318 D
872 3291 899 3317 v
912 3291 945 3317 s.
975 3277 1110 3333 Caput
1129 3279 1344 3320 Commodi
1362 3278 1586 3320 laureatum.

163 3349 187 3375 c
199 3347 273 3430 011„
306 3347 347 3373 A.
380 3346 422 3372 A.
462 3347 482 3372 P
498 3347 524 3372 A
537 3346 561 3373 r
577 3346 618 3373 R.
654 3331 809 3373 Colonia
835 3332 1008 3387 Augusta
1038 3335 1142 3375 Aroe
1166 3334 1376 3387 Patrensts.
1412 3335 1590 3375 Colonus
1618 3345 1733 3387 agens
1759 3331 1878 3375 boves
1889 3358 1902 3380 ‚
1929 3332 2063 3375 dextra
2083 3334 2200 3378 vexil-

232 3401 309 3428 um.

158 3465 352 3509 Patrenses
377 3466 426 3506 ad
449 3466 633 3521 originem
651 3466 827 3507 Coloniae
852 3464 1115 3514 indicandam,
1141 3467 1265 3507 modo
1283 3467 1503 3513 Colonum,
1532 3464 1652 3506 modo
1670 3463 1773 3521 signa
1788 3466 1960 3507 militaria
1978 3467 2017 3508 in
2034 3471 2202 3512 nummis

107 3521 364 3576 percusserunt
384 3538 392 3562 2
418 3522 498 3562 imo
516 3523 554 3562 in
572 3522 648 3561 hoc
663 3521 724 3562 illa
739 3521 981 3576 conjungunt
1001 3541 1013 3567 ς
1042 3521 1221 3561 Colonus
1235 3523 1338 3562 enim
1354 3522 1486 3562 dextra
1504 3520 1651 3575 fignum
1672 3522 1848 3568 militare,
1876 3522 2015 3563 sinistra
2032 3538 2196 3565 aratrum

107 3575 246 3622 ducit;
272 3577 364 3617 illud
389 3577 565 3618 Coloniae
590 3577 776 3623 militam,
809 3576 886 3617 hoc
909 3575 1066 3630 plebeiae
1090 3575 1312 3629 symbolum.
1349 3577 1565 3617 Veteranos
1593 3577 1775 3630 Legionis
1796 3577 2196 3632 vigefimae-secundae,

107 3632 339 3685 cognomine
361 3632 627 3685 Primigeniae,
654 3632 782 3672 Patras
804 3630 1050 3676 transmissos,
1076 3643 1124 3670 ex
1149 3632 1316 3671 nummis
1340 3631 1564 3684 accepimus.
1593 3630 1793 3671 Pausanias
1810 3633 1922 3678 vero,
1952 3634 2196 3674 multitudine

108 3699 155 3729 ex
171 3686 366 3740 oppidulis
386 3687 515 3727 vicinis
530 3687 578 3726 ab
597 3687 772 3743 Augusto
789 3688 826 3726 in
844 3687 942 3726 hanc
962 3686 1096 3725 urbem
1113 3686 1317 3740 remigrare
1331 3685 1451 3736 jussa,
1481 3684 1642 3725 eandem
1660 3687 1707 3725 ab
1724 3699 1774 3726 eo
1789 3686 1996 3727 Coloniam
2014 3688 2196 3728 constitu-

110 3739 189 3782 fam
205 3741 318 3783 tradit
334 3742 374 3781 in
387 3740 566 3782 Achaicis
582 3757 668 3797 pag.
680 3757 728 3795 43
739 3757 773 3782 2.
804 3745 856 3781 Ka?
874 3750 897 3781 ἐς
910 3745 949 3779 wi
961 3744 1037 3779 σ’ἱὶλοι
1051 3744 1128 3791 γ’ρως
1144 3747 1264 3789 σφίσιν,
1288 3742 1375 3777 o‘m‘au
1388 3752 1445 3780 τοῖς
1459 3746 1591 3782 §aalma
1607 3747 1692 3790 νέμειν
1710 3751 1734 3778 οἵ
1752 3751 1874 3790 Ρωμαῖοι
1889 3749 2029 3794 νομίζκστ.
2060 3745 2192 3797 Atque

110 3794 190 3836 a'lia
213 3797 254 3834 in
277 3809 358 3835 eam
378 3798 580 3836 civitatem
609 3798 782 3850 beneficia
808 3799 968 3837 contulit
982 3824 993 3843 ‚
1020 3797 1156 3851 quibus
1174 3794 1249 3845 dfe
1265 3794 1446 3835 deductas
1467 3796 1641 3837 colonias
1658 3797 1823 3837 Romani
1840 3796 1984 3848 afficere
1999 3795 2195 3847 confiteve-

111 3858 213 3891 runt.
242 3849 339 3890 Haec
357 3862 482 3891 autem
502 3865 548 3891 ex
566 3851 707 3906 septem
726 3853 831 3908 pagis
849 3851 1088 3906 frequentata
1101 3850 1155 3891 est
1167 3877 1180 3895 ‚
1208 3849 1301 3890 teste
1317 3849 1511 3892 Strabone.

164 3925 248 3966 Hic
264 3939 433 3969 nummus
437 3929 599 3981 ficundi
615 3931 754 3971 moduli
761 3957 774 3977 ‚
800 3930 824 3970 a
841 3931 990 3971 Patina
995 3940 1086 3986 pag.
1107 3933 1197 3970 261.
1213 3927 1395 3983 vulgatus
1407 3956 1419 3976 ‚
1447 3932 1547 3969 inter
1562 3929 1691 3969 obvios
1707 3928 1935 3983 relegandus.

222 4028 323 4070 Tam.
353 4029 388 4073 Ι.
1438 4031 1506 4079 Ee
