2491 4219
266 121 366 168 260
813 116 1377 191 T‘R.AJ.A1<[JS
1454 133 1868 180 t>E<31113

268 200 376 233 mus,
403 187 442 227 in
463 187 572 240 cujus
589 190 811 229 memoriam
829 190 889 229 illa
909 203 991 230 aerae
1010 191 1086 231 suae
1103 203 1216 232 notas
1234 192 1273 232 in
1293 196 1460 238 nummis
1478 198 1659 254 fignavit,
1689 200 1728 239 in
1749 201 1955 243 Gordiano
1976 202 2156 246 Coloniae
2172 206 2379 251 fundatore
2460 225 2461 228 ¹

270 257 396 283 annos
413 244 460 283 ad
478 244 655 298 quintum
681 244 799 306 usque
818 245 965 286 caelavit
985 266 997 293 3
1026 247 1065 286 in
1078 247 1284 303 Philippo,
1314 250 1335 289 ὲ
1351 252 1491 304 quinto
1509 254 1629 308 usque
1645 255 1695 294 ad
1712 255 1929 304 decimum,
1956 260 2045 298 esim
2064 259 2124 300 sex
2144 265 2291 304 tantum
2311 280 2377 305 an-

271 311 345 339 nos
361 300 393 339 is
410 300 652 353 imperaverit
671 320 682 346 3
711 315 750 340 m
769 301 894 342 Decio
910 315 1056 342 annum
1075 318 1109 344 x.
1134 318 1158 345 x
1174 318 1206 344 1.
1229 309 1268 344 δε
1285 319 1309 344 x
1325 319 1339 343 1
1359 320 1391 345 1.
1408 309 1520 361 qubd
1538 323 1619 349 non
1636 311 1756 351 solum
1783 326 1886 352 anno
1912 313 2087 355 deduffae
2113 317 2290 359 Coloniae
2309 321 2376 361 de-
2460 307 2462 310 ¹

270 355 376 395 cimo
392 355 611 409 Philippum
633 355 741 397 fuisse
761 357 950 404 occisum,
980 362 1020 399 ὃς
1040 359 1206 401 Decium
1222 360 1434 415 Imperium
1451 362 1655 406 obtinuiffe
1670 368 1817 422 arguit,
1845 367 1911 408 sed
1928 369 2093 411 Decium
2111 373 2265 415 biennio
2280 375 2376 418 inte-

271 425 345 466 gro
363 412 532 466 regnasse
546 411 718 453 denotat.

327 490 390 530 Hi
410 491 550 530 nummi
556 490 733 542 ficundae
757 492 1033 546 magnztudinis
1049 494 1305 549 reperiuntur,
1320 498 1472 550 primus
1494 498 1596 538 inter
1613 500 1889 552 praestantiores
1910 502 2105 547 habendus
2129 526 2144 552 ⁵
2162 507 2376 559 secundus,

258 544 446 601 frequens
464 565 476 593 3
505 549 644 587 tertius
663 562 772 605 rasus
792 549 853 602 est.

712 707 831 748 PIO.
868 707 1107 762 ATQVE.
1143 709 1445 752 INCLITO.
1483 710 1589 752 DN.
1627 711 1944 757 TRAIANO

738 785 1185 828 NOBILISSIMO.
1224 790 1320 829 AC.
1358 788 1781 833 FORTISSIMO.
1818 793 1914 834 ET.

939 864 1375 908 FELICISSIMO.
1412 867 1706 911 CAESARI.

768 941 1130 985 SEPTIMIVS.
1167 944 1578 988 ACYNDINVS.
1616 949 1669 990 V.
1701 949 1750 989 C.
1787 949 1879 990 ET.

789 1020 1016 1063 AGENS.
1047 1023 1182 1064 PER.
1211 1023 1573 1067 HISPANIAS.
1604 1027 1656 1068 V.
1685 1027 1734 1068 C.
1768 1028 1851 1068 ET

715 1096 884 1140 VICE.
912 1100 1138 1142 SACRA.
1169 1102 1638 1146 COGNOSCENS.
1667 1105 1935 1148 NVMINI

824 1177 1348 1234 MAIESTATIQJE.
1378 1180 1532 1224 EIVS.
1562 1184 1831 1228 SEMPER.

1089 1259 1569 1306 DICATISSIMVS.

1534 1373 1658 1430 Apud
1671 1375 1877 1418 Gruterum
1884 1386 1977 1433 pag.
1997 1390 2088 1433 273.
2110 1388 2144 1430 5.

1327 2492 1349 2507 nx

1397 2516 1845 2604 iiiffifimmmmssumunmuunmuuunufflffissm{2

2129 3927 2390 3989 HEREN5
