2574 4214
306 202 369 244 ss
997 180 1762 245 TIBERIUS.

312 825 347 851 c.
374 824 404 849 c.
434 821 474 846 A.
506 805 661 846 Colonia
678 801 847 853 Caesarea
863 799 976 854 Augu
1008 810 1043 835 a.
1080 795 1260 837 Colonus
1275 794 1355 850 agit
1370 793 1501 834 boves.

364 887 407 926 In
428 882 718 938 Caesaraugustae
735 878 900 921 nummis
917 873 1037 916 modo
1054 875 1216 916 colonus
1233 873 1282 914 ad
1297 872 1543 913 indicandam
1559 870 1738 912 Coloniae
1757 870 1945 926 originem
1959 895 1971 916 ,
2002 868 2125 911 modo
2143 869 2247 926 figna
2262 870 2399 912 milita-

309 943 362 984 ria
379 939 639 996 percutiuntur
656 952 664 975 :
690 935 752 976 ille
768 949 815 975 ex
831 933 942 988 plebe
962 929 1159 971 tradustos
1174 930 1298 975 cives,
1325 928 1408 969 haec
1424 927 1641 969 veteranos
1659 926 1709 966 ad
1725 927 1904 967 Coloniae
1923 926 2226 980 supplementum
2244 926 2397 968 indicat.

308 996 489 1050 Onuphr.
516 992 718 1033 Panvinius
744 990 930 1030 Colonias
956 997 1044 1026 ante
1073 986 1192 1026 Marii
1215 997 1390 1038 tempora
1414 997 1461 1024 ex
1485 983 1599 1038 plebe
1625 983 1773 1023 tantum
1794 982 1956 1028 deduci,
1985 985 2022 1021 ὃ(
2043 983 2110 1023 sub
2129 981 2298 1023 secundo
2314 982 2400 1035 ejus

308 1050 519 1092 Consulatu
540 1047 715 1088 militares
730 1043 925 1098 incoepisse
944 1040 1081 1088 tradit;
1108 1041 1170 1081 cui
1190 1038 1376 1080 adversari
1396 1038 1549 1080 videtur
1565 1038 1785 1078 Paterculus
1800 1038 1859 1078 lib.
1877 1051 1911 1077 2.
1930 1038 1998 1092 qui
2015 1050 2104 1079 ante
2120 1038 2346 1078 Hannibalis
2356 1038 2400 1078 in

306 1107 454 1149 Italiam
467 1104 673 1145 adventum
688 1100 827 1140 milites
844 1100 883 1139 in
900 1096 1069 1138 colonias
1085 1096 1227 1136 deduci
1243 1106 1364 1136 notat.
1394 1094 1554 1135 Deinde
1569 1107 1685 1149 neque
1697 1094 1788 1134 dum
1803 1093 2009 1134 Hannibal
2020 1096 2060 1134 in
2077 1093 2199 1134 Italia
2217 1103 2400 1140 moratur,

307 1175 423 1217 neque
433 1161 615 1214 proximu·
624 1156 703 1212 post
719 1153 901 1207 exccffum
915 1154 998 1209 ejus
1015 1153 1126 1192 anntz's
1138 1179 1150 1198 ‚
1179 1152 1345 1192 vacavit
1361 1151 1548 1191 Romanis
1563 1150 1728 1191 colonias·
1747 1149 1920 1197 condere,
1947 1148 2032 1190 ciam
2046 1149 2134 1203 effet
2151 1151 2193 1189 in
2209 1149 2301 1189 bello
2315 1162 2401 1189 con-

306 1215 506 1272 quirendas
514 1212 644 1267 potins
659 1211 786 1256 miles,
802 1209 913 1265 qudm
927 1206 1190 1248 dimittendus.
1221 1207 1327 1247 Cum
1344 1217 1474 1247 autem
1483 1206 1767 1262 Caesaraugusta
1783 1217 1990 1260 utrumque
2005 1207 2134 1247 coloni
2150 1208 2188 1245 &
2206 1203 2401 1260 fignorum

306 1271 521 1311 militarium
544 1280 680 1323 typum
703 1267 743 1305 in
769 1264 925 1305 diverfis
946 1264 1114 1304 nummis
1138 1261 1295 1303 exhibet
1308 1289 1321 1309 ,
1348 1261 1450 1302 illam
1467 1273 1550 1303 turn
1570 1276 1618 1303 ex
1634 1262 1780 1303 civibus
1795 1261 1987 1302 Romanis
2003 1288 2016 1310 ,
2045 1274 2129 1304 tum
2148 1274 2196 1303 ex
2211 1261 2401 1303 veteranis

305 1326 484 1367 militibus
500 1323 547 1364 ab
565 1322 762 1378 Augusto,
793 1321 814 1361 a
834 1334 915 1375 quo
932 1319 968 1360 ei
988 1318 1280 1374 Caesaraugustae
1303 1331 1471 1365 nomen,
1499 1318 1707 1360 deduetam
1722 1318 1986 1361 existimamus.

357 1404 439 1445 Hic
459 1416 628 1444 nummus
635 1399 798 1454 sicundi
817 1392 1153 1456 moduli‘ftequens
1168 1395 1216 1443 (VJ
1233 1396 1370 1439 obvius
1383 1396 1441 1448 est.

304 1992 338 2021 c.
366 1991 399 2019 c.
430 1990 471 2017 A.
502 1989 553 2017 M.
584 1988 646 2017 cA
661 1988 686 2016 Τ
697 1988 737 2015 o.
767 1987 808 2015 L.
838 1988 866 2016 v
878 1989 903 2014 E
914 1987 938 2014 r
952 1988 976 2015 τ
990 1988 1006 2014 1
1017 1989 1044 2015 A
1060 1989 1083 2016 c
1095 1988 1122 2016 v
1134 1988 1168 2016 s.
1200 1989 1216 2015 1
1228 1988 1258 2015 1.
1288 1988 1317 2015 v
1328 1987 1344 2014 1
1355 1988 1398 2015 R.
1429 1973 1586 2015 Colonia
1598 1971 1771 2025 Caesarea
1782 1969 1965 2025 Augusta.
1995 1969 2156 2011 Marcus
2167 1970 2286 2018 Cato,
2314 1969 2401 2013 Lu-¹

409 2035 491 2074 cius
508 2030 711 2074 Vettiacus
726 2029 961 2071 Duumviri.
991 2030 1171 2071 Colonus
1184 2044 1303 2086 agens
1321 2030 1456 2071 boves.

356 2111 533 2153 Familias
547 2110 855 2152 Duumvirorum
874 2108 932 2149 M.
951 2108 1114 2150 Catonis
1132 2110 1171 2147 ὃς
1191 2107 1233 2147 L.
1253 2106 1424 2149 Vettiaci
1439 2120 1487 2147 ex
1505 2119 1641 2147 eorum
1658 2103 1956 2161 cognominibus
1972 2102 2141 2146 indicare
2156 2103 2310 2147 difficile
2323 2104 2404 2154 est,

303 2168 505 2224 praesertim
519 2168 609 2208 cum
625 2166 796 2209 Vettiaci
812 2165 916 2206 nulla
934 2164 979 2206 fit
997 2164 1152 2205 mentio.
1171 2178 1177 2195 ι·
1193 2164 1291 2203 Cato
1309 2161 1455 2203 Porciis
1470 2161 1654 2203 familiare
1669 2174 1890 2216 cognomen
1908 2161 1964 2202 est
1979 2187 1991 2207 ,
2019 2163 2059 2200 ὃ(
2074 2160 2213 2201 dicitur
2231 2160 2288 2202 vir
2305 2162 2407 2203 mul-

305 2235 428 2266 tarum
446 2236 572 2265 rerum
587 2222 754 2277 peritus,
773 2236 821 2263 ex
840 2220 1025 2263 Varrone.
1065 2222 1168 2262 Cata
1186 2217 1317 2260 Sabini
1336 2218 1471 2259 dicunt
1485 2229 1596 2259 acuta
1607 2245 1620 2265 ,
1647 2217 1752 2259 unde
1770 2218 1868 2258 Cato
1887 2230 1969 2258 non
1985 2229 2028 2258 ut
2042 2215 2208 2270 sapiens,
2225 2228 2269 2258 ut
2283 2217 2405 2267 aiunt9‘

307 2279 370 2319 sed
389 2292 528 2320 acutus.
545 2302 547 2305 .
565 2279 687 2320 Porro
701 2279 792 2319 cnm
809 2277 850 2318 hi
868 2276 1074 2317 Duumviri
1090 2273 1213 2315 modo
1228 2274 1413 2315 colonum
1428 2301 1440 2321 ‚
1470 2273 1593 2314 modo
1608 2273 1713 2329 figna
1732 2273 1906 2314 militaria
1928 2273 1966 2313 in
1989 2273 2157 2313 nummis
2173 2272 2406 2321 exhibeant,

308 2349 426 2376 unum
442 2349 490 2376 ex
505 2335 574 2376 illis
591 2334 780 2390 originem
799 2333 822 2374 a
836 2332 983 2374 civibus
1002 2331 1194 2373 Romanis
1210 2329 1538 2386 Caesaraugustam
1555 2328 1730 2371 deductis
1745 2356 1759 2377 ,
1784 2329 1946 2371 alterum
1964 2342 2012 2370 ex
2033 2327 2235 2371 veteranis
2253 2329 2295 2370 in
2315 2342 2403 2373 eam

307 2390 515 2432 transmiffis
533 2391 680 2432 traxisse
695 2389 936 2446 suspicamur.

362 2468 444 2509 Hic
454 2483 632 2579 qummm
645 2467 917 2579 rssdiaefhrmae
928 2495 940 2515 ‚
969 2466 993 2507 a*
1011 2467 1162 2508 Patina
1170 2475 1261 2521 pag.
1279 2469 1305 2506 6
1307 2477 1330 2518 7
1337 2497 1344 2504 .
1346 2464 1432 2517 sine
1449 2465 1574 2506 colono
1593 2492 1606 2513 ‚
1621 2463 1761 2519 forlim
1777 2465 1950 2520 temporis
1963 2462 2109 2520 injuriai
2123 2463 2263 2504 detrito
2274 2490 2288 2512 ‚
2315 2463 2403 2505 vul-

298 2533 440 2580 gatus,
485 2539 637 2582 requens
656 2540 675 2564 e
710 2556 718 2566 .

319 3140 341 3166 r
357 3138 384 3164 1.
414 3138 436 3163 c
448 3137 473 3162 A
486 3138 510 3163 Ε
521 3138 537 3163 s
549 3136 573 3163 A
588 3136 631 3162 R.
664 3134 692 3160 A
706 3133 733 3159 v
746 3132 772 3160 G
787 3130 813 3159 v
826 3132 846 3159 s
860 3132 884 3159 τ
898 3132 925 3157 ν
938 3131 968 3158 s.
1006 3117 1141 3172 Caput
1156 3114 1303 3156 Tiberii
1319 3114 1538 3154 laureatum.
2320 3094 2333 3111 ⁸

373 3194 409 3219 c.
424 3193 458 3218 c.
475 3192 512 3216 A.
541 3177 693 3218 Colonia
707 3175 880 3229 Caefarea
894 3173 1085 3229 Augusta,
1105 3173 1144 3211 in
1164 3185 1260 3211 area.
1291 3185 1325 3210 c.
1353 3184 1376 3209 c
1391 3167 1457 3209 A‘R
1472 3182 1501 3209 R
1515 3183 1542 3208 1.
1575 3182 1601 3208 A
1617 3181 1683 3220 qv
1697 3182 1710 3207 1
1724 3183 1749 3208 t.
1761 3182 1787 3208 1.
1818 3181 1857 3208 L.
1883 3181 1899 3207 1
1912 3181 1937 3207 v
1949 3180 1992 3206 N.
2024 3179 2049 3209 v
2063 3181 2086 3207 E
2101 3180 2124 3207 1·
2136 3181 2174 3208 E.
2207 3181 2263 3209 11.
2285 3183 2312 3210 v
2325 3183 2397 3211 IR.

426 3235 517 3274 Caio
534 3232 692 3273 Carrilio
708 3230 913 3287 Aquilino,
943 3231 1066 3270 Lucio
1081 3227 1205 3280 Junio
1225 3227 1359 3267 Vetere
1374 3225 1636 3270 Duumviris,
1665 3225 1763 3264 circa
1781 3223 1979 3263 ambitum.

370 3311 565 3352 Prodeunt
582 3312 641 3351 alii
657 3309 948 3366 Caesaraugustae
965 3307 1171 3348 Duumviri
1188 3334 1199 3352 ‚
1227 3305 1292 3346 sed
1311 3304 1416 3345 nullo
1433 3301 1606 3358 percuffo
1624 3314 1720 3357 typo
1738 3329 1750 3349 ,
1779 3302 1881 3342 urbis
1904 3301 2062 3343 nomine
2086 3301 2126 3341 in
2149 3315 2235 3341 area
2253 3305 2403 3347 nummi

320 3368 485 3422 signato,
512 3378 554 3406 ut
571 3367 609 3405 in
623 3368 739 3407 altero
757 3366 978 3421 Agrippinae
994 3364 1077 3404 Sen.
1089 3362 1195 3417 apud
1204 3361 1366 3401 Tristan.
1386 3372 1479 3401 tom.
1502 3372 1631 3413 1.·pag.
1650 3373 1665 3398 1
1679 3364 1739 3410 56.
1767 3357 1874 3397 Prior
1883 3357 2075 3397 Duumvir
2091 3357 2112 3396 a
2129 3357 2292 3397 nobisC.
2304 3360 2402 3399 Car-

320 3424 428 3463 rilius
439 3449 450 3469 ‚
478 3425 515 3460 &
534 3436 610 3461 non
632 3422 678 3461 C.
698 3422 894 3467 Carrinas,
924 3433 967 3461 ut
984 3420 1062 3460 aliis
1079 3419 1222 3473 placet,
1251 3428 1410 3457 vocatus
1427 3415 1490 3455 est.
1529 3415 1649 3454 Caius
1665 3413 1826 3468 quidem
1843 3413 2022 3453 Carrinas
2039 3412 2230 3452 Carbonis
2244 3412 2401 3462 Praetor,

321 3483 343 3519 a
357 3479 457 3519 Sulla
473 3476 614 3517 occisus
625 3503 636 3522 ‚
663 3488 893 3518 memoratur
910 3475 1015 3530 apud
1031 3474 1193 3529 Appian.
1210 3473 1273 3513 lib.
1288 3486 1321 3523 5.
1340 3472 1405 3513 ubi
1417 3472 1532 3513 etiam
1544 3470 1593 3511 C.
1608 3470 1786 3510 Carrinas
1803 3468 1886 3522 ejus
1905 3468 2022 3515 filius,
2048 3468 2190 3508 Praetor
2205 3467 2402 3523 Hispaniae

322 3535 389 3574 sub
410 3531 622 3585 1.Caesare‚
653 3531 672 3570 ἐι
692 3532 771 3571 Sex.
791 3532 981 3585 Pompeio
997 3531 1120 3571 vietus
1138 3545 1145 3569 ε
1172 3528 1238 3569 sed
1262 3528 1438 3568 Carrinas
1468 3539 1688 3582 cognomen
1711 3525 1767 3566 est
1783 3551 1796 3571 ‚
1824 3525 1864 3565 in
1888 3523 1965 3564 hoc
1985 3525 2078 3564 vero
2098 3536 2261 3563 nummo
2283 3523 2402 3567 debet

323 3589 397 3628 effe
417 3587 538 3643 gentis
556 3599 722 3631 nomen-,
749 3586 848 3626 adde
866 3586 974 3639 quod
991 3588 1029 3626 in
1054 3600 1099 3624 as
1121 3584 1342 3626 terminetur
1354 3610 1366 3630 ‚
1395 3585 1482 3624 cum
1500 3582 1630 3623 omnia
1646 3582 1916 3623 Romanorum
1934 3580 2092 3619 nomina
2107 3592 2154 3618 ex
2173 3578 2333 3632 Sigonio
2349 3581 2401 3622 de

324 3644 363 3683 N
368 3644 482 3684 omin.
501 3642 618 3682 Rom.
637 3641 674 3679 in
692 3643 750 3679 ius
770 3640 941 3681 desinant
960 3656 968 3680 :
996 3641 1045 3681 ad
1065 3640 1263 3680 Carriliam
1279 3651 1434 3694 gentem
1453 3640 1566 3693 igitur
1583 3639 1632 3678 ab
1649 3636 1860 3692 Onuphrio
1877 3634 1927 3674 de
1943 3635 2059 3689 antiq.
2073 3633 2119 3674 N
2121 3647 2198 3674 om.
2209 3634 2401 3677 laudatam

321 3698 580 3739 revocavimus
593 3695 793 3736 Duumviri
810 3695 1010 3743 familiam,
1039 3696 1239 3749 pracsertim
1258 3696 1346 3735 cum
1362 3694 1414 3734 illi
1431 3694 1624 3748 adjectum
1644 3692 1689 3734 sit
1707 3704 1925 3747 cognomen
1939 3688 2133 3746 Aquilini.

373 3776 456 3818 Hic
473 3787 644 3816 nummus
649 3771 825 3825 secundae
841 3772 1110 3826 magnitudinis
1129 3775 1228 3813 inter
1244 3775 1402 3814 rariores
1421 3771 1682 3815 numerandus.
