2491 4219
188 118 286 173 238

453 398 528 480 P-
578 395 1187 531 LICINIUS
1250 398 2040 495 GALLIENUS.

184 999 496 1034 ff——ff
516 995 554 1036 A
566 1010 591 1036 L
602 1008 628 1036 1,
641 1009 656 1036 1
668 1002 736 1036 ΕΝ
748 1009 778 1036 U
791 1010 811 1036 s
841 995 978 1037 Licinii
988 995 1182 1039 Valeriani
1200 997 1320 1046 filius,
1348 998 1505 1040 Liciniae
1521 999 1680 1054 quidem
1697 1001 1822 1056 gentis
1841 1015 1984 1043 nomen
2003 1004 2088 1046 tulit
2104 1016 2147 1045 ut
2165 1016 2294 1059 pater,

216 1056 236 1075 .--
275 1042 379 1107 Q
403 1094 408 1101 Ι
434 1040 485 1105 ’ἒξ
514 1051 579 1091 sed
598 1055 675 1105 ρτσ
687 1053 882 1093 Valeriani
902 1054 1162 1107 appellatione
1179 1082 1191 1100 ‚
1220 1055 1386 1096 Gallieni
1411 1068 1554 1096 nomen
1579 1057 1600 1095 a
1620 1069 1740 1097 matre
1757 1058 1933 1098 Galliena
1955 1058 2176 1114 assumpsit:
2204 1075 2299 1109 nam·

195 1114 246 1161 ξς
274 1152 286 1167 ae.
396 1111 409 1155 ζ
513 1106 631 1148 Treb.
651 1107 775 1149 Pollio
794 1108 892 1149 illius
912 1123 1026 1148 avum
1052 1122 1266 1151 maternum
1289 1111 1427 1151 scilicet
1446 1111 1605 1152 nomine
1623 1111 1842 1153 Gallienum
1862 1114 2039 1168 appellat.
2080 1117 2296 1157 Mariniana

262 1201 280 1222 ὦ,
304 1220 307 1222 Β
419 1164 484 1220 {³0⁶}
512 1175 642 1204 autem
669 1163 834 1204 secunda
860 1176 941 1205 erat
959 1165 1077 1218 patris
1096 1165 1180 1218 ejus
1196 1180 1293 1206 uxor
1308 1194 1320 1212 ,
1350 1170 1388 1205 δε
1406 1165 1599 1207 Valeriani
1617 1166 1738 1208 fratris
1758 1180 1889 1210 mater,
1935 1171 2156 1212 Gallienum
2174 1171 2296 1212 Colo-

196 1228 206 1255 ῑ
288 1237 325 1277 ο
340 1242 385 1278 3
407 1219 478 1267 A,
511 1219 595 1259 nias
619 1219 819 1260 deduxiffe
844 1234 924 1260 non
946 1220 1130 1276 legimus,
1158 1221 1224 1261 sed
1244 1221 1440 1274 inscriptio
1459 1222 1572 1275 super
1591 1224 1789 1277 antiquam
1810 1225 1978 1266 Veronae
1996 1227 2096 1267 urbis
2120 1239 2296 1281 portam,

179 1278 183 1285 “
451 1285 486 1323 ιζ-
510 1274 611 1316 hanc
626 1276 836 1316 Coloniam
854 1289 996 1316 novam
1019 1277 1231 1331 Augustam
1250 1277 1530 1318 Gallienianam
1546 1279 1775 1334 appellatam
1791 1279 1901 1321 fuisse
1920 1295 1992 1323 nos
2011 1282 2127 1324 docet
2143 1283 2196 1324 ob
2211 1297 2296 1330 mu·

511 1345 575 1372 ros
595 1331 698 1372 urbis
715 1331 789 1372 suae
802 1332 905 1386 jussu
922 1330 1090 1372 Gallieni
1108 1332 1354 1386 Imperatoris
1372 1332 1588 1375 fabricatos.

235 1405 402 1449 Nummi
420 1407 590 1450 Gallieni
605 1425 654 1451 ex
669 1413 771 1452 omni
787 1410 933 1452 modulo
950 1424 1023 1451 non
1040 1410 1147 1452 obvii
1151 1410 1252 1464 sunt
1263 1439 1276 1460 ,
1292 1411 1371 1464 sed
1379 1413 1495 1467 primi
1511 1414 1613 1453 inter
1629 1427 1733 1455 raros
1746 1413 1924 1456 habendi.

909 1499 956 1539 A
983 1497 1027 1538 P
1053 1498 1100 1538 A
1125 1497 1183 1538 M
1203 1498 1245 1539 E
1270 1498 1318 1539 A
1369 1497 1578 1557 Bithynia.
1733 1506 1736 1508 ’
1767 1523 1777 1546 t

183 2084 249 2115 1M
261 2079 295 2112 Ρ.
327 2084 364 2111 c.
393 2084 420 2112 L
430 2084 446 2111 1
458 2085 481 2112 c
493 2084 520 2111 1.
552 2085 580 2112 G
594 2085 622 2111 A
634 2084 660 2112 L
673 2086 700 2112 L
710 2085 726 2112 1
737 2085 761 2112 E
773 2085 801 2113 N
817 2086 843 2113 v
855 2085 875 2114 s
909 2087 1014 2114 Ave.
1052 2073 1188 2129 Caput
1204 2071 1374 2114 Gallieni
1389 2071 1591 2114 radiatum
1783 2122 1786 2124 ,
2292 2121 2297 2123 ,

242 2141 266 2168 c
278 2140 304 2165 0
317 2141 354 2166 L.
385 2139 401 2165 1
414 2140 442 2165 v
453 2141 490 2167 L.
521 2140 544 2166 c
555 2140 580 2165 o
595 2139 626 2165 N
640 2140 675 2165 C.
706 2140 734 2165 A
748 2141 773 2165 v
786 2142 826 2166 G.
861 2142 887 2167 A
904 2143 925 2168 1>
938 2144 965 2168 A
979 2143 1029 2168 M.
1061 2130 1215 2170 Colonia
1230 2129 1348 2181 Julia
1366 2128 1574 2170 Concordia
1593 2125 1766 2183 'Augusta
1783 2124 1994 2180 Apamena.
2024 2121 2071 2166 In
2087 2136 2172 2166 area
2193 2136 2230 2164 D.
2255 2125 2298 2166 DJ

295 2181 470 2222 Decreta
486 2181 762 2221 Decurionum.
791 2180 933 2236 Figura
948 2182 1064 2221 virilis
1081 2184 1242 2223 tutulata
1264 2183 1463 2222 seminuda
1485 2184 1606 2228 stans,
1633 2183 1768 2221 dextra
1793 2193 2014 2231 temonem,
2042 2178 2134 2221 lae'va
2159 2192 2300 2221 cornu-

188 2270 194 2278 f
237 2258 240 2262 ·
297 2250 434 2292 copiae.

239 2314 478 2370 Multiplices
501 2313 588 2354 sunt
608 2312 792 2367 Apameae
809 2312 977 2352 nominis
994 2312 1108 2353 urbes
1124 2339 1136 2359 ,
1165 2310 1229 2353 sed
1253 2327 1299 2353 ea
1324 2326 1412 2366 quae
1435 2311 1474 2352 in
1499 2311 1680 2366 Bithynia
1705 2312 1761 2353 est
1778 2339 1791 2360 ,
1818 2311 1895 2352 sola
1910 2311 2088 2353 Coloniae
2105 2312 2299 2355 Romana:

186 2370 416 2427 dignitatern
429 2369 598 2423 accepit,
619 2368 728 2416 cuius
745 2369 919 2409 meminit
931 2368 1076 2407 Plinius
1093 2368 1152 2407 lib.
1170 2382 1202 2416 5.
1217 2382 1298 2422 cap.
1316 2381 1379 2420 32.
1407 2367 1523 2407 Intus
1538 2370 1579 2407 in
1596 2367 1805 2419 Bithynia,
1823 2367 1978 2408 Colonia
1991 2372 2200 2422 Apamena.
2229 2369 2298 2409 Illa

185 2427 310 2480 Juliae
327 2439 472 2466 nomen
487 2425 691 2477 praeferens
705 2451 716 2470 ,
732 2423 752 2462 a
763 2423 872 2477 Julio
881 2423 1030 2463 Caesare
1047 2423 1254 2463 dedustam
1271 2423 1451 2469 denotat3
1480 2435 1520 2464 at
1536 2423 1742 2463 Concordia
1759 2423 2076 2478 cognominatur,
2096 2423 2205 2477 quod
2218 2423 2297 2476 ipsa

187 2496 276 2523 cum
294 2481 422 2521 Prufia
442 2480 535 2520 urbe
552 2480 600 2520 ab
617 2479 756 2519 eodem
778 2479 966 2533 Bithyniae
989 2479 1100 2534 Rege
1115 2478 1269 2519 condita
1287 2478 1348 2518 seu
1366 2478 1568 2519 restaurata
1590 2477 1654 2524 fit,
1682 2478 1764 2519 haec
1780 2479 1830 2519 de
1846 2477 1985 2518 Prufiae
2002 2478 2123 2534 Regis
2137 2479 2296 2519 nomine

186 2537 310 2583 dista,
338 2537 399 2576 illa
415 2535 465 2575 de
483 2539 634 2589 Apame
651 2534 734 2586 ejus
751 2547 870 2574 uxore
886 2534 1096 2588 appellata,
1127 2546 1308 2587 tanquam
1327 2534 1474 2574 sorores
1494 2535 1591 2574 inter
1607 2534 1644 2574 se
1661 2534 1872 2574 concordes
1893 2533 2019 2580 fuere,
2048 2536 2099 2574 ita
2118 2546 2160 2574 ut
2174 2534 2297 2574 ambae

186 2607 260 2648 pro
285 2592 385 2643 lulio
409 2602 540 2632 contra
571 2590 800 2643 Pompeium
829 2590 1017 2635 steterint,
1045 2593 1083 2629 &
1110 2604 1182 2643 pro
1209 2589 1386 2629 mercede
1412 2589 1559 2630 Prufias
1582 2590 1671 2630 urbs
1692 2590 1904 2630 libertatem
1922 2590 2089 2643 accepit,
2121 2591 2298 2643 Apamea

185 2649 281 2688 veri)
298 2647 466 2688 Colonia
488 2644 584 2686 fasta
602 2646 667 2686 est.
710 2645 808 2685 Haec
829 2645 1010 2685 Gallieno
1035 2658 1216 2684 nummos
1237 2644 1414 2698 percussit
1437 2646 1476 2684 in
1502 2645 1676 2699 obsequii
1702 2646 2006 2691 monimentum,
2036 2646 2124 2686 cum
2145 2645 2298 2700 Scythae

187 2703 410 2756 Bithyniam
428 2700 575 2756 ingrefli
593 2701 733 2747 essent,
764 2712 806 2740 ut
823 2701 981 2741 innuere
997 2700 1149 2740 videtur
1165 2699 1321 2740 Trebel.
1337 2700 1462 2741 Pollio
1487 2701 1524 2740 in
1548 2700 1630 2753 ejus
1657 2701 1744 2742 vita.
1784 2701 1901 2740 Dum
1925 2699 2007 2739 haec
2027 2701 2130 2754 apud
2149 2700 2296 2751 Persas·

178 2768 390 2815 geruntur,
421 2757 570 2809 Scythae
587 2755 862 2810 Cappadociam
873 2755 1125 2810 pervaserunt
1147 2771 1158 2794 .·
1186 2755 1266 2796 illic
1283 2765 1405 2807 captos
1421 2756 1673 2802 civitatibus,
1701 2756 1794 2796 bello
1810 2757 1925 2795 etiam
1949 2757 2080 2801 vario,
2107 2755 2173 2794 diu
2193 2757 2296 2795 acies

188 2816 242 2856 ad
256 2813 481 2858 Bithyniam
497 2811 745 2852 contulerant.
778 2812 969 2864 Apameni
988 2826 1060 2864 pro
1086 2812 1232 2851 nummi
1258 2824 1354 2865 typo
1381 2811 1555 2852 Genium
1577 2812 1700 2860 urbis,
1728 2811 1908 2854 Gallieno
1927 2809 2145 2858 adulantes,
2173 2809 2296 2866 signa·

189 2881 301 2916 runt,
331 2868 437 2924 quasi
454 2868 516 2908 ille
536 2882 603 2909 eos
617 2879 799 2922 tanquam
817 2867 926 2907 Deus
947 2867 1113 2907 tutelaris
1132 2866 1394 2907 conservass'et.

241 2947 326 2990 Hic
340 2961 514 2988 nummus
516 2946 698 3000 secunda
699 2945 840 3001 formae
857 2947 958 2987 inter
977 2947 1136 2987 rariores
1153 2943 1434 2998 aaffcribendm.

197 3482 259 3513 1M
273 3482 306 3508 p.
339 3480 362 3507 c
375 3480 400 3507 A
413 3482 436 3508 E
449 3481 484 3508 s.
513 3481 549 3508 P.
581 3481 608 3508 L
621 3480 636 3507 1
650 3481 685 3508 c.
716 3481 742 3508 G
758 3480 782 3507 A
797 3479 823 3507 ῑ,
836 3478 889 3508 Lx
902 3479 925 3505 E
938 3478 969 3505 N
982 3477 1041 3505 vs
1076 3478 1103 3505 A
1119 3477 1197 3504 vc.
1228 3460 1361 3516 Caput
1378 3459 1545 3502 Gallieni
1561 3459 1762 3501 radiatum.

253 3539 276 3564 c
289 3537 314 3563 o
327 3538 365 3563 L.
397 3536 412 3561 1
423 3537 448 3561 v
460 3539 497 3564 L.
531 3539 554 3564 c
567 3537 592 3563 o
605 3537 634 3562 N
650 3538 684 3563 c.
718 3537 744 3562 A
760 3537 780 3562 Ρ
794 3537 819 3562 A
836 3535 880 3561 Μ.
916 3535 941 3560 A
957 3535 983 3561 v
996 3535 1037 3560 G.
1069 3520 1222 3560 Colonia
1239 3517 1355 3570 Julia
1376 3517 1584 3558 Concordia
1605 3516 1801 3569 Apamena
1822 3512 2003 3568 Augusta.
2033 3512 2080 3554 In
2096 3525 2180 3553 area
2195 3525 2234 3552 D.
2254 3525 2291 3553 D.

307 3579 478 3618 Decreta
497 3580 771 3618 Decurionum.
800 3577 973 3618 Vi&oria
990 3575 1166 3631 gradiens
1182 3574 1315 3614 dextra
1333 3586 1536 3618 coronam,
1566 3571 1657 3611 laevfi
1671 3570 1847 3624 palmam.

254 3656 447 3709 Apameni
471 3655 659 3708 Bithyniae
683 3656 863 3696 Gallieno
886 3668 1067 3694 nummos
1091 3653 1144 3693 ob
1170 3651 1366 3692 vi&oriam
1395 3651 1443 3691 ab
1474 3663 1524 3690 eo
1542 3649 1694 3689 relatam
1708 3645 1968 3702 percusserunt
1990 3666 2002 3692 ;
2026 3643 2093 3706 sed
2110 3645 2159 3685 ad
2177 3657 2295 3699 quam

199 3726 380 3753 nummus
396 3711 464 3750 iste
487 3709 531 3750 sit
549 3711 794 3757 referendus,
824 3709 1077 3763 pronunciare
1093 3706 1267 3753 difficile,
1294 3707 1383 3746 cum
1410 3706 1470 3746 ille
1497 3705 1674 3744 barbaros
1698 3704 1736 3742 in
1763 3715 1899 3742 omnes
1925 3702 2138 3755 provincias
2164 3701 2298 3740 irrum-

199 3780 335 3822 pentes
351 3767 493 3819 ubiquc
511 3766 726 3818 repelleret,
756 3765 903 3820 plurimi
921 3765 1024 3804 enim
1043 3762 1184 3804 eodem
1204 3774 1378 3816 tempore
1398 3761 1564 3800 ditiones
1585 3759 1784 3799 Romanas
1802 3756 1972 3811 populati
1994 3755 2097 3802 sunt,
2129 3768 2170 3797 ut
2187 3754 2296 3795 zofi-

198 3835 287 3862 mus
313 3821 425 3861 tradit
446 3821 508 3859 lib.
542 3835 571 3860 1.
600 3820 757 3866 Scythas
781 3819 1059 3859 incurlionibus
1086 3818 1290 3871 postquam
1319 3830 1386 3869 per
1409 3815 1549 3855 fretum
1580 3814 1836 3868 Byzantinum
1861 3811 2021 3865 navigiis
2051 3810 2294 3857 transiissent,

199 3878 426 3930 ApaanOS
446 3875 546 3927 ipsos
563 3867 721 3915 vexziss'e,
753 3873 966 3920 Επτὸραμόντες
982 3874 1015 3907 δὲ
1033 3877 1145 3916 Νικαίᾳ
1162 3882 1185 3923 »9
1204 3876 1259 3917 Κίῳ
1279 3876 1302 3922 2}
1321 3869 1461 3917 Απαμεῖᾳ,
1479 3873 1502 3919 »ὲ
1520 3867 1638 3916 Πςέσῃ,
1654 3867 1692 3900 τοὶ
1707 3865 1914 3911 oxneya-Minoi
1929 3879 1957 3899 τε
1974 3882 1997 3916 >3
2016 3870 2046 3900 ὸν
2064 3865 2184 3900 ταύταις
2200 3879 2297 3899 πεπνι-

194 3931 296 3972 νέτες,
322 3935 368 3965 ἐπὶ
385 3929 438 3965 τίω
454 3930 571 3977 Κόζιγθγ
587 3930 734 3977 &gp-qm.
759 3928 964 3977 Quinque
990 3921 1189 3968 Nicaeam,
1218 3919 1265 3965 ό·
1292 3921 1424 3965 Cium,
1453 3916 1501 3962 &⁴
1522 3920 1752 3970 Apameam,
1781 3913 1828 3959 ὠ·
1848 3914 2014 3968 ‘Prusam
2030 3914 2298 4019 iisdemsinezar-

1033 4003 1036 4006 «
2159 3981 2233 4009 com
2257 3979 2302 4007 us
