2574 4214
754 201 797 247 C
867 203 914 247 O
986 201 1041 249 M
1114 202 1170 248 M
1238 205 1287 249 'O
1360 202 1406 249 D
1476 201 1526 249 U
1596 201 1637 248 Si
2149 219 2207 247 20
2217 219 2243 256 9

139 267 298 313 thitidis
315 267 365 312 ὅγ’
380 268 531 309 Adonis
546 269 717 309 maxima
740 267 828 307 olim
845 272 1041 309 veneratio
1060 269 1190 323 viguit
1201 295 1214 314 ‚
1241 282 1355 324 quam
1371 282 1472 309 nunc
1493 269 1699 309 Phaenices
1718 275 1861 308 tenent.
1906 266 1969 308 De
1989 267 2061 308 hac
2078 269 2164 309 Dea
2183 284 2247 309 va-

139 325 212 366 rias
236 324 439 378 opiniones
463 323 548 379 lege
577 323 682 377 apud
705 323 920 364 Lucianum
938 325 978 364 in
995 323 1183 379 'opusculo
1199 323 1249 363 de
1273 324 1358 364 Dea
1374 324 1489 378 Syria.
1520 324 1677 364 Turrita
1694 323 1749 363 est
1770 336 1812 364 ut
1829 324 1961 377 Beryti
1978 324 2147 369 Genius,
2177 324 2243 364 sub

138 380 248 433 cujus
267 380 384 420 tutela
404 379 493 419 urbs
509 379 631 432 posita
647 379 702 418 est
722 394 730 418 ε
757 379 901 432 pedem
920 381 1043 432 prorae'
1060 379 1166 418 navis
1181 380 1367 433 imponit,
1400 379 1448 419 ad
1466 378 1734 419 denotandum
1751 379 1854 419 urbis
1871 378 1981 420 situm
1999 393 2006 417 :
2034 378 2241 431 scipionem

137 435 347 488 oblongum
366 440 479 489 gerit„
510 433 624 488 ipsius
639 433 853 488 symbolum
873 449 880 473 :
909 435 1106 474 seminuda
1123 434 1198 480 est,
1227 435 1350 488 qualis
1365 434 1500 474 Venus
1518 434 1757 489 depingitur,
1787 434 1850 474 cui
1867 433 2036 475 Vistoria
2052 433 2240 474 columna:

137 490 314 545 impolita
331 503 512 529 coronam
530 489 692 545 porrigit
709 490 761 529 ob
781 490 888 544 regni
914 490 1009 531 fines
1028 490 1112 543 ejus
1133 490 1273 530 auxilio
1292 489 1506 542 ampliatos.

190 569 273 616 Hic
291 567 642 619 mnnmusfi‘cundae
656 568 933 622 magnitudinis
952 571 1054 609 inter
1070 568 1200 609 obvios
1216 567 1450 622 relegandus.

129 1141 146 1183 1
158 1151 194 1181 M
207 1152 238 1177 P.
269 1152 292 1177 c
303 1149 376 1178 oM
388 1149 425 1176 M
436 1147 499 1177 on
510 1148 538 1175 v
551 1149 570 1175 s
603 1149 630 1177 A
644 1132 675 1176 'N
689 1149 714 1176 T
725 1134 751 1177 o
763 1149 793 1176 N
807 1150 822 1175 1
834 1147 865 1176 N
879 1151 905 1177 v
917 1150 936 1176 s
970 1149 997 1176 A
1011 1135 1038 1177 'v
1051 1150 1088 1178 G.
1125 1137 1259 1192 Caput
1273 1135 1443 1190 juvenile
1460 1135 1677 1176 Commodi
1696 1124 1918 1177 laureatum.
2120 1170 2123 1174 .
2180 1183 2187 1187 ἱ

180 1207 242 1235 co
253 1207 290 1232 L.
323 1207 346 1232 B
359 1207 380 1231 ε
392 1206 433 1232 R.
465 1206 484 1231 s
501 1206 525 1231 E
537 1206 572 1231 c.
604 1205 624 1231 s
642 1205 669 1232 A
685 1206 710 1232 E
723 1207 758 1232 c.
797 1191 954 1233 Colonia
970 1192 1133 1244 Berytus
1148 1220 1162 1240 ,
1189 1193 1398 1234 Securitati
1415 1191 1561 1232 Saecuti.
1601 1191 1750 1233 Eadem
1770 1192 1921 1232 Astarte
1946 1190 1986 1231 in
2009 1190 2157 1246 templo
2176 1190 2232 1231 teo'

234 1248 397 1302 trastylo.

178 1325 347 1367 Colonia
374 1326 536 1380 Berytus
557 1325 750 1380 gratulans
777 1325 1008 1367 Commodo
1024 1353 1037 1372 ,
1072 1327 1183 1380 quod
1206 1327 1333 1368 vitarit
1354 1325 1508 1366 infidias
1524 1351 1537 1371 ,
1575 1325 1659 1380 ejus
1682 1324 1871 1367 securitati
1898 1331 2082 1380 tanquam
2110 1323 2231 1365 saeculi

123 1395 304 1425 nummos
319 1380 511 1434 inscripsit.
549 1383 682 1435 Caput
703 1381 950 1435 Imperatoris
971 1382 1143 1435 juvenile
1164 1396 1366 1422 nummum
1387 1380 1604 1436 perculsum
1632 1381 1765 1421 suadet
1785 1381 1872 1436 post
1888 1382 2047 1434 primas,
2077 1394 2173 1434 quas
2194 1379 2231 1420 ei

122 1437 371 1479 Herodianus
388 1438 408 1477 a
433 1436 650 1490 Quintiano
673 1437 835 1477 stru&as'
847 1449 973 1478 narrat
987 1436 1141 1477 infidias
1158 1437 1179 1476 l.
1204 1452 1233 1476 1.
1253 1452 1292 1492 p.
1316 1450 1411 1491 473.
1443 1439 1581 1475 Λοιζόνπι
1605 1439 1785 1487 {maffaron
1810 1440 1880 1477 cm*
1903 1441 2002 1478 mima
2018 1467 2027 1479 ,
2054 1442 2148 1487 κοαρᾶν
2164 1447 2231 1486 φυ-

123 1495 267 1540 λάξωνπι
280 1495 328 1541 ’cal
342 1496 421 1531 τόπον
439 1495 622 1536 δθητῆδωον,
647 1500 788 1531 ἐπιπεσεῖν
802 1500 884 1542 way
899 1496 1046 1543 Κομμόδῳ
1062 1495 1110 1542 244),
1129 1499 1277 1542 φονεῦσεᾳ.
1317 1493 1588 1549 ‘Persuasttque
1611 1497 1672 1534 uti
1686 1496 1890 1548 pugionem
1919 1495 1960 1533 in
1973 1493 2061 1545 finit
2083 1493 2230 1540 celans,

120 1550 333 1606 tempusque
350 1550 541 1605 locumque
557 1558 725 1604 caperet,
740 1548 856 1603 fallo
884 1563 928 1589 ue
943 1557 1090 1604 repente
1107 1550 1248 1603 impetu
1265 1549 1506 1590 Commodum
1520 1549 1715 1590 occideret.
1756 1549 1913 1589 Plurimi
1929 1549 1981 1589 ob
1998 1549 2036 1589 id
2053 1550 2140 1602 conj
2147 1563 2230 1588 ura-

122 1606 170 1652 ti,
199 1609 238 1645 &
261 1619 397 1646 omnes
422 1606 776 1660 quantulacumque
796 1564 1011 1659 susgicione
1028 1605 1177 1651 attasti,
1206 1604 1393 1659 supplicio
1416 1605 1546 1646 affecti
1568 1605 1662 1646 sunt.
1692 1605 1936 1658 Lampridius
1961 1618 2084 1645 narrat
2108 1606 2233 1645 Com-

119 1660 283 1702 modum
313 1662 364 1702 ob
392 1661 604 1701 Perennem
634 1660 681 1700 ab
704 1661 796 1700 hinc
829 1660 985 1702 duobus
1007 1663 1115 1702 annis
1140 1661 1224 1714 ejus
1252 1660 1353 1715 jussu
1388 1661 1576 1702 sublatum
1597 1688 1609 1708 ‚
1646 1660 1815 1701 Felicem
1840 1660 1950 1701 fuiss'e
1972 1660 2228 1716 appellatum,

119 1716 230 1772 quod
250 1716 421 1770 ejusdem
441 1716 623 1757 Perennis
643 1715 797 1757 infidias
813 1717 1004 1771 effugerit.
1038 1716 1262 1772 Berytenses
1278 1716 1403 1758 forsan
1422 1717 1599 1758 Astarten
1615 1717 1718 1758 urbis
1732 1717 1957 1758 Tutelarem
1967 1718 2092 1758 Deam
2109 1718 2230 1774 signa-

118 1784 229 1818 runt,
243 1772 352 1824 cujus
368 1773 582 1825 patrocinio
600 1772 872 1813 Commodum
889 1773 1265 1814 commendaverant.

171 1828 333 1869 Astartis
357 1827 518 1882 figuram
546 1828 642 1868 Deae
667 1828 866 1868 Securitati
891 1829 1023 1868 tribuit
1046 1829 1246 1869 Tristanus
1270 1828 1310 1868 in
1334 1827 1563 1883 Elagabalo,
1594 1830 1712 1882 quein
1730 1827 1913 1882 sequutus
1930 1826 1984 1869 est
2000 1829 2228 1870 Harduinus

117 1896 206 1938 pag.
223 1890 288 1931 9'1.
320 1882 501 1923 Goltzius
518 1883 695 1923 mutilum
713 1883 817 1923 hunc
832 1882 1002 1923 Tristani
1017 1898 1221 1924 nummum
1241 1899 1263 1923 c
1275 1898 1301 1922 o
1313 1898 1352 1924 L.
1389 1898 1410 1923 B
1422 1897 1498 1924 ER.
1532 1898 1550 1923 s
1565 1898 1588 1923 n
1602 1899 1636 1923 c.
1666 1884 1934 1937 interpretatus
1952 1897 2051 1930 erat,
2072 1885 2227 1924 Colonia

115 1933 281 1984 Berytus
308 1936 622 1979 Secundanorum.
651 1939 715 1979 cui
737 1938 830 1979 Sert.
861 1937 1024 1979 Ursatus
1040 1954 1129 1995 pag.
1149 1953 1189 1990 9.
1211 1938 1320 1979 addit
1340 1953 1349 1977 ;
1377 1938 1468 1978 Hoc
1487 1938 1538 1991 cst
1558 1941 1713 1994 inquam
1720 1938 1900 1990 fecundae
1915 1938 2071 1994 legionis
2084 1939 2228 1979 milites

117 1992 282 2036 deducti.

169 2060 454 2168 Hgf'nummu}
473 2071 688 2118 mediocris,
716 2070 741 2111 ὰ
757 2069 930 2124 Tristano
936 2070 1015 2122 sub
1027 2070 1237 2127 Elagabali
1253 2072 1401 2112 nomine
1418 2069 1602 2126 vulgatus
1618 2079 1707 2113 tom.
1730 2084 1766 2112 2.
1771 2081 1864 2127 pag.
1886 2076 1976 2126 326.
1994 2071 2094 2114 inter
2108 2073 2226 2114 rasim

118 2134 177 2172 res
190 2141 215 2168 a
241 2139 422 2169 numeran
450 2140 505 2169 m.

772 2229 808 2270 ο
834 2215 929 2277 <AE
955 2227 988 2271 S
1010 2227 1058 2270 A
1081 2219 1125 2272 R‘
1152 2228 1195 2271 E
1222 2228 1270 2270 A
1332 2212 1563 2284 Palaestine.

74 2839 77 2844 '
115 2847 419 2880 coMMonvs
451 2834 756 2875 avasTv's.
785 2832 918 2888 Caput
937 2832 1152 2874 Commodi
1174 2832 1398 2874 laureatum.
1498 2870 1501 2873 ,

167 2908 192 2935 c
203 2907 229 2933 o
243 2907 280 2933 L.
312 2904 334 2930 Ρ
346 2903 377 2931 R
390 2904 405 2930 1
417 2902 454 2930 M
467 2903 495 2929 A
527 2903 550 2932 F
564 2904 602 2929 L.
637 2903 664 2929 A
679 2903 706 2929 v
717 2903 756 2928 G.
789 2903 811 2929 c
824 2903 851 2928 A
864 2903 888 2928 E
903 2903 936 2928 s.
968 2889 1123 2930 Colonia
1141 2889 1282 2929 Prima
1296 2888 1440 2928 Flavia
1457 2885 1631 2942 Augusta
1651 2887 1834 2940 Caesc'zrea.
1870 2886 2036 2927 Diversa:
2053 2886 2137 2929 sunt
2155 2889 2213 2929 in-

220 2945 434 3001 scriptionis
450 2944 680 3000 epigraphae.
713 2944 847 2999 Caput
869 2944 1060 2999 Serapidis
1077 2944 1229 2986 calatho
1247 2944 1405 3000 infigne.

165 3039 338 3083 Caesarea
351 3038 554 3079 Palaestinae
570 3037 659 3078 urbs
677 3036 855 3092 primaria
872 3036 926 3078 est
935 3058 948 3084 ,·
978 3037 1088 3087 cujus
1109 3037 1220 3078 fitum
1234 3036 1430 3092 Josephus
1446 3035 1623 3091 apposite
1639 3033 1815 3076 describit
1831 3033 1880 3075 de
1898 3033 1967 3075 bel.
1987 3032 2070 3087 Jud.
2092 3035 2153 3077 lib.
2176 3050 2211 3091 3.

110 3112 194 3152 cap.
217 3110 280 3149 27.
316 3098 428 3139 Αλεεινῆ
443 3098 462 3144 0*
479 3096 521 3131 ίαῖ
536 3097 646 3138 nonnam
660 3101 802 3144 χειμῶνος
816 3097 877 3145 ὅρῳ
891 3121 902 3138 ,
925 3097 1041 3139 καθόσον
1063 3095 1105 3131 [ὦ
1129 3097 1280 3144 πνιγώδης
1301 3096 1381 3145 θέρκς
1397 3095 1469 3133 ἐπῆ-ὃ
1484 3096 1639 3142 καύματος
1655 3094 1757 3131 mlix:
1773 3093 1829 3129 ἕως
1845 3094 1892 3140 χρὴ
1909 3093 2073 3140 mgq‘moe.
2101 3092 2207 3135 Erat

109 3162 238 3194 autem
263 3151 331 3192 illa
355 3164 496 3207 quoque
519 3152 649 3202 aprica
669 3162 738 3206 per
762 3151 927 3206 hyemem
951 3159 1137 3207 ‘quantum
1154 3151 1294 3204 aestatis
1314 3151 1500 3191 caloribus
1518 3150 1686 3203 aestuosa,
1714 3159 1758 3190 ut
1777 3152 1818 3189 in
1827 3149 1992 3202 planitie
2000 3148 2075 3199 fita
2093 3159 2210 3206 atque

108 3209 315 3250 maritima.
343 3206 530 3261 Serapidis
550 3207 679 3262 imago
701 3207 741 3247 in
762 3206 946 3247 Caesareae
966 3208 1132 3248 nummis
1149 3206 1329 3261 frequens
1349 3208 1370 3248 a
1389 3206 1670 3247 Caesarenfibus
1689 3206 1834 3246 cultum
1854 3205 1937 3257 ejus
1953 3219 2096 3246 numen
2112 3206 2212 3247 indi-

109 3275 190 3311 ·cat,
218 3262 329 3317 quod
352 3261 454 3317 ipsos
481 3275 529 3301 ex
556 3261 736 3317 AEgypto
759 3263 942 3316 recepisse
969 3264 1141 3318 augurati
1168 3263 1296 3303 sumus
1319 3263 1371 3304 ob
1400 3263 1578 3304 viciniam
1603 3262 1838 3317 proviiiciae;
1867 3260 1934 3300 sed.
1954 3261 2044 3302 licet
2058 3262 2209 3318 Serapis

108 3320 285 3374 proprius
301 3322 340 3358 ὃς
355 3316 553 3371 peculiaris
567 3318 660 3358 esset
675 3317 953 3372 AEgyptiorum
969 3317 1064 3359 deus
1074 3346 1086 3365 ‚
1113 3318 1363 3359 nihilominus
1375 3319 1415 3358 in
1433 3319 1582 3359 Graecia
1599 3316 1801 3369 multisque
1815 3316 1854 3355 in
1870 3315 1963 3357 locis
1978 3317 2102 3359 cultus
2117 3317 2210 3366 fuit,

107 3377 147 3416 in
175 3375 305 3429 primis
332 3372 496 3414 Athenis
523 3373 617 3413 teste
640 3372 822 3413 Pausania
839 3400 850 3419 ,
879 3377 919 3412 δε
937 3373 1075 3413 Romae
1090 3374 1129 3414 in
1147 3376 1250 3414 circo
1266 3374 1476 3420 Flaminio,
1505 3387 1604 3414 nova
1622 3372 1724 3412 urbis
1744 3371 1924 3426 regione,
1952 3383 1995 3413 ut
2010 3373 2049 3413 P.
2071 3374 2206 3416 Vistor

107 3430 240 3471 scribit.
277 3428 389 3469 Idem
407 3427 556 3482 Serapis
572 3442 659 3468 cum
680 3428 845 3469 Plutone
863 3428 884 3467 a
900 3428 1071 3480 plurimis
1087 3430 1318 3470 existimatus
1338 3430 1404 3470 est.
1446 3430 1507 3468 De
1526 3428 1610 3481 ejus
1625 3426 1777 3467 calatho
1795 3428 1965 3480 loquitur
1982 3429 2205 3471 Macrobius

105 3485 169 3527 lib.
195 3498 227 3524 1.
246 3485 391 3525 Saturn.
411 3499 442 3524 c.
463 3497 524 3523 20.
555 3483 781 3530 Calathum,
810 3483 957 3536 inquit,
975 3483 1058 3538 ejus
1073 3486 1192 3535 capiti
1207 3484 1408 3540 infingunt.
1432 3484 1489 3539 ¹Et
1506 3482 1622 3537 paulo·
1637 3482 1723 3537 post
1740 3497 1748 3521 z
1765 3483 1888 3536 Ciqjm
1904 3492 2041 3528 vertex
2057 3485 2204 3540 insigni-

106 3549 174 3580 tus·
193 3539 345 3580 calatho
357 3566 369 3586 ,
397 3537 445 3582 &⁴
463 3538 708 3578 altitudinem
709 3539 842 3590 fideris
860 3537 1060 3589 monstrat,
1090 3537 1137 3583 &⁴
1149 3542 1360 3592 potentiam
1374 3539 1600 3593 capacitatis
1618 3537 1777 3589 ostentm
1797 3537 1808 3574 ζ·
1823 3539 1914 3592 quia
1930 3540 1970 3578 in
1985 3554 2067 3579 eum
2079 3542 2203 3580 omnia

106 3604 255 3637 terrena
271 3594 447 3641 redeunt,
474 3593 563 3633 dum
576 3593 732 3647 immiffo
747 3593 869 3634 calore
884 3595 1096 3647 rapiuntur.
1125 3593 1202 3634 Alii
1216 3594 1427 3640 calathum,
1453 3593 1628 3634 modium
1645 3592 1856 3647 appellant,
1886 3597 1926 3634 δε
1940 3595 1990 3635 ad
2007 3595 2200 3637 Ofiridem'

108 3649 341 3707 agriculturae
355 3651 596 3691 inventorem
611 3650 780 3705 spectare
794 3648 1046 3690 contendunt.

163 3735 246 3777 Hic
263 3736 434 3777 nummus
437 3730 616 3788 secundae
637 3735 685 3782 ἐν
701 3737 865 3777 minimae
875 3731 1011 3790 formae
1030 3732 1203 3789 wilgar-'is
1225 3732 1273 3778 &¹
1289 3734 1445 3782 obvius,
1473 3734 1497 3775 τὶ
1512 3734 1661 3775 Patina
1670 3745 1759 3790 pag.
1780 3740 1870 3776 261.
1885 3735 2066 3791 ‘nugatus
2082 3735 2141 3792 ss·

165 4022 266 4066 Tam.
295 4021 334 4068 Ι.-
1399 4023 1440 4063 D·
1451 4022 1478 4063 cl
