2491 4219
340 173 402 234 248
907 174 1854 226 CARACALLA:

393 240 523 296 Tyrus
542 242 630 283 urbs
646 241 853 284 Plioeniciae
868 242 1040 284 littoralis
1058 243 1311 297 antiquiffima
1330 244 1352 282 a
1366 244 1533 287 Sidoniis
1548 246 1724 291 condita·‚
1745 244 1870 284 Esaias
1886 243 1987 284 enim
1998 252 2084 298 cap.
2101 255 2163 284 22.
2184 255 2201 285 1·
2211 253 2243 299 3.
2270 241 2421 302 Tyrum

340 299 517 338 nominat
536 298 650 337 filiam
668 298 843 344 Sidonis,
870 299 932 337 cui
947 298 1161 352 adstipulari
1176 299 1327 338 videtur
1346 299 1563 347 Homerus,
1591 302 1659 355 qui
1675 300 1854 341 Sidonios
1873 299 1969 354 saepe
1985 300 2113 339 laudat
2127 319 2140 345 ς
2166 299 2264 355 Tyri
2283 314 2332 342 ne
2345 313 2422 345 me·
2485 340 2487 342 .

340 353 452 393 minit
467 353 636 406 quidem.
672 353 738 393 Illa
755 353 961 393 Phoeniciae
982 353 1212 407 Metropolis
1228 354 1275 393 ab
1293 353 1492 393 Hadriano
1510 355 1624 402 fasta,
1653 356 1820 395 Colonia
1837 355 1860 394 a
1875 354 2062 407 Septimio
2081 354 2222 396 Severo
2239 355 2422 407 deducta,

339 407 393 446 ob
408 409 532 462 gentis
548 421 689 447 nomen
705 408 886 461 Septimia
903 419 1036 446 vocata
1054 408 1116 447 est.
1158 408 1346 448 Hercules
1363 408 1426 448 ille
1438 408 1581 461 Tyrius
1595 436 1607 456 ,
1636 410 1883 450 Astrochiton
1901 436 1913 456 ‚
1942 413 1980 449 &
1996 409 2235 451 Melcarthus
2249 413 2423 454 nomina-

340 473 403 501 tus
419 463 494 502 est:
522 462 682 514 Tyrius,
711 476 754 502 ut
769 464 892 502 innuit
908 462 1062 508 Suidas,
1091 465 1225 508 Ανεφάνη
1242 466 1261 510 5*
1276 469 1321 499 ἐπὶ
1338 469 1447 502 Μίνωος
1465 471 1606 511 nequeam
1620 468 1741 508 τόμος.
1769 465 1959 504 Inclaruit
1975 465 2108 504 Minoe
2124 475 2303 520 regnante
2322 467 2425 508 Her-

337 516 438 555 cules
458 520 499 559 T
490 519 601 562 yrias.
647 517 894 557 Astrochiton
922 518 942 556 a
969 517 1121 560 Nomio
1144 517 1201 556 lib.
1221 531 1255 568 4.
1281 517 1431 557 dicitur.
1469 521 1624 567 Αςροχέτων
1648 523 1811 567 nepam&
1829 521 1907 564 ἄναξ
1929 523 2025 568 πυρός.
2059 520 2268 567 Hercules,
2295 521 2316 560 ὃ
2332 523 2424 564 Rex

334 572 445 623 ignis.
487 578 659 622 Μέληξθπ
671 599 681 614 ,
706 571 967 618 Alelcarthus,
996 572 1106 625 quod
1123 572 1227 611 idem
1244 572 1299 612 est
1318 586 1362 612 ac
1379 572 1698 620 Melec-Charta,
1719 575 1809 614 Rex
1828 575 1952 620 urbis,
1979 575 2082 627 apud
2095 574 2422 632 EusebiumPraep.

337 625 483 680 Evang.
505 627 566 665 lib.
593 641 621 666 1.
652 627 751 666 Duce
767 627 835 666 illae
852 639 968 680 petrae
982 653 994 672 ,
1021 626 1231 667 Ambrofiae
1249 627 1333 667 sunt
1345 654 1357 674 ,
1385 627 1434 668 ad
1455 642 1551 682 quas
1569 628 1816 669 inveniendas
1833 629 2020 669 Hercules
2036 628 2177 683 Tyrios
2197 630 2340 672 tamdiu
2357 644 2424 673 na—

334 679 464 733 vigare
479 680 582 733 juilit
598 709 609 728 ‚
637 681 763 721 donec
779 681 858 721 illas
875 681 1083 734 reperirent
1099 695 1266 724 errantes
1281 710 1293 730 ,
1321 684 1461 737 quibus
1483 682 1639 723 firmatis
1661 683 1810 737 Tyrum
1834 685 2054 725 conderent.
2102 685 2362 740 Conchylium
2381 688 2424 730 in

332 734 414 774 imo
431 735 505 783 est,
535 751 583 778 ex
602 737 711 791 cujus
726 751 860 777 cruore
877 735 991 777 fiebat
1006 752 1220 793 purpureus
1239 738 1365 785 color,
1393 739 1443 779 de
1458 753 1540 794 quo
1556 740 1596 779 in
1604 739 1630 793 J
1635 739 1708 779 ulia
1726 739 1882 780 Domna
1897 754 1983 794 pag.
2004 752 2064 792 23.
2083 739 2260 781 diximus.

329 812 471 910 healfe
483 828 655 858 nummus
673 815 827 871 majoris
831 814 973 869 fornas
984 842 996 863 ,
1025 815 1050 856 a*
1066 816 1118 856 P.
1132 816 1370 872 Seguinofol.
1389 819 1478 859 168.
1495 816 1587 858 edit.
1610 831 1642 857 2.
1667 816 1849 871 vuigatus
1860 845 1873 865 ,
1893 828 1963 872 pro
1979 831 2062 858 raro
2081 815 2129 861 ὅ)
2145 818 2335 874 conspicuo
2352 817 2424 875 ἐπῇ

425 884 483 911 ω.

327 1467 345 1500 '1
356 1473 392 1500 M
406 1475 439 1500 P.
470 1474 519 1500 M.
551 1475 577 1502 A
592 1474 618 1499 ν
632 1474 675 1501 R.
710 1475 735 1501 A
752 1474 780 1501 N
795 1475 817 1502 τ
831 1476 857 1502 o
869 1475 899 1502 N
913 1475 929 1502 1
940 1475 971 1501 N
987 1476 1010 1502 v
1025 1475 1055 1502 s.
1092 1463 1225 1517 Caput
1241 1461 1444 1503 Caracallae
1461 1462 1682 1502 laureatum.
2151 1507 2154 1510 ⁴

384 1529 404 1555 s
417 1530 439 1555 E
452 1530 486 1556 P.
519 1530 542 1556 T
559 1530 581 1555 Y
598 1530 627 1555 R
641 1530 667 1556 v
681 1530 713 1556 s.
744 1531 780 1556 M
794 1532 817 1557 E
831 1532 867 1556 r.
901 1532 924 1557 c
936 1531 961 1556 o
978 1532 1000 1557 t,
1013 1531 1038 1556 o
1052 1531 1082 1557 N
1096 1533 1109 1558 1
1122 1533 1162 1557 A.
1200 1519 1384 1572 Septimia
1399 1518 1518 1569 Tyrus
1536 1515 1758 1570 Metropolis
1771 1515 1937 1556 Colonia.
1973 1516 2125 1557 Astarte
2139 1513 2238 1557 stans
2254 1511 2424 1558 dextrarii
2463 1545 2466 1550 >

435 1572 602 1624 imponit
619 1572 795 1625 trophaeo
810 1599 822 1618 ‚
850 1572 943 1611 laeva
959 1572 1102 1612 hastam
1117 1600 1128 1618 ,
1156 1587 1228 1625 pro
1247 1572 1409 1627 pedibus
1429 1573 1519 1612 hinc
1539 1586 1699 1624 parvum
1715 1571 1829 1611 Sileni
1847 1571 1994 1627 lignum
2010 1598 2023 1618 ,
2050 1571 2142 1613 inde
2160 1571 2426 1626 conchylium)

436 1627 459 1684 a
477 1626 625 1666 sinistris
641 1627 820 1667 columna
837 1628 948 1681 supra
965 1641 1082 1681 quam
1099 1627 1271 1669 Viuoria
1286 1642 1470 1668 coronam
1487 1628 1555 1682 ipfi
1575 1628 1785 1682 porrigens.

377 1703 489 1757 Tyrii
505 1702 776 1744 beneficiorum
795 1705 816 1744 a
835 1705 977 1745 Severo
995 1717 1241 1758 acceptorum
1259 1719 1449 1746 memores
1466 1705 1651 1759 plurimos
1668 1705 1706 1744 in
1724 1702 1927 1744 Caracalla:
1949 1702 2031 1757 ejus
2050 1703 2114 1745 filii
2132 1703 2319 1752 honorem
2336 1715 2426 1757 per·

323 1760 469 1799 cuffere
484 1773 687 1806 nummos3
715 1760 755 1799 in
771 1760 848 1800 hoc
866 1761 1015 1800 Astarte
1035 1760 1198 1800 habetur
1211 1761 1362 1800 illorum
1379 1760 1548 1801 tutelaris
1565 1765 1606 1800 ὃς
1618 1760 1771 1813 Topica
1784 1760 1889 1806 Dea,
1921 1770 1962 1798 ut
1982 1758 2143 1801 affirmat
2155 1761 2296 1800 Cicero
2310 1760 2372 1801 lib.
2390 1764 2425 1813 3.

323 1814 374 1853 de
395 1813 545 1854 Natura
563 1815 680 1854 Deor.
709 1815 869 1870 Qarta
887 1816 1013 1855 Venus
1034 1815 1065 1854 S
1066 1818 1143 1858 yria
1161 1815 1326 1871 syroque
1340 1824 1538 1870 concepta,
1564 1823 1647 1870 quae
1659 1814 1816 1866 Astarte
1830 1823 2011 1861 vocatur,
2028 1828 2140 1869 quam
2149 1815 2321 1857 Adonidi
2336 1825 2429 1869 nup-

310 1868 398 1921 stffe
421 1869 607 1909 traditum
631 1869 689 1921 est.
726 1870 793 1910 Illa
810 1870 986 1925 trophaeo
1002 1884 1159 1910 manum
1177 1871 1342 1926 imponit
1359 1899 1371 1918 ‚
1400 1886 1479 1911 non
1498 1872 1552 1911 ob
1572 1870 1777 1910 Caracallae
1797 1881 1930 1910 contra
1946 1870 2110 1910 Parthos
2131 1870 2327 1910 vietoriam
2344 1895 2356 1917 ‚
2385 1880 2428 1912 ut

323 1924 496 1971 videtur,
527 1925 552 1964 fi
572 1925 731 1978 quidem
749 1938 861 1980 typus
878 1926 941 1966 ille
958 1927 996 1965 in
1014 1926 1094 1966 aliis
1110 1926 1410 1981 Imperator-ibus
1425 1926 1590 1981 vulgaris
1606 1925 1684 1971 est·‚
1715 1924 1780 1965 sed
1801 1926 1929 1977 potius
1948 1925 1986 1964 in
2003 1925 2226 1965 memoriam
2242 1925 2428 1966 Colonia-

321 1994 408 2021 rum
425 1981 447 2020 εὶ
463 1980 590 2034 Tyriis
607 1980 856 2021 dedi16tarum
877 1981 997 2035 usque
1014 1981 1062 2022 ad
1074 1983 1289 2023 Columnas
1302 2009 1315 2029 ,
1348 1996 1445 2036 quas
1461 1992 1627 2028 vocant,
1657 1981 1834 2021 Herculis
1846 2008 1857 2027 ,
1886 1980 1953 2020 ubi
1972 1980 2187 2035 trophaeum
2206 1990 2427 2028 erexerunt,
2476 2000 2481 2005 ·

322 2035 374 2076 de
391 2035 532 2088 quibus
550 2035 746 2076 Diodorus
762 2037 825 2076 lib.
850 2050 883 2087 5.
902 2051 989 2092 pag.
1006 2040 1096 2078 208.
1126 2041 1239 2077 Πωλοὶς
1253 2039 1307 2086 μὶὶιὶ
1322 2040 1359 2087 ἐξ)
1375 2040 1430 2076 τὼ)
1445 2040 1562 2076 Λιᾷύῐω
1578 2042 1714 2076 somna<
1732 2038 1889 2078 {nvm'wmo
1905 2065 1913 2077 ,
1941 2051 1998 2073 m
2013 2040 2121 2085 ὀλίγας
2136 2039 2169 2073 δὲ
2185 2041 2209 2090 '31
2227 2042 2277 2075 τῆς
2292 2038 2426 2085 εὐρύνας
2463 2035 2485 2090 Ἀἱ

323 2097 356 2129 ὲν
370 2101 428 2129 τοῖς
443 2094 524 2136 φύς
540 2093 618 2128 δύων
633 2093 808 2138 ammplam
823 2097 944 2141 μέρεα-ιν.
980 2091 1073 2148 Qo
1085 2091 1243 2144 faiium
1259 2114 1271 2139 ‚
1299 2101 1344 2133 ut
1363 2093 1568 2133 multarum
1589 2095 1630 2133 in
1647 2091 1788 2145 Afiica
1802 2091 2058 2138 Coloniarum,
2085 2106 2152 2132 nec
2162 2103 2368 2147 paucarum
2382 2094 2426 2134 ἐκ
2469 2112 2481 2149 3,

321 2147 387 2186 his
403 2146 564 2200 Europae
571 2147 752 2200 partibus
770 2161 852 2202 quae
868 2147 923 2186 ad
936 2146 1180 2186 Occidentem
1195 2156 1358 2202 vergunt
1371 2174 1383 2193 ,
1409 2149 1582 2187 aut’t'ores
1589 2147 1742 2198 fierent.
1782 2147 1956 2187 Vistoria
1976 2146 2086 2201 supra
2102 2146 2319 2187 columnam
2337 2151 2427 2201 por·
2476 2171 2479 2173 >

321 2202 448 2257 rigens
467 2216 650 2242 coronam
667 2228 679 2248 ,
701 2202 860 2243 ‘videtur
876 2202 1006 2255 potius
1020 2200 1069 2240 ad
1087 2202 1262 2242 Astarten
1283 2201 1472 2255 spe&aoe‚
1501 2204 1590 2241 cum
1610 2202 1714 2241 idem
1734 2213 1847 2255 typus
1863 2202 1902 2240 in
1921 2201 2181 2254 Berytenfium
2200 2204 2366 2244 nummis
2385 2203 2426 2244 Bt
2468 2182 2486 2241 ,ἴ

320 2257 402 2298 aliis
417 2269 611 2304 occurrat,
639 2259 758 2312 quam
775 2257 824 2298 ad
843 2257 1017 2311 Tyrum,
1045 2256 1135 2297 licet
1149 2257 1210 2296 illa
1229 2256 1335 2310 apud
1353 2256 1499 2297 Esaiam
1515 2271 1599 2310 cap.
1619 2270 1682 2310 23.
1705 2259 1739 2297 8.
1771 2257 1971 2297 Coronata
1983 2283 1995 2303 ‚
2023 2256 2081 2296 vel
2100 2258 2230 2311 potius
2246 2259 2425 2299 Corona*
2466 2244 2489 2300 Ξ·

319 2313 375 2354 ria
393 2339 405 2359 ,
432 2312 473 2352 id
498 2313 552 2354 est
575 2327 737 2354 coronas
758 2314 963 2368 imponens
983 2312 1078 2358 suis,
1106 2312 1331 2366 appelletur.
1368 2313 1432 2363 DJ
1449 2312 1656 2370 conchylio
1675 2311 1821 2353 dietum
1842 2312 1907 2353 est.
1942 2312 2007 2355 De
2022 2311 2151 2355 Sileno
2165 2311 2264 2356 infra
2278 2314 2319 2356 in
2337 2311 2424 2369 Elafi
2490 2359 2491 2362 Ἴ

318 2368 468 2425 gabalo.

374 2436 458 2478 Hic
472 2451 643 2479 nummus
649 2434 831 2490 secundae
846 2435 1123 2492 magnitudinis
1137 2435 1273 2478 obvius
1288 2434 1351 2489 est.
2464 2415 2491 2501 Ξῖ

320 3039 335 3066 1
347 3039 383 3066 M
395 3040 429 3064 P.
461 3037 495 3063 c.
529 3031 575 3060 M.
609 3034 634 3060 A
650 3033 690 3058 v.
722 3031 748 3057 A
763 3031 793 3058 N
807 3031 829 3056 T
845 3031 870 3056 o
884 3030 913 3056 N
927 3028 943 3056 1
956 3030 985 3056 N
998 3028 1022 3053 v
1037 3029 1067 3055 s.
1104 3016 1237 3069 Caput
1254 3014 1458 3055 Caracallae
1479 3014 1696 3056 laureatum.

373 3095 393 3120 s
409 3094 431 3119 r:
444 3093 478 3117 Ρ.
509 3090 533 3116 τ
548 3090 569 3116 Y
586 3089 615 3114 R
627 3089 652 3114 v
667 3088 701 3113 s.
732 3087 767 3113 M
780 3087 803 3111 13
817 3086 840 3111 T
856 3085 881 3110 R
897 3086 937 3111 ο.
968 3086 991 3111 c
1002 3085 1028 3110 o
1040 3086 1065 3111 L
1078 3084 1104 3109 o
1117 3084 1188 3127 Ni.
1235 3069 1418 3123 Septimia
1449 3070 1569 3120 Tyras
1599 3070 1822 3124 Metropolis
1848 3071 2014 3112 Colonia.
2059 3071 2202 3114 Mulier
2227 3073 2414 3120 succina-a

426 3135 526 3174 stans
546 3144 632 3170 cum
651 3128 803 3169 calatho
821 3128 861 3166 in
879 3127 1004 3180 capite
1016 3152 1028 3172 ,
1055 3126 1228 3167 dextram
1250 3125 1377 3166 versus
1397 3139 1442 3166 os
1456 3124 1660 3173 admovet,
1690 3125 1830 3166 sinistra
1846 3128 2089 3181 cornucopiae
2105 3130 2223 3183 gerit,
2251 3143 2323 3183 pro
2341 3145 2411 3186 pe.

425 3190 538 3229 dibus
553 3186 644 3226 hinc
659 3199 741 3231 ara,
770 3183 862 3222 inde
877 3181 1134 3235 conchylium.

371 3268 511 3323 Figura
535 3265 595 3305 illa
620 3262 806 3303 succinfita
832 3260 982 3300 Genius
1006 3260 1109 3300 urbis
1133 3259 1198 3300 est.
1236 3258 1388 3313 Tyrum
1403 3259 1515 3314 supra
1531 3259 1702 3301 diximus
1717 3258 1738 3298 a
1757 3258 2003 3301 Phoenicibus
2023 3260 2217 3302 conditam
2233 3261 2337 3315 apud
2354 3262 2430 3320 Q

318 3325 496 3364 Curtium
514 3321 574 3360 lib.
596 3333 634 3370 4.
650 3332 731 3372 cap.
749 3330 784 3369 4.
815 3314 934 3370 Tyrus
948 3315 1101 3354 condita
1116 3315 1165 3355 ab
1181 3315 1365 3368 Agenore.
1394 3315 1444 3356 Et
1459 3316 1599 3356 eodem
1615 3316 1703 3355 loco
1719 3329 1727 3353 :
1754 3316 1906 3370 Qtippe
1921 3326 2046 3355 utram
2061 3317 2186 3356 urbem
2199 3319 2412 3371 Agenorem

319 3377 518 3428 condidisse
534 3374 744 3415 credebant.
773 3371 869 3412 Eam
887 3369 1046 3425 quando
1061 3370 1216 3410 condita
1235 3369 1371 3416 refert,
1398 3370 1582 3412 Eusebius
1595 3372 1635 3410 in
1654 3369 1800 3410 Chron.
1830 3371 1949 3422 'lyras
1965 3371 2117 3411 condita
2131 3380 2221 3410 ante
2234 3373 2412 3426 templum

325 3432 629 3484 Jerosolymorum
651 3444 674 3469 c
687 3444 708 3468 c
720 3442 743 3467 x
754 3442 794 3467 L.
825 3427 975 3466 Genius
992 3437 1082 3466 ante
1101 3439 1202 3466 aram
1225 3424 1396 3465 dextram
1412 3426 1470 3466 ori
1489 3439 1686 3482 apponere
1701 3425 1872 3473 videtur,
1899 3425 2022 3466 forsan
2039 3426 2089 3466 ad
2102 3425 2348 3468 indicandum
2364 3429 2410 3470 fi-

319 3477 478 3527 lentium
495 3486 532 3524 in
553 3483 738 3525 sacrificiis
754 3481 829 3522 effe
849 3480 1163 3536 pernecessarium
1178 3495 1186 3520 ε
1204 3479 1246 3530 id
1261 3494 1341 3520 non
1359 3480 1526 3522 absimile
1541 3481 1694 3522 videtur
1709 3481 1730 3520 a
1744 3479 1876 3522 filentii
1894 3481 2092 3534 mysterio,
2108 3481 2217 3534 quod
2236 3489 2409 3532 ἑχεμυθίων

317 3542 553 3597 Pythagoras
571 3540 641 3579 suis
661 3537 851 3592 discipulis
870 3536 1122 3591 proecipiebat.
1153 3535 1229 3576 Sed
1244 3536 1404 3590 quidam
1420 3539 1670 3592 Angeronam
1690 3535 1824 3575 filentii
1843 3537 1987 3582 Deam,
2015 3536 2172 3576 tutelare
2190 3537 2330 3580 Romae
2338 3554 2409 3582 nu.

320 3611 411 3638 men
436 3595 510 3635 elle
534 3596 739 3647 putabant,
769 3603 810 3633 ut
836 3591 950 3632 tradit
975 3592 1198 3632 Macrobius
1222 3591 1369 3631 Saturn.
1399 3605 1436 3646 3.
1461 3606 1541 3646 cap.
1572 3604 1605 3642 5.
1624 3590 1690 3631 ubi
1705 3591 1755 3630 de
1773 3591 1920 3630 tutelari
1937 3591 2025 3630 Deo
2044 3591 2144 3630 urbis
2159 3591 2300 3634 Romae
2315 3597 2405 3651 agit.

320 3655 441 3697 Sunt,
470 3651 614 3702 inquit,
642 3651 706 3701 qui
724 3651 965 3701 Angeronam
978 3656 1138 3701 putent,
1167 3659 1249 3702 quae
1263 3647 1383 3700 digito
1402 3646 1457 3688 ad
1471 3661 1511 3687 os
1528 3647 1678 3686 admoto
1679 3646 1873 3695 filontium
1888 3645 2055 3684 denotat.
2085 3647 2304 3700 Angeronae
2325 3664 2406 3693 rem

319 3709 488 3748 divinam
521 3703 708 3742 faciebant
735 3703 906 3742 Romani
932 3716 956 3741 x
972 3715 986 3741 1
1007 3716 1037 3741 1.
1071 3702 1234 3742 Calend.
1262 3701 1406 3749 Ianuar.
1432 3714 1477 3742 ut
1496 3701 1646 3741 Solinus
1670 3699 1802 3740 scribit.
1833 3700 1978 3739 Coloni
1995 3714 2087 3740 vero
2104 3700 2236 3742 Roma
2255 3703 2407 3759 Tyrum

319 3761 480 3803 traduffi
497 3772 570 3812 pro
588 3757 735 3797 tutelari
753 3758 836 3797 Dea
855 3761 1102 3810 Angeronam
1122 3756 1245 3797 forsan
1261 3757 1497 3811 selegerunt:
1523 3755 1614 3796 ideo
1630 3766 1712 3801 ara,
1739 3753 1801 3794 'cui
1825 3754 1924 3794 sacra
1950 3757 2168 3810 Angeronae
2192 3756 2404 3808 faciebant,

313 3817 367 3859 ad
392 3816 475 3868 ejus
499 3812 620 3868 pedes
646 3810 794 3866 figmata.
833 3811 1092 3865 Cornucopiae
1107 3837 1121 3857 ,
1155 3811 1310 3851 solenne
1336 3811 1391 3851 est
1419 3810 1586 3852 tutelaris
1613 3810 1690 3850 Dei
1717 3802 1940 3864 symbolum.
1982 3810 2242 3865 Conchylium
2257 3841 2272 3861 ,
2307 3814 2403 3870 Tyri

315 3871 469 3924 insigne.

368 3937 451 3979 Hic
467 3949 635 3977 nummus
654 3933 845 3974 mediocris
849 3933 1009 3986 formae,
1035 3935 1135 3975 inter
1152 3929 1432 3987 elegantissimas
1450 3928 1724 3985 adscribendi&

2288 4003 2307 4032 1
2316 4003 2354 4032 M
2364 4002 2397 4035 P·
