2491 4219
620 113 1187 178 TRAJANUS
1265 117 1674 183 DECIUS.
2116 142 2219 189 *192

123 732 236 762 ΑΥτ.
267 731 293 757 1<
308 731 332 757 A
347 730 375 756 1.
409 732 438 757 r.
469 727 539 756 ΚΥ.
570 731 607 757 Μ
620 729 680 759 ΕΚ
696 725 779 757 'loc
810 732 835 757 T
848 732 869 758 P
884 728 926 758 A.
956 728 1052 758 Am<
1068 731 1120 758 10
1135 732 1170 758 c.
1201 733 1224 759 c
1238 732 1260 758 E
1273 723 1307 759 1'3.
1336 720 1469 774 Caput
1487 721 1599 762 Decii
1611 722 1831 764 laureatum.

178 789 201 814 c
214 785 283 812 ΕΠ.
305 786 324 810 P
338 787 364 811 H
380 787 400 811 c
416 787 440 811 A
456 787 469 812 1
483 787 510 811 N
523 788 550 813 H
562 788 583 813 c
597 786 703 814 [ΩΝ.
727 787 764 812 L.
792 788 820 812 H
836 788 850 812 1
867 788 901 813 P.
931 778 1087 824 Σεσῆιμίων
1104 778 1295 817 Ρησοανησίων.
1324 780 1516 816 Λυκοειὲαωτος
1532 781 1592 823 esti·
1623 779 1737 819 Anno
1756 793 1771 818 1
1785 782 1842 820 18.
1874 778 2084 834 Templum
2098 778 2210 836 disty:

231 827 311 867 lum
328 829 348 867 Ξι
368 827 502 874 latere,
530 829 569 867 in
586 828 694 881 cujus
709 827 814 868 aditu
831 829 875 868 N
879 830 992 870 ostua
1004 857 1016 876 ,
1043 831 1082 870 in
1097 831 1177 871 imo
1195 831 1227 872 F
1229 832 1352 873 luvius
1368 847 1577 888 emergens.

175 917 409 958 Rhesainesii
435 919 473 957 in
491 919 566 958 hoc
584 933 767 966 nummo,
796 932 839 961 ut
857 921 897 960 in
916 922 1120 976 superiori,
1151 939 1230 965 non
1256 926 1501 967 Colonorum
1530 926 1679 968 titulum
1703 925 1912 973 assumunt,
1943 926 2006 968 sed
2033 926 2069 968 se
2089 927 2211 981 Septiss

119 972 218 1012 mios
235 973 457 1026 aSeptimio
471 974 612 1014 Severo
638 975 817 1015 Coloniae
840 975 1046 1017 fundatore
1073 981 1293 1032 appellant;
1322 996 1393 1036 pro
1421 994 1515 1036 typo
1541 982 1723 1023 exhibent
1749 982 1932 1035 templum
1960 986 1980 1021 a
2003 983 2138 1028 latere,
2168 984 2206 1023 in

117 1041 201 1081 quo
219 1026 262 1066 N
266 1029 377 1067 ofkua
394 1029 466 1074 est,
494 1044 581 1083 qua:
597 1030 690 1070 illud
708 1031 747 1069 in
765 1030 954 1071 Minervae
975 1032 1163 1073 honorem
1186 1036 1414 1077 :edificatum
1432 1038 1573 1093 arguit,
1603 1037 1711 1092 quod
1728 1037 1805 1076 avis
1830 1037 1888 1075 illa
1909 1037 2022 1089 hujus
2048 1038 2142 1077 Deae
2158 1037 2210 1077 sa-

117 1096 180 1121 cra
205 1081 338 1129 fucrit,
366 1085 458 1124 teste
477 1085 682 1140 Fulgentio
703 1086 872 1139 Mythol.
892 1087 955 1128 lib.
977 1102 1010 1127 2.
1041 1089 1089 1135 ln:
1108 1089 1224 1145 hujus
1239 1093 1362 1133 tutela
1378 1082 1573 1137 Noc‘iuam
1592 1093 1746 1139 volunt,
1772 1090 1873 1146 qubd
1878 1091 2073 1145 sapientia
2093 1095 2210 1132 etiam

116 1138 157 1176 iu
174 1138 336 1198 fenebris
344 1141 534 1193 proprium
540 1139 731 1194 fulgorem
740 1141 928 1194 poffldeat.
958 1144 1138 1185 Minerva
1156 1158 1308 1193 autern,
1338 1149 1503 1189 tutelaris
1523 1148 1722 1189 Rhesainae
1746 1147 1828 1187 Dea
1852 1145 1959 1186 fuiffe
1981 1147 2152 1194 videtur,
2178 1146 2208 1188 fi

116 1191 275 1253 quidem
300 1194 377 1247 ipsa
401 1208 488 1234 cum
513 1196 644 1236 Genio
668 1197 706 1236 in
733 1196 915 1250 superiori
942 1212 1104 1240 nummo
1119 1202 1379 1255 rcpraesentata
1398 1204 1464 1244 est.
1494 1204 1649 1244 Fluvius
1669 1213 1887 1256 emergens,
1914 1202 2112 1243 Chaboras
2128 1203 2206 1249 est,

114 1258 158 1287 ut
178 1261 259 1300 Jarn
289 1249 454 1290 diximus
471 1265 554 1305 pag.
584 1265 672 1304 123.
705 1252 809 1301 juxta
829 1267 947 1306 quem
972 1254 1039 1295 sita
1067 1268 1147 1296 erat
1167 1258 1278 1303 urbs,
1306 1270 1348 1298 ut
1364 1259 1477 1300 tradit
1493 1259 1708 1312 Stephanus
1733 1274 1741 1298 :
1770 1265 1870 1296 Ρέσινοι
1884 1260 1968 1297 πόλις
1984 1262 2047 1298 aa&
2064 1264 2083 1295 ἑὲ
2103 1262 2204 1306 Αεορδν

114 1306 248 1351 ηοπκμέν.
281 1304 444 1355 Rhess'na
462 1308 550 1346 urbs
566 1309 667 1348 circa
685 1308 1082 1362 Chaborumfluvium.
1117 1311 1230 1352 Illum
1249 1326 1296 1353 ex
1322 1327 1455 1355 monte
1483 1313 1610 1354 Masio
1637 1327 1818 1366 proruere
1835 1326 1960 1355 narrat
1975 1314 2204 1365 Ptolemaeus,

113 1359 177 1399 lib.
202 1373 232 1411 5.
251 1373 335 1413 cap.
357 1364 418 1402 18.

168 1451 249 1493 Hic
266 1467 438 1494 nummus
451 1455 607 1497 minoris
622 1456 781 1505 moduli,
809 1457 834 1497 ἁ
852 1458 1001 1498 Patina
1011 1469 1099 1513 pag.
1119 1472 1212 1514 391.
1232 1459 1437 1514 vagatus,
1465 1460 1565 1501 inter
1580 1473 1683 1500 raros
1698 1457 1906 1501 collocatur.

102 2054 215 2092 ΑΥΤ.
246 2053 288 2087 'K.
320 2059 349 2085 r.
382 2059 440 2085 Tr>
453 2055 494 2085 Α.
523 2055 582 2086 ΔΕ
595 2061 620 2087 K
638 2060 653 2087 1
668 2059 741 2088 oc.
773 2062 832 2090 cn
845 2064 880 2090 B.
909 2045 1043 2106 Caput
1057 2049 1169 2092 Decii
1187 2049 1410 2096 laureatum.

159 2119 182 2146 c
193 2118 216 2144 E
228 2116 265 2142 r1.
299 2116 323 2142 i<
337 2115 363 2140 o
375 2114 415 2141 Λ.
446 2115 466 2140 P
479 2115 506 2141 H
519 2116 541 2141 c
557 2116 582 2141 A
600 2117 615 2141 1
633 2116 663 2142 N
674 2117 702 2143 Η
716 2118 738 2144 c
754 2116 770 2143 1
783 2119 811 2144 Ω
822 2119 864 2146 N.
896 2121 931 2147 L.
963 2121 993 2147 n
1008 2120 1024 2146 1
1041 2120 1074 2146 P.
1106 2111 1261 2156 Σεσῆιμιας
1276 2113 1421 2146 Κολωνίως
1437 2107 1632 2148 ιησαινηαίωνξ
1653 2105 1841 2141 madenam
1856 2106 1917 2147 aa.
1957 2105 2072 2147 Anno
2104 2121 2121 2148 1
2132 2109 2194 2148 18.

209 2159 399 2199 Labarum
415 2172 423 2195 ε
451 2157 490 2196 in
511 2157 738 2210 quibusdam
754 2159 976 2214 inscriptum
994 2161 1049 2201 est
1066 2175 1093 2200 1.
1105 2175 1129 2199 E
1141 2175 1182 2200 o.
1215 2176 1232 2200 1
1250 2176 1267 2201 1
1286 2176 1320 2200 1.
1351 2174 1378 2197 G
1392 2171 1420 2197 A
1433 2172 1471 2197 L.
1502 2157 1627 2213 Legio
1638 2157 1771 2198 Tertia
1787 2158 1950 2199 Gallica.

95 2260 100 2267 '
151 2251 342 2293 Labarum
370 2248 545 2289 deduetae
572 2249 729 2302 quidem
756 2264 826 2304 per
846 2249 1064 2291 Veteranos
1089 2251 1266 2290 Coloniae
1289 2247 1506 2303 symbolum
1533 2248 1587 2286 est
1609 2266 1622 2293 ς
1649 2246 1713 2286 sed
1739 2247 1827 2286 cum
1852 2248 2033 2303 Legionis
2049 2265 2194 2296 nomen

95 2307 318 2349 describitur
334 2305 373 2345 in
392 2305 541 2350 labaro,
568 2304 743 2345 illustrius
765 2305 806 2344 id
833 2306 936 2345 certe
962 2306 1016 2345 est
1042 2305 1221 2345 Historiae
1248 2313 1556 2344 monumentum.
1596 2301 1676 2341 Hic
1701 2315 1883 2343 nummus
1897 2304 2053 2346 exhibet
2075 2322 2189 2349 LEG.

99 2377 119 2404 1
140 2377 153 2403 1
173 2377 204 2403 1.
237 2376 264 2402 G
279 2375 304 2400 A
319 2375 356 2400 L.
379 2373 426 2399 ex
447 2373 524 2412 qua
540 2358 676 2399 milites
693 2359 840 2400 emeriti
855 2360 896 2399 in
913 2359 1012 2399 hanc
1029 2360 1237 2400 Coloniam
1258 2358 1420 2400 traducti
1440 2357 1524 2397 sunt
1538 2376 1551 2403 3
1577 2357 1695 2411 porro
1710 2357 1793 2398 haec
1811 2359 1934 2414 Legio
1950 2360 2080 2401 Tertia
2101 2363 2191 2402 Gal-

95 2416 166 2458 lica
179 2419 219 2457 in
239 2415 436 2455 Phoenicia
454 2415 611 2454 hiberna
631 2415 788 2469 agebat,
815 2427 858 2456 ut
878 2415 992 2457 tradit
1009 2415 1088 2455 Dio
1115 2428 1174 2466 55.
1194 2429 1231 2469 p.
1261 2421 1348 2467 564.
1379 2422 1450 2454 Ναῦ
1463 2415 1517 2462 μῆ»)
1533 2418 1566 2461 33
1580 2419 1793 2452 εκνεακαίδεκα.
1806 2420 1837 2461 ἐξ
1853 2423 1949 2454 αἰτῶν
1965 2420 2042 2466 μόνα
2057 2419 2190 2468 Qum

95 2474 126 2508 vni
139 2497 149 2511 ‚
175 2487 203 2506 τε
223 2471 354 2516 δάι’τερον
375 2470 409 2504 τδ
429 2469 582 2515 Αὐγέςετον
599 2493 609 2508 ,
633 2470 666 2503 τὸ
691 2474 721 2504 ἐν
745 2468 901 2518 Βςεῆοινίῳ
921 2475 958 2517 τῇ
978 2468 1037 2505 οἷνω
1058 2470 1216 2517 χειμάζω·
1242 2470 1289 2516 &l
1305 2468 1344 2503 τοὶ
1360 2474 1430 2510 ‘telon
1443 2471 1480 2504 w?
1496 2473 1580 2510 τςίπο
1594 2493 1604 2510 ‚
1629 2469 1662 2504 τό
1678 2493 1688 2510 ,
1711 2484 1740 2504 π
1755 2473 1786 2505 ὀν
1804 2475 1910 2519 Φοινίκῃ
1925 2499 1934 2511 ,
1960 2473 1989 2506 ‘rei
2013 2474 2189 2512 Γαλατικέν.

95 2520 237 2573 Nost‘ro
261 2528 420 2572 tempore
433 2518 527 2570 solae
548 2531 573 2557 Χ
588 2532 602 2557 1
617 2531 653 2557 x.
675 2518 816 2571 rqstant
841 2534 853 2557 .·
882 2529 1007 2572 nempe
1022 2518 1193 2571 stcunda
1218 2519 1336 2574 Legio
1366 2518 1555 2573 Augusta,
1584 2519 1691 2572 cujus
1715 2520 1756 2558 in
1769 2520 1957 2573 superiori
1981 2521 2190 2564 Britannia

82 2577 184 2631 fimt
199 2574 390 2628 hyberna:
419 2582 496 2613 tres
511 2574 656 2620 tertia,
685 2587 762 2613 una
780 2575 820 2614 in
839 2574 1063 2621 Phoem'cia,
1093 2574 1244 2614 Gallica
1261 2575 1416 2614 nomine.
1445 2575 1548 2628 Sept.
1563 2573 1724 2614 Severus
1747 2575 1836 2615 cum
1863 2576 2049 2616 Colonias
2069 2578 2191 2620 dedu-

93 2633 171 2678 xit,
201 2631 319 2672 tertiae
336 2629 490 2669 Gallicae
506 2627 722 2670 Veteranos
739 2630 876 2682 partim
893 2630 1064 2684 Tyrum,
1094 2630 1230 2683 partim
1255 2629 1489 2670 Rhesainam
1515 2628 1748 2670 transmisisse
1777 2643 1847 2670 nos
1871 2631 2013 2672 docent
2039 2636 2188 2676 nummi

92 2686 349 2727 Coloniarum
366 2684 580 2738 superstites
596 2700 603 2724 :
620 2685 701 2725 imo
718 2685 937 2739 Philippum
953 2685 1068 2739 ipsius
1083 2685 1198 2725 etiam
1213 2685 1394 2739 Legionis
1411 2685 1601 2725 Emeritos
1619 2684 1849 2724 Damascum
1866 2687 2041 2728 Colonos
2055 2691 2188 2742 postea

92 2740 306 2784 traduxisse.
337 2740 460 2795 Legio
477 2739 647 2787 Gallica,
675 2740 786 2794 quod
803 2741 912 2782 tertia
933 2741 1033 2781 inter
1054 2752 1207 2781 caeteras
1235 2740 1393 2795 Alpinas
1421 2739 1610 2796 Legiones
1634 2741 1655 2780 a
1670 2739 1777 2794 julio
1801 2741 1948 2782 Caesare
1976 2744 2186 2799 conscripta

91 2796 159 2845 sit,
184 2809 330 2837 nomen
350 2795 493 2836 habuit.

145 2888 230 2931 Hic
244 2903 416 2930 nummus
432 2890 578 2931 minimi
594 2888 754 2938 moduli,
780 2890 804 2930 a
826 2877 975 2931 Patina
986 2899 1078 2945 pag.
1106 2902 1195 2942 391.
1217 2888 1400 2942 vulgatus
1411 2914 1424 2934 ,
1450 2889 1551 2930 inter
1567 2890 1728 2929 rariores
1745 2887 1992 2941 collocandus,

822 3005 1451 3064 VIMINACIUM.

80 3591 794 3664 1MP.1·1{A1Ast.n-Ectvs.
823 3631 943 3660 nvo.
972 3613 1470 3674 CaputDeciilaureat'utri.

133 3690 170 3716 P.
200 3688 249 3714 M.
281 3688 315 3714 s.
348 3689 409 3715 co
423 3690 462 3715 L.
494 3688 522 3715 v
537 3687 554 3714 1
569 3687 616 3714 M.
653 3674 877 3714 Provinciae
901 3672 1039 3724 Moefiae
1051 3674 1257 3728 superioris
1286 3676 1439 3718 Colonia
1465 3675 1738 3723 Viminacium,
1764 3677 1802 3718 in
1828 3676 1909 3718 imo
1940 3690 2020 3717 AN.
2052 3691 2089 3717 x.
2118 3677 2158 3721 iri

189 3729 269 3769 aliis
285 3743 312 3768 A
326 3742 371 3769 N.
402 3744 428 3770 Χ
443 3743 473 3770 1.
490 3730 530 3770 in
545 3729 625 3770 aliis
642 3742 668 3769 A
681 3743 724 3769 N.
755 3743 781 3770 Χ
796 3742 812 3768 1
831 3742 861 3769 1.
890 3729 1035 3770 Mulier
1051 3730 1151 3771 stans
1169 3732 1351 3772 ambabus
1367 3730 1562 3785 expanfis,
1589 3731 1679 3772 hinc
1697 3732 1794 3780 Bos,
1820 3733 1911 3774 inde
1928 3733 2017 3772 Leo.

129 3806 391 3848 Viminacium
409 3808 615 3862 provinciae
634 3806 783 3848 Moefiae
805 3807 1004 3863 superioris
1019 3808 1174 3855 urbem,
1202 3810 1223 3850 a
1241 3809 1444 3850 Gordiano
1465 3809 1671 3850 Coloniam
1688 3809 1796 3852 fuiffi:
1815 3810 1972 3856 fastam,
2000 3810 2039 3849 in
2056 3823 2157 3851 eam-

77 3870 157 3921 que
179 3861 395 3905 veteranos
418 3862 587 3917 septimae
609 3863 833 3906 Claudianae
865 3867 905 3904 &
928 3874 1072 3920 quartae
1095 3864 1282 3919 Scythicae
1296 3865 1514 3921 Legionum
1532 3866 1580 3907 ab
1596 3879 1646 3909 eo
1663 3866 1909 3913 tranfiniss‘os,
1935 3865 2045 3920 supra
2064 3865 2165 3906 dixi-

90 3940 100 3947 -
2051 3933 2161 3973 mass
