2491 4219
731 173 1006 233 sEPT.
1087 169 1575 226 SEVERUS.
2146 182 2207 242 η)

106 770 168 799 ῙΜ
182 773 217 799 P.
247 772 283 798 c.
313 771 354 797 1..
386 769 405 795 s
418 770 443 795 E
455 768 488 795 P.
519 767 537 795 s
552 768 576 795 E
590 768 615 796 v
626 769 649 795 E
665 768 694 795 R
708 768 735 795 v
748 768 783 795 s.
814 768 842 795 A
857 768 884 795 v
896 768 933 795 G.
970 754 1105 809 Caput
1119 753 1251 794 Severi
1267 752 1490 795 laureatum.

160 829 183 855 c
196 827 221 853 o
235 828 271 854 1..
304 826 325 851 P
339 826 363 851 τ
374 826 448 852 OL.
480 810 637 851 Colonia
655 811 881 850 Ptolemais.
918 810 1064 851 Mulier
1079 810 1211 851 turrita
1228 810 1328 850 stans
1340 837 1352 856 ,
1381 813 1420 849 &
1440 809 1573 851 stolata
1583 837 1595 858 ,
1622 807 1756 850 dextra
1773 819 1968 850 temonem
1979 836 1992 857 ,
2019 809 2113 852 laeva
2128 810 2214 853 cor-³¹

211 868 389 922 nucopiae
399 894 412 915 ,
440 866 489 906 ad
506 866 694 914 smistrum
710 866 807 907 latus
824 866 1001 906 columna
1013 893 1025 913 ,
1059 866 1121 906 cui
1137 865 1316 920 imposita
1332 866 1443 920 Lupa
1459 879 1550 906 cum
1569 866 1749 920 puerulis.

156 947 300 988 Mulier
314 945 374 986 illa
391 945 542 992 turrita,
573 944 725 985 Genius
741 944 795 984 est
809 944 932 991 urbis,
961 945 1071 997 cujus
1087 944 1198 984 firum
1216 959 1297 985 non
1314 943 1431 999 longe
1449 943 1471 985 a
1491 944 1585 985 Belo
1604 944 1727 984 fluvio
1742 944 1781 983 in
1798 957 1939 998 campo
1955 943 2085 984 videas
2101 942 2207 998 apud

95 1002 310 1058 josephum
328 1000 378 1042 de
398 1000 476 1040 Bel.
488 999 582 1055 Jud.
604 1000 627 1039 l.
649 1014 682 1040 1.
700 1015 780 1054 cap.
804 1013 865 1052 17.
889 1001 928 1039 in
943 999 1052 1052 cujus
1067 1001 1322 1054 amplitudine
1343 1010 1467 1040 narrat
1489 999 1639 1052 Judaeos
1660 999 1846 1040 Petronio
1865 1001 1887 1040 a
1902 999 2078 1054 Caligula
2093 999 2205 1040 misso

100 1057 302 1100 occurrisse
321 1084 334 1103 ,
364 1071 408 1096 ac
423 1054 646 1110 supplicasse
663 1055 713 1096 de
729 1069 809 1095 non
831 1055 1054 1096 collocanda
1079 1056 1118 1095 in
1137 1057 1283 1110 templo
1293 1055 1617 1110 Jerosolymitano
1634 1055 1879 1109 Imperatoris
1899 1056 2030 1097 statua.
2062 1060 2173 1092 iescam
2189 1056 2211 1104 5·

99 1117 144 1165 μἘ
158 1121 310 1163 γαυαακῶν
325 1119 349 1168 ιζ,
367 1114 465 1150 ’τέκνων
480 1117 682 1163 ἁθροισθέντες
696 1115 735 1151 εἷς
749 1114 782 1149 rc)
802 1114 895 1149 πεδῖον
910 1114 942 1148 ‘rei
959 1114 1039 1156 ωεές
1054 1117 1271 1161 Πτολεμαΐδα,
1295 1114 1484 1151 καθτκὲτόἶιον
1499 1115 1518 1148 ²5¹¹
1534 1114 1702 1153 Πετςώνιον,
1733 1109 1868 1164 Judaei
1882 1120 2009 1152 autem
2022 1123 2106 1150 cum
2123 1124 2205 1150 mu-

97 1169 254 1212 lieribus
278 1167 326 1213 &⁴
339 1168 439 1221 filiis
456 1168 602 1209 collech
620 1170 661 1208 in
677 1178 847 1222 campum
864 1196 876 1215 ,
902 1170 944 1208 in
959 1182 1031 1223 quo
1042 1166 1122 1218 sita
1144 1167 1195 1219 est
1212 1167 1428 1208 Ptolemais
1445 1193 1458 1214 ,
1487 1167 1673 1208 Petronio
1679 1166 1961 1219 fiipplicabant.
2008 1165 2214 1206 Ptolemai-

101 1224 228 1266 denfis
245 1224 413 1265 Colonia
427 1225 448 1264 ὲ
464 1223 633 1264 Claudio
647 1222 814 1264 dedusta
823 1250 836 1270 ,
863 1223 914 1263 ad
928 1222 1173 1263 indicandam
1197 1223 1388 1278 originem
1404 1249 1416 1268 ,
1445 1222 1564 1277 Lupae
1581 1222 1698 1263 ubera
1717 1222 1891 1262 Romulo
1912 1226 1950 1261 &
1968 1222 2100 1263 Remo
2115 1235 2211 1276 prae-

101 1281 227 1323 bentis
246 1279 486 1320 simulacrum
502 1279 705 1334 imposuit,
735 1290 779 1320 ut
796 1292 932 1320 omnes
948 1279 1126 1318 Coloniae
1143 1277 1314 1319 solebant
1336 1279 1374 1318 in
1392 1277 1500 1324 foro,
1530 1290 1574 1318 ut
1594 1292 1665 1318 nos
1682 1278 1789 1318 Senis
1807 1277 1899 1317 urbe
1918 1278 2108 1318 Hetruriae
2125 1291 2211 1331 per-

101 1347 230 1378 vetere
250 1335 378 1376 adhuc
393 1336 581 1381 vidimus,
609 1334 860 1389 ejusdemque
883 1335 1004 1387 Lupae
1024 1345 1162 1388 typum
1178 1334 1356 1374 Coloniae
1376 1344 1419 1373 ut
1437 1333 1642 1386 plurimum
1657 1336 1697 1374 in
1714 1334 1883 1374 nummis
1901 1332 2115 1389 signarunt,
2145 1345 2213 1376 cu·-

94 1392 161 1452 jUs
175 1392 229 1433 rei
249 1392 360 1433 testes
377 1390 462 1432 sunt
476 1390 616 1432 residui
633 1391 684 1430 illi
704 1405 781 1445 prae
797 1390 973 1432 manibus
992 1389 1312 1443 Antiquariorum
1327 1388 1446 1429 obvii.

19 1318 35 1338 ρ

156 1470 242 1513 Hic
259 1484 434 1513 nummus
437 1470 599 1522 secundi
616 1469 754 1511 moduli
768 1473 869 1511 inter
875 1468 1159 1526 praestantiores
1175 1467 1454 1522 adscribendus.

98 1999 118 2029 1
129 1999 167 2027 Μ
177 1999 213 2026 P.
244 1999 281 2025 c,
313 1998 332 2024 s
346 1999 369 2024 E
380 1998 402 2024 P
416 1999 454 2025 r.
487 1998 505 2025 s
518 2000 542 2025 E
554 1999 581 2026 v
593 2000 617 2025 E
630 2000 662 2027 R
674 2000 702 2027 v
716 1999 746 2026 s.
778 2000 806 2026 A
820 2000 847 2026 v
860 2000 902 2027 G.
939 1988 1075 2041 Caput
1089 1989 1193 2044 Sept.
1210 1989 1340 2031 Severi
1356 1988 1583 2034 laureatum.

154 2055 178 2082 c
190 2054 217 2080 o
229 2054 268 2080 L.
300 2054 321 2080 P
334 2055 359 2080 T
368 2054 394 2080 0
406 2055 443 2081 L.
482 2041 637 2082 Colonia
657 2040 886 2082 Ptolemais.
924 2041 1099 2083 Fulmen.

150 2118 318 2162 Fulmen
334 2146 346 2165 ‚
377 2130 513 2159 notum
532 2119 586 2159 est
602 2119 859 2161 Providentiae
874 2135 918 2160 ac
935 2120 1092 2174 Imperii
1112 2120 1327 2175 symbolum
1343 2142 1356 2170 ;
1383 2122 1450 2163 sed
1474 2124 1514 2164 in
1538 2124 1611 2167 hoc
1626 2126 1875 2168 Ptolemaidis
1890 2126 2124 2169 nummo-ad
2141 2127 2207 2169 ali-³

93 2189 217 2231 quam
237 2175 339 2215 urbis
359 2173 553 2216 historiam
568 2174 736 2229 spe&are
751 2176 921 2222 videtur,
951 2175 1074 2216 forsan
1093 2188 1136 2217 ut
1153 2177 1478 2220 Ptoleinaidenses
1494 2179 1543 2220 ab
1555 2182 1748 2237 AEgyptiis
1762 2183 1896 2224 vicinis
1911 2197 2046 2226 eorum
2063 2183 2207 2224 Numi·
2273 2195 2278 2200 ·

9 2280 11 2282 ¹
94 2245 193 2274 num
211 2231 337 2272 cultus
353 2229 609 2278 admiserunt,
639 2229 689 2270 fic
709 2234 748 2270 ὃς
764 2231 1047 2272 Seleucenfium
1056 2231 1202 2287 Jovem
1220 2234 1459 2276 Ceraunium
1483 2235 1552 2277 sub
1568 2237 1736 2280 fulminis
1757 2238 1879 2295 figura
1896 2253 2099 2282 veneratos
2118 2239 2207 2281 fuis-

10 2300 16 2333 ἲ,
35 2337 37 2339 ¹
95 2287 135 2330 se
150 2286 380 2336 conjesturae
399 2285 506 2326 locus
523 2286 588 2326 est.
626 2286 690 2327 De
705 2285 867 2328 fulmine
885 2301 958 2342 pro
975 2288 1067 2329 Deo
1082 2288 1264 2330 Seleuciae
1277 2290 1413 2332 habito
1429 2291 1562 2334 audias
1580 2295 1802 2349 Appianum
1820 2295 1870 2336 de
1885 2296 2046 2350 Syriacis
2060 2310 2097 2351 p.
2113 2310 2129 2337 1
2140 2311 2158 2338 2
2171 2308 2203 2348 ς’.

101 2342 178 2379 vano-i
194 2341 213 2388 f}
228 2341 303 2378 αἰπύ
316 2341 368 2377 wic
385 2339 559 2378 Σελώκείοις
576 2343 703 2389 οἰκίζοντι
718 2368 729 2381 ,
757 2341 816 2378 'ilias'
829 2340 883 2387 3⁴2²)
897 2346 944 2377 ἐπὶ
957 2343 1095 2391 θαλάσσῃ
1112 2345 1270 2391 {launoium
1284 2345 1436 2389 sq‘yn'onoffiq
1451 2353 1593 2393 ‚223ng
1607 2377 1617 2389 ‚
1643 2350 1691 2396 Ul
1707 2350 1772 2396 2132
1785 2354 1852 2385 τὲπ
1868 2350 1928 2393 9ε3ν
1943 2353 2039 2388 οῐυπῖς
2054 2352 2204 2398 242&va

97 2396 196 2437 ἔθετο,
221 2397 245 2445 23,
263 2394 443 2443 &gamalae-1
461 2397 484 2445 ἢ,
503 2396 607 2441 &wgo-1
625 2397 649 2445 ἦ,
667 2398 720 2429 ναῡ
735 2395 895 2442 κεςφιωόν.
931 2393 1134 2448 Aiuntque
1149 2395 1190 2433 in
1205 2395 1397 2435 condenda
1413 2396 1468 2436 ad
1480 2411 1582 2437 mare
1597 2398 1766 2438 Seleucia
1782 2426 1794 2445 ,
1812 2403 1989 2451 secutum
2003 2404 2205 2457 augurium

83 2447 290 2503 fulminis,
318 2448 471 2503 ideoque
485 2448 541 2487 ibi
544 2448 699 2502 fulmen
718 2457 900 2504 tanquam
918 2463 1053 2490 numen
1071 2450 1326 2501 conficratum
1335 2477 1347 2496 ‚
1374 2451 1557 2508 hodieque
1573 2454 1645 2494 coli
1660 2454 1806 2503 hymnis
1811 2458 1978 2509 propriis
1993 2471 2041 2496 ac
2054 2471 2208 2498 ceremo-

95 2505 185 2544 niis.
222 2503 323 2545 Illud
343 2503 626 2557 posteaJovem
644 2503 930 2546 fulminatorem
945 2517 1240 2559 nuncuparunt,
1256 2505 1409 2560 ipsique
1425 2508 1614 2563 templum
1630 2503 1876 2557 dedicarunt,
1900 2523 1943 2552 ut
1958 2525 2083 2553 narrat
2091 2512 2206 2567 Joan.

31 2563 34 2571 “
95 2559 241 2601 Malela
258 2558 526 2600 Antiochenus
543 2560 583 2599 in
597 2559 766 2600 Seleuco.
797 2560 891 2612 ‘Post
907 2560 1075 2601 triduum
1088 2562 1130 2600 in
1144 2561 1267 2613 Jovis
1284 2559 1923 2617 Fulminatorisfanosucrificavit.
1952 2566 2207 2611 Seleucienses

95 2615 188 2655 ideo
215 2615 255 2654 in
281 2615 447 2655 nummis
474 2614 589 2668 Syriae
618 2615 794 2671 Regibus
820 2616 884 2657 seu
907 2616 1205 2671 Imperatoribus
1229 2617 1251 2656 a
1267 2616 1304 2656 se
1323 2616 1458 2658 dicatis
1476 2645 1488 2666 ,
1517 2619 1664 2661 fulmen
1685 2621 1941 2661 exhibuerunt
1959 2636 1966 2661 :
1996 2622 2146 2677 Regios
2163 2624 2207 2670 in

96 2669 268 2712 Historia
284 2670 410 2711 nostra
424 2670 574 2726 Syriaca
591 2685 679 2727 pag.
700 2674 790 2725 348.
822 2672 1042 2725 Imperiales
1062 2672 1156 2712 vero
1175 2671 1278 2725 apud
1294 2672 1366 2726 Eq.
1384 2672 1565 2715 Patinum
1582 2690 1668 2731 pag.
1685 2679 1776 2718 282.
1797 2676 1980 2717 consulas.

150 2747 235 2791 Hic
253 2761 426 2790 nummus
444 2749 640 2790 mediocris
656 2749 796 2790 moduli
816 2752 917 2790 inter
923 2749 1205 2805 praestantiores
1218 2748 1421 2790 habendus.

955 2835 988 2877 S
1040 2836 1082 2878 T
1131 2836 1168 2876 Ο
1223 2837 1262 2878 Β
1315 2836 1348 2880 Ι.

88 3442 152 3473 ΙΜ
165 3445 201 3471 1².
232 3445 266 3472 c.
300 3445 318 3471 s
331 3445 366 3471 E.
396 3445 414 3471 s
425 3446 448 3472 E
461 3445 486 3471 ν
497 3446 521 3471 E
535 3446 563 3472 R
575 3444 603 3471 v
613 3445 639 3475 s.
669 3432 804 3486 Caput
823 3432 952 3473 Severi
967 3431 1190 3474 laureatum.

143 3500 181 3527 M
193 3500 219 3526 v
232 3500 262 3580 1⁸¹1
275 3500 290 3525 1
302 3501 335 3527 c.
378 3501 397 3527 s
412 3502 437 3527 T
450 3502 477 3528 o
491 3502 513 3528 Β
526 3501 548 3527 Ε
562 3500 591 3526 N
605 3501 636 3527 s.
681 3488 939 3542 Municipium
968 3487 1206 3540 Stobenfium.
1248 3489 1423 3543 Vi&oria
1452 3488 1629 3545 gradiens
1645 3515 1657 3536 ,
1685 3488 1833 3543 *dextra
1860 3502 2044 3531 coronam
2054 3518 2068 3538 ,
2102 3482 2195 3534 laeva

198 3555 248 3596 pa
262 3555 375 3582 mam.

70 3634 76 3641 ·
139 3609 248 3650 Stobi
266 3611 354 3650 urbs
372 3611 425 3651 est
446 3610 711 3656 Macedoniae‚
740 3610 791 3651 d'e
810 3612 944 3665 quain
961 3609 1222 3665 Vespasiano,
1248 3612 1368 3660 Tito,
1395 3610 1627 3654 Domitiano
1646 3616 1684 3653 δε
1701 3610 1875 3665 Trajano
1891 3613 2046 3655 diet-um.
2090 3615 2189 3654 Pau-

89 3665 147 3706 lus
166 3665 228 3705 lib.
249 3678 281 3705 2.
306 3665 356 3705 de
380 3665 537 3707 Censib.
562 3666 766 3707 Stobenses
784 3667 879 3720 juris
902 3666 1022 3707 Italici
1038 3667 1139 3708 facit.
1169 3668 1219 3707 In
1229 3671 1433 3722 provincia
1454 3668 1711 3715 Macedoniae,
1738 3668 2006 3715 Dyrrachem,
2037 3670 2191 3721 Caffan-

88 3719 257 3771 drenses‚
285 3719 571 3774 Philippenses,
600 3721 794 3774 Dienses,
822 3721 1019 3771 Stobenfi’s
1027 3723 1139 3778 juris
1164 3722 1309 3763 Italici·
1311 3722 1423 3776 sunt.
1458 3723 1671 3765 Vistoriam
1697 3716 1934 3778 gradientem
1958 3724 1996 3763 in
2024 3726 2191 3766 nummis

89 3775 219 3816 Severi
233 3773 374 3816 caelaffe
391 3775 572 3817 videntur
586 3776 809 3824 Stobenses,
837 3778 876 3817 in
894 3778 1178 3818 monimentum
1194 3778 1278 3831 ejus
1293 3779 1462 3820 visloriae
1479 3793 1596 3833 quam
1613 3779 1673 3818 i'llc
1690 3778 1740 3818 ad
1749 3779 1939 3832 Cyzicum
1960 3789 2090 3818 contra
2103 3780 2191 3820 Pes-

58 3868 65 3885 ,
90 3829 217 3870 cennii
234 3829 351 3869 duces
367 3832 520 3873 retulit:
544 3832 721 3886 gradiens
737 3845 866 3873 autem
883 3832 1098 3888 effingitur,
1127 3833 1177 3873 ad
1195 3834 1283 3875 alias
1305 3848 1539 3889 properans,
1566 3834 1739 3888 soletque
1755 3834 1808 3875 ita
1831 3835 1988 3888 depingi
2012 3834 2098 3887 post
2114 3837 2190 3889 pri-

87 3897 189 3926 mam
208 3883 258 3925 de
276 3885 448 3927 hostibus
465 3899 705 3940 reportatam.

75 4003 86 4014 m
142 3952 226 3995 Hic
242 3967 414 3995 nummus
419 3956 598 4009 secundae
612 3957 888 4013 magnitudinis
904 3972 978 4000 non
994 3958 1128 3999 obvius
1144 3958 1205 4014 qli.
