<?xml version="1.0" encoding="UTF-8"?>
<!DOCTYPE html PUBLIC "-//W3C//DTD XHTML 1.0 Transitional//EN"
    "http://www.w3.org/TR/xhtml1/DTD/xhtml1-transitional.dtd">
<html xmlns="http://www.w3.org/1999/xhtml" xml:lang="en" lang="en">
 <head>
  <title>
</title>
<meta http-equiv="Content-Type" content="text/html;charset=utf-8" />
  <meta name='ocr-system' content='tesseract 3.04.00' />
  <meta name='ocr-capabilities' content='ocr_page ocr_carea ocr_par ocr_line ocrx_word'/>
</head>
<body>
  <div class='ocr_page' id='page_1' title='image "./numismatareaim00foyv_0482.png"; bbox 0 0 2491 4219; ppageno 0'>
   <div class='ocr_carea' id='block_1_1' title="bbox 251 104 1692 157">
    <p class='ocr_par' dir='ltr' id='par_1_1' title="bbox 251 104 1692 157">
     <span class='ocr_line' id='line_1_1' title="bbox 251 104 1692 157; baseline 0.008 -12"><span class='ocrx_word' id='word_1_1' title='bbox 251 117 342 147; x_wconf 73' lang='lat' dir='ltr'>ziz</span> <span class='ocrx_word' id='word_1_2' title='bbox 903 104 1184 156; x_wconf 88' lang='lat' dir='ltr'><strong>TREB.</strong></span> <span class='ocrx_word' id='word_1_3' title='bbox 1269 107 1692 157; x_wconf 84' lang='lat' dir='ltr'><strong>GALLUS.</strong></span> 
     </span>
    </p>
   </div>
   <div class='ocr_carea' id='block_1_2' title="bbox 297 176 2340 289">
    <p class='ocr_par' dir='ltr' id='par_1_2' title="bbox 297 176 2340 289">
     <span class='ocr_line' id='line_1_2' title="bbox 304 176 2340 225; baseline 0.009 -18"><span class='ocrx_word' id='word_1_4' title='bbox 304 182 330 207; x_wconf 84' lang='lat' dir='ltr'>A</span> <span class='ocrx_word' id='word_1_5' title='bbox 346 182 376 208; x_wconf 90' lang='lat' dir='ltr'>N</span> <span class='ocrx_word' id='word_1_6' title='bbox 390 180 413 206; x_wconf 86' lang='lat' dir='ltr'>T</span> <span class='ocrx_word' id='word_1_7' title='bbox 425 180 441 206; x_wconf 86' lang='lat'>1</span> <span class='ocrx_word' id='word_1_8' title='bbox 452 182 478 208; x_wconf 95' lang='lat' dir='ltr'>o</span> <span class='ocrx_word' id='word_1_9' title='bbox 491 181 516 209; x_wconf 83' lang='lat' dir='ltr'><strong>x</strong></span> <span class='ocrx_word' id='word_1_10' title='bbox 529 182 551 225; x_wconf 59' lang='grc' dir='ltr'><strong>ξ</strong></span> <span class='ocrx_word' id='word_1_11' title='bbox 564 184 590 211; x_wconf 79' lang='grc' dir='ltr'>Ω</span> <span class='ocrx_word' id='word_1_12' title='bbox 601 182 645 210; x_wconf 80' lang='lat' dir='ltr'>N.</span> <span class='ocrx_word' id='word_1_13' title='bbox 675 182 712 209; x_wconf 88' lang='lat' dir='ltr'>M</span> <span class='ocrx_word' id='word_1_14' title='bbox 722 184 750 211; x_wconf 70' lang='lat' dir='ltr'>ri</span> <span class='ocrx_word' id='word_1_15' title='bbox 762 183 786 210; x_wconf 88' lang='grc' dir='ltr'>τ</span> <span class='ocrx_word' id='word_1_16' title='bbox 800 183 821 211; x_wconf 72' lang='lat' dir='ltr'>r</span> <span class='ocrx_word' id='word_1_17' title='bbox 833 185 873 212; x_wconf 91' lang='lat' dir='ltr'>o.</span> <span class='ocrx_word' id='word_1_18' title='bbox 890 187 929 224; x_wconf 74' lang='lat' dir='ltr'>v1&lt;</span> <span class='ocrx_word' id='word_1_19' title='bbox 942 187 968 213; x_wconf 93' lang='lat' dir='ltr'>o</span> <span class='ocrx_word' id='word_1_20' title='bbox 983 187 1008 212; x_wconf 82' lang='grc' dir='ltr'>Λ</span> <span class='ocrx_word' id='word_1_21' title='bbox 1019 187 1048 214; x_wconf 77' lang='grc' dir='ltr'>Ω</span> <span class='ocrx_word' id='word_1_22' title='bbox 1059 188 1100 214; x_wconf 86' lang='lat' dir='ltr'>N.</span> <span class='ocrx_word' id='word_1_23' title='bbox 1130 180 1287 224; x_wconf 67' lang='grc' dir='ltr'>Ανποχέων</span> <span class='ocrx_word' id='word_1_24' title='bbox 1303 181 1510 221; x_wconf 57' lang='lat' dir='ltr'>mmmmm:</span> <span class='ocrx_word' id='word_1_25' title='bbox 1524 186 1679 219; x_wconf 52' lang='lat' dir='ltr'>Romulae.</span> <span class='ocrx_word' id='word_1_26' title='bbox 1709 177 1754 218; x_wconf 91' lang='lat' dir='ltr'>In</span> <span class='ocrx_word' id='word_1_27' title='bbox 1772 176 1856 218; x_wconf 77' lang='lat' dir='ltr'>are&#39;a</span> <span class='ocrx_word' id='word_1_28' title='bbox 1878 192 1909 218; x_wconf 86' lang='lat' dir='ltr'>s.</span> <span class='ocrx_word' id='word_1_29' title='bbox 1926 193 1960 220; x_wconf 89' lang='lat' dir='ltr'>c.</span> <span class='ocrx_word' id='word_1_30' title='bbox 1979 190 2015 219; x_wconf 84' lang='grc' dir='ltr'>Δ.</span> <span class='ocrx_word' id='word_1_31' title='bbox 2035 192 2073 220; x_wconf 81' lang='lat' dir='ltr'>E.</span> <span class='ocrx_word' id='word_1_32' title='bbox 2108 180 2250 223; x_wconf 85' lang='lat' dir='ltr'>Mulier</span> <span class='ocrx_word' id='word_1_33' title='bbox 2261 182 2340 225; x_wconf 64' lang='lat' dir='ltr'>tur-⁶</span> 
     </span>
     <span class='ocr_line' id='line_1_3' title="bbox 297 218 2190 289; baseline 0.008 -27"><span class='ocrx_word' id='word_1_34' title='bbox 297 258 300 260; x_wconf 72' lang='grc'>,</span> <span class='ocrx_word' id='word_1_35' title='bbox 358 224 428 264; x_wconf 84' lang='lat' dir='ltr'>rita</span> <span class='ocrx_word' id='word_1_36' title='bbox 443 218 621 281; x_wconf 24' lang='lat' dir='ltr'>&amp;cvelata</span> <span class='ocrx_word' id='word_1_37' title='bbox 636 225 803 267; x_wconf 88' lang='lat' dir='ltr'>insidens</span> <span class='ocrx_word' id='word_1_38' title='bbox 819 228 1014 270; x_wconf 88' lang='lat' dir='ltr'>montibus</span> <span class='ocrx_word' id='word_1_39' title='bbox 1030 228 1070 270; x_wconf 88' lang='lat' dir='ltr'>in</span> <span class='ocrx_word' id='word_1_40' title='bbox 1087 231 1236 285; x_wconf 82' lang='lat' dir='ltr'>templo</span> <span class='ocrx_word' id='word_1_41' title='bbox 1254 231 1466 286; x_wconf 89' lang='lat' dir='ltr'>tetrastylo,</span> <span class='ocrx_word' id='word_1_42' title='bbox 1495 248 1568 287; x_wconf 89' lang='lat' dir='ltr'>pro</span> <span class='ocrx_word' id='word_1_43' title='bbox 1587 232 1848 289; x_wconf 68' lang='lat' dir='ltr'>pedibus&#39;ejus</span> <span class='ocrx_word' id='word_1_44' title='bbox 1865 234 2005 275; x_wconf 91' lang='lat' dir='ltr'>fluvius</span> <span class='ocrx_word' id='word_1_45' title='bbox 2022 238 2190 277; x_wconf 70' lang='lat' dir='ltr'>enatans.</span> 
     </span>
    </p>
   </div>
   <div class='ocr_carea' id='block_1_3' title="bbox 231 308 2342 704">
    <p class='ocr_par' dir='ltr' id='par_1_3' title="bbox 231 308 2342 704">
     <span class='ocr_line' id='line_1_4' title="bbox 247 308 2339 375; baseline 0.007 -26"><span class='ocrx_word' id='word_1_46' title='bbox 247 325 266 346; x_wconf 64' lang='grc'>.·,</span> <span class='ocrx_word' id='word_1_47' title='bbox 298 308 503 351; x_wconf 80' lang='lat' dir='ltr'><strong>Nummus</strong></span> <span class='ocrx_word' id='word_1_48' title='bbox 516 312 556 352; x_wconf 91' lang='lat' dir='ltr'>in</span> <span class='ocrx_word' id='word_1_49' title='bbox 571 325 655 365; x_wconf 92' lang='lat' dir='ltr'>quo</span> <span class='ocrx_word' id='word_1_50' title='bbox 669 313 794 366; x_wconf 85' lang='lat' dir='ltr'>capita</span> <span class='ocrx_word' id='word_1_51' title='bbox 810 312 915 354; x_wconf 82' lang='lat' dir='ltr'>Vibii</span> <span class='ocrx_word' id='word_1_52' title='bbox 931 318 969 355; x_wconf 90' lang='lat'>&amp;</span> <span class='ocrx_word' id='word_1_53' title='bbox 986 314 1185 357; x_wconf 74' lang='lat' dir='ltr'>Volusiani</span> <span class='ocrx_word' id='word_1_54' title='bbox 1200 316 1354 358; x_wconf 84' lang='lat' dir='ltr'>adversa</span> <span class='ocrx_word' id='word_1_55' title='bbox 1367 316 1617 367; x_wconf 86' lang='lat' dir='ltr'>exhibentur,</span> <span class='ocrx_word' id='word_1_56' title='bbox 1646 321 1694 360; x_wconf 89' lang='lat' dir='ltr'>ab</span> <span class='ocrx_word' id='word_1_57' title='bbox 1713 319 2036 368; x_wconf 68' lang='lat' dir='ltr'>Antiochensibus</span> <span class='ocrx_word' id='word_1_58' title='bbox 2055 324 2246 375; x_wconf 76' lang='lat' dir='ltr'>perculsus</span> <span class='ocrx_word' id='word_1_59' title='bbox 2262 324 2339 371; x_wconf 91' lang='lat' dir='ltr'>est,</span> 
     </span>
     <span class='ocr_line' id='line_1_5' title="bbox 245 365 2341 429; baseline 0.007 -25"><span class='ocrx_word' id='word_1_60' title='bbox 245 365 452 420; x_wconf 82' lang='lat' dir='ltr'>postquam</span> <span class='ocrx_word' id='word_1_61' title='bbox 472 367 608 406; x_wconf 80' lang='lat' dir='ltr'>Vibius</span> <span class='ocrx_word' id='word_1_62' title='bbox 626 366 878 409; x_wconf 83' lang='lat' dir='ltr'>Volusianum</span> <span class='ocrx_word' id='word_1_63' title='bbox 896 370 1049 424; x_wconf 88' lang='lat' dir='ltr'>Imperii</span> <span class='ocrx_word' id='word_1_64' title='bbox 1067 373 1280 413; x_wconf 89' lang='lat' dir='ltr'>consortem</span> <span class='ocrx_word' id='word_1_65' title='bbox 1301 373 1537 420; x_wconf 79' lang='lat' dir='ltr'>nominavit,</span> <span class='ocrx_word' id='word_1_66' title='bbox 1564 387 1607 415; x_wconf 93' lang='lat' dir='ltr'>ut</span> <span class='ocrx_word' id='word_1_67' title='bbox 1623 376 1735 416; x_wconf 80' lang='lat' dir='ltr'>tradit</span> <span class='ocrx_word' id='word_1_68' title='bbox 1753 376 1988 429; x_wconf 85' lang='lat' dir='ltr'>Pomponius</span> <span class='ocrx_word' id='word_1_69' title='bbox 2007 378 2130 418; x_wconf 74' lang='lat' dir='ltr'>Laetus</span> <span class='ocrx_word' id='word_1_70' title='bbox 2148 379 2187 418; x_wconf 90' lang='lat' dir='ltr'>in</span> <span class='ocrx_word' id='word_1_71' title='bbox 2205 392 2341 419; x_wconf 85' lang='lat' dir='ltr'>eorum</span> 
     </span>
     <span class='ocr_line' id='line_1_6' title="bbox 245 421 2340 487; baseline 0.007 -27"><span class='ocrx_word' id='word_1_72' title='bbox 245 421 322 460; x_wconf 79' lang='lat' dir='ltr'>vita</span> <span class='ocrx_word' id='word_1_73' title='bbox 341 437 349 461; x_wconf 90' lang='lat'><strong>:</strong></span> <span class='ocrx_word' id='word_1_74' title='bbox 375 422 528 465; x_wconf 76' lang='lat' dir='ltr'>Interea</span> <span class='ocrx_word' id='word_1_75' title='bbox 538 421 682 477; x_wconf 65' lang='lat' dir='ltr'><em>Gallus</em></span> <span class='ocrx_word' id='word_1_76' title='bbox 697 423 812 480; x_wconf 69' lang='lat' dir='ltr'>quiem</span> <span class='ocrx_word' id='word_1_77' title='bbox 834 427 994 465; x_wconf 72' lang='lat' dir='ltr'>Romam</span> <span class='ocrx_word' id='word_1_78' title='bbox 1013 426 1170 479; x_wconf 73' lang='lat' dir='ltr'>vem‘ffct</span> <span class='ocrx_word' id='word_1_79' title='bbox 1186 454 1206 478; x_wconf 52' lang='grc'>,7</span> <span class='ocrx_word' id='word_1_80' title='bbox 1226 429 1382 469; x_wconf 79' lang='lat' dir='ltr'>Vibium</span> <span class='ocrx_word' id='word_1_81' title='bbox 1400 428 1633 475; x_wconf 66' lang='lat' dir='ltr'>Volustanum</span> <span class='ocrx_word' id='word_1_82' title='bbox 1646 431 1775 482; x_wconf 81' lang='lat' dir='ltr'>filium</span> <span class='ocrx_word' id='word_1_83' title='bbox 1792 457 1802 476; x_wconf 90' lang='lat'>,</span> <span class='ocrx_word' id='word_1_84' title='bbox 1829 431 2031 484; x_wconf 78' lang='lat' dir='ltr'>consbrtem</span> <span class='ocrx_word' id='word_1_85' title='bbox 2056 433 2209 487; x_wconf 65' lang='lat' dir='ltr'>Imperii</span> <span class='ocrx_word' id='word_1_86' title='bbox 2227 433 2340 483; x_wconf 83' lang='lat' dir='ltr'>fecit.</span> 
     </span>
     <span class='ocr_line' id='line_1_7' title="bbox 245 475 2340 533; baseline 0.006 -17"><span class='ocrx_word' id='word_1_87' title='bbox 245 475 384 517; x_wconf 82' lang='lat' dir='ltr'>Vibius</span> <span class='ocrx_word' id='word_1_88' title='bbox 403 476 565 531; x_wconf 68' lang='lat' dir='ltr'>qufdem·</span> <span class='ocrx_word' id='word_1_89' title='bbox 578 477 704 518; x_wconf 67' lang='lat' dir='ltr'>laurea</span> <span class='ocrx_word' id='word_1_90' title='bbox 722 478 921 533; x_wconf 75' lang='lat' dir='ltr'>insignitus</span> <span class='ocrx_word' id='word_1_91' title='bbox 936 481 991 522; x_wconf 87' lang='lat' dir='ltr'>est</span> <span class='ocrx_word' id='word_1_92' title='bbox 1006 509 1018 528; x_wconf 91' lang='lat'>,</span> <span class='ocrx_word' id='word_1_93' title='bbox 1048 483 1278 523; x_wconf 83' lang='lat' dir='ltr'>Volusianus</span> <span class='ocrx_word' id='word_1_94' title='bbox 1298 485 1390 524; x_wconf 79' lang='lat' dir='ltr'>vero</span> <span class='ocrx_word' id='word_1_95' title='bbox 1410 484 1552 525; x_wconf 68' lang='lat' dir='ltr'>radiata</span> <span class='ocrx_word' id='word_1_96' title='bbox 1572 488 1714 525; x_wconf 68' lang='lat' dir='ltr'>corona</span> <span class='ocrx_word' id='word_1_97' title='bbox 1734 498 1889 528; x_wconf 82' lang='lat' dir='ltr'>ornatus</span> <span class='ocrx_word' id='word_1_98' title='bbox 1907 514 1918 532; x_wconf 90' lang='lat'>,</span> <span class='ocrx_word' id='word_1_99' title='bbox 1945 488 2078 528; x_wconf 86' lang='lat' dir='ltr'>ambos</span> <span class='ocrx_word' id='word_1_100' title='bbox 2097 499 2222 528; x_wconf 88' lang='lat' dir='ltr'>tamen</span> <span class='ocrx_word' id='word_1_101' title='bbox 2242 489 2340 529; x_wconf 86' lang='lat' dir='ltr'>Pati-</span> 
     </span>
     <span class='ocr_line' id='line_1_8' title="bbox 244 532 2342 596; baseline 0.007 -26"><span class='ocrx_word' id='word_1_102' title='bbox 244 544 317 571; x_wconf 87' lang='lat' dir='ltr'>nus</span> <span class='ocrx_word' id='word_1_103' title='bbox 334 547 421 587; x_wconf 85' lang='lat' dir='ltr'><strong>pag.</strong></span> <span class='ocrx_word' id='word_1_104' title='bbox 439 534 529 583; x_wconf 85' lang='lat'>398.</span> <span class='ocrx_word' id='word_1_105' title='bbox 551 532 745 575; x_wconf 83' lang='lat' dir='ltr'>laureatos</span> <span class='ocrx_word' id='word_1_106' title='bbox 764 535 957 591; x_wconf 83' lang='lat' dir='ltr'>vulgavit,</span> <span class='ocrx_word' id='word_1_107' title='bbox 985 541 1023 578; x_wconf 75' lang='grc' dir='ltr'>ὅτ</span> <span class='ocrx_word' id='word_1_108' title='bbox 1040 552 1173 579; x_wconf 89' lang='lat' dir='ltr'>eorum</span> <span class='ocrx_word' id='word_1_109' title='bbox 1202 553 1403 580; x_wconf 90' lang='lat' dir='ltr'>nummum</span> <span class='ocrx_word' id='word_1_110' title='bbox 1427 539 1525 595; x_wconf 84' lang='lat' dir='ltr'>inter</span> <span class='ocrx_word' id='word_1_111' title='bbox 1547 539 1761 581; x_wconf 87' lang='lat' dir='ltr'>mediocres</span> <span class='ocrx_word' id='word_1_112' title='bbox 1778 542 1999 588; x_wconf 83' lang='lat' dir='ltr'>collocavit,</span> <span class='ocrx_word' id='word_1_113' title='bbox 2030 545 2136 596; x_wconf 89' lang='lat' dir='ltr'>quod</span> <span class='ocrx_word' id='word_1_114' title='bbox 2157 544 2342 586; x_wconf 54' lang='lat' dir='ltr'>hanenus</span> 
     </span>
     <span class='ocr_line' id='line_1_9' title="bbox 231 587 2339 651; baseline 0.005 -23"><span class='ocrx_word' id='word_1_115' title='bbox 231 601 321 628; x_wconf 90' lang='lat' dir='ltr'>·non</span> <span class='ocrx_word' id='word_1_116' title='bbox 343 587 634 630; x_wconf 85' lang='lat' dir='ltr'>observavimus.</span> <span class='ocrx_word' id='word_1_117' title='bbox 676 591 952 634; x_wconf 87' lang='lat' dir='ltr'>Antiochenses</span> <span class='ocrx_word' id='word_1_118' title='bbox 970 608 1038 648; x_wconf 90' lang='lat' dir='ltr'>per</span> <span class='ocrx_word' id='word_1_119' title='bbox 1056 609 1236 635; x_wconf 88' lang='lat' dir='ltr'>nummos</span> <span class='ocrx_word' id='word_1_120' title='bbox 1254 608 1460 650; x_wconf 89' lang='lat' dir='ltr'>utrumque</span> <span class='ocrx_word' id='word_1_121' title='bbox 1477 596 1692 651; x_wconf 86' lang='lat' dir='ltr'>Augustum</span> <span class='ocrx_word' id='word_1_122' title='bbox 1713 597 1763 636; x_wconf 91' lang='lat' dir='ltr'>ad</span> <span class='ocrx_word' id='word_1_123' title='bbox 1780 597 1910 637; x_wconf 87' lang='lat' dir='ltr'>urbem</span> <span class='ocrx_word' id='word_1_124' title='bbox 1930 599 2110 638; x_wconf 88' lang='lat' dir='ltr'>tuendam</span> <span class='ocrx_word' id='word_1_125' title='bbox 2130 599 2339 647; x_wconf 81' lang='lat' dir='ltr'>sollicitant,</span> 
     </span>
     <span class='ocr_line' id='line_1_10' title="bbox 239 643 2339 704; baseline 0.006 -21"><span class='ocrx_word' id='word_1_126' title='bbox 239 658 329 683; x_wconf 86' lang='lat' dir='ltr'>nam</span> <span class='ocrx_word' id='word_1_127' title='bbox 347 643 466 683; x_wconf 61' lang='lat' dir='ltr'>Periit&gt;</span> <span class='ocrx_word' id='word_1_128' title='bbox 483 658 566 685; x_wconf 82' lang='lat' dir='ltr'>eam</span> <span class='ocrx_word' id='word_1_129' title='bbox 584 645 740 687; x_wconf 90' lang='lat' dir='ltr'>tandem</span> <span class='ocrx_word' id='word_1_130' title='bbox 757 646 1020 702; x_wconf 88' lang='lat' dir='ltr'>diripuerunt,</span> <span class='ocrx_word' id='word_1_131' title='bbox 1048 650 1074 690; x_wconf 84' lang='lat' dir='ltr'>fi</span> <span class='ocrx_word' id='word_1_132' title='bbox 1094 651 1263 691; x_wconf 88' lang='lat' dir='ltr'>Zozimo</span> <span class='ocrx_word' id='word_1_133' title='bbox 1283 651 1388 693; x_wconf 85' lang='lat' dir='ltr'>fides.</span> <span class='ocrx_word' id='word_1_134' title='bbox 1420 661 1476 692; x_wconf 73' lang='grc' dir='ltr'>ἓως</span> <span class='ocrx_word' id='word_1_135' title='bbox 1496 652 1570 690; x_wconf 68' lang='grc' dir='ltr'><em>ἕλον</em></span> <span class='ocrx_word' id='word_1_136' title='bbox 1593 654 1640 701; x_wconf 60' lang='lat' dir='ltr'>’wi</span> <span class='ocrx_word' id='word_1_137' title='bbox 1664 655 1774 691; x_wconf 63' lang='grc' dir='ltr'>ταύτίω</span> <span class='ocrx_word' id='word_1_138' title='bbox 1793 661 1841 693; x_wconf 67' lang='grc' dir='ltr'>τῆς</span> <span class='ocrx_word' id='word_1_139' title='bbox 1862 656 1938 702; x_wconf 60' lang='grc' dir='ltr'><strong><em>ἠῴοις</em></strong></span> <span class='ocrx_word' id='word_1_140' title='bbox 1961 657 2051 693; x_wconf 69' lang='lat' dir='ltr'>mlo-nc</span> <span class='ocrx_word' id='word_1_141' title='bbox 2071 658 2239 704; x_wconf 68' lang='grc' dir='ltr'><strong><em>μητζόπλιγ</em></strong></span> <span class='ocrx_word' id='word_1_142' title='bbox 2255 657 2339 694; x_wconf 62' lang='lat' dir='ltr'><em>§awt-</em></span> 
     </span>
    </p>
   </div>
   <div class='ocr_carea' id='block_1_4' title="bbox 237 698 2339 812">
    <p class='ocr_par' dir='ltr' id='par_1_4' title="bbox 237 698 2339 812">
     <span class='ocr_line' id='line_1_11' title="bbox 240 698 2339 765; baseline 0.006 -26"><span class='ocrx_word' id='word_1_143' title='bbox 240 700 381 739; x_wconf 75' lang='lat' dir='ltr'>Donec</span> <span class='ocrx_word' id='word_1_144' title='bbox 398 698 444 742; x_wconf 63' lang='grc' dir='ltr'><strong><em>ὠ</em></strong></span> <span class='ocrx_word' id='word_1_145' title='bbox 461 699 567 740; x_wconf 79' lang='lat' dir='ltr'>illam</span> <span class='ocrx_word' id='word_1_146' title='bbox 584 712 708 754; x_wconf 84' lang='lat' dir='ltr'><em>cepere</em></span> <span class='ocrx_word' id='word_1_147' title='bbox 724 705 844 744; x_wconf 84' lang='lat' dir='ltr'>totius</span> <span class='ocrx_word' id='word_1_148' title='bbox 864 705 1036 747; x_wconf 83' lang='lat' dir='ltr'>Orientis</span> <span class='ocrx_word' id='word_1_149' title='bbox 1053 707 1307 763; x_wconf 65' lang='lat' dir='ltr'>Metropolim.</span> <span class='ocrx_word' id='word_1_150' title='bbox 1349 709 1499 751; x_wconf 84' lang='lat' dir='ltr'>Genius</span> <span class='ocrx_word' id='word_1_151' title='bbox 1517 709 1619 749; x_wconf 89' lang='lat' dir='ltr'>urbis</span> <span class='ocrx_word' id='word_1_152' title='bbox 1634 709 1674 749; x_wconf 90' lang='lat' dir='ltr'>in</span> <span class='ocrx_word' id='word_1_153' title='bbox 1693 709 1877 764; x_wconf 87' lang='lat' dir='ltr'>superiori</span> <span class='ocrx_word' id='word_1_154' title='bbox 1894 724 2055 751; x_wconf 88' lang='lat' dir='ltr'>nummo</span> <span class='ocrx_word' id='word_1_155' title='bbox 2075 713 2245 765; x_wconf 86' lang='lat' dir='ltr'>vulgatus</span> <span class='ocrx_word' id='word_1_156' title='bbox 2262 712 2339 759; x_wconf 87' lang='lat' dir='ltr'>est,</span> 
     </span>
     <span class='ocr_line' id='line_1_12' title="bbox 237 754 905 812; baseline 0.006 -15"><span class='ocrx_word' id='word_1_157' title='bbox 237 754 305 797; x_wconf 68' lang='lat' dir='ltr'>vhic</span> <span class='ocrx_word' id='word_1_158' title='bbox 322 756 414 796; x_wconf 81' lang='lat' dir='ltr'>vero</span> <span class='ocrx_word' id='word_1_159' title='bbox 435 756 621 811; x_wconf 87' lang='lat' dir='ltr'>templum</span> <span class='ocrx_word' id='word_1_160' title='bbox 633 763 721 812; x_wconf 82' lang='lat' dir='ltr'>ejus</span> <span class='ocrx_word' id='word_1_161' title='bbox 738 759 905 801; x_wconf 85' lang='lat' dir='ltr'>exhibet.</span> 
     </span>
    </p>
   </div>
   <div class='ocr_carea' id='block_1_5' title="bbox 225 841 2338 959">
    <p class='ocr_par' dir='ltr' id='par_1_5' title="bbox 225 841 2338 959">
     <span class='ocr_line' id='line_1_13' title="bbox 225 841 2338 959; baseline 0.006 -73"><span class='ocrx_word' id='word_1_162' title='bbox 225 847 659 957; x_wconf 46' lang='lat' dir='ltr'><em>fil&#39;Uthuesnumbmt&#39;ts</em></span> <span class='ocrx_word' id='word_1_163' title='bbox 675 851 812 959; x_wconf 50' lang='lat' dir='ltr'>pZmae</span> <span class='ocrx_word' id='word_1_164' title='bbox 823 852 965 908; x_wconf 84' lang='lat' dir='ltr'>formae</span> <span class='ocrx_word' id='word_1_165' title='bbox 981 871 994 900; x_wconf 88' lang='lat'>·‚</span> <span class='ocrx_word' id='word_1_166' title='bbox 1012 843 1164 908; x_wconf 72' lang='lat' dir='ltr'>primui-</span> <span class='ocrx_word' id='word_1_167' title='bbox 1178 868 1263 896; x_wconf 90' lang='lat' dir='ltr'>cum</span> <span class='ocrx_word' id='word_1_168' title='bbox 1282 856 1407 909; x_wconf 85' lang='lat' dir='ltr'>capite</span> <span class='ocrx_word' id='word_1_169' title='bbox 1417 853 1502 908; x_wconf 88' lang='lat' dir='ltr'><em>solo</em></span> <span class='ocrx_word' id='word_1_170' title='bbox 1520 841 1627 900; x_wconf 76' lang='lat' dir='ltr'>Treb.</span> <span class='ocrx_word' id='word_1_171' title='bbox 1644 855 1751 897; x_wconf 72' lang='lat' dir='ltr'>Galli</span> <span class='ocrx_word' id='word_1_172' title='bbox 1770 870 1881 897; x_wconf 82' lang='lat' dir='ltr'>rarus</span> <span class='ocrx_word' id='word_1_173' title='bbox 1898 856 1947 908; x_wconf 80' lang='lat' dir='ltr'>cst</span> <span class='ocrx_word' id='word_1_174' title='bbox 1958 882 1972 904; x_wconf 89' lang='lat'>,</span> <span class='ocrx_word' id='word_1_175' title='bbox 1997 856 2095 898; x_wconf 85' lang='lat' dir='ltr'>alter</span> <span class='ocrx_word' id='word_1_176' title='bbox 2113 865 2239 897; x_wconf 81' lang='lat' dir='ltr'>autem</span> <span class='ocrx_word' id='word_1_177' title='bbox 2255 870 2338 899; x_wconf 84' lang='lat' dir='ltr'>cum</span> 
     </span>
     <span class='ocr_line' id='line_1_14' title="bbox 279 917 2044 951; baseline 0.005 -7"><span class='ocrx_word' id='word_1_178' title='bbox 279 917 356 944; x_wconf 84' lang='lat' dir='ltr'>toa</span> <span class='ocrx_word' id='word_1_179' title='bbox 383 917 512 951; x_wconf 86' lang='lat' dir='ltr'>vero,</span> <span class='ocrx_word' id='word_1_180' title='bbox 539 919 559 945; x_wconf 90' lang='lat' dir='ltr'><em>o</em></span> <span class='ocrx_word' id='word_1_181' title='bbox 586 917 675 946; x_wconf 79' lang='lat' dir='ltr'>vms</span> <span class='ocrx_word' id='word_1_182' title='bbox 694 919 713 944; x_wconf 86' lang='lat' dir='ltr'>e</span> <span class='ocrx_word' id='word_1_183' title='bbox 745 937 755 946; x_wconf 92' lang='lat'><strong>.</strong></span> <span class='ocrx_word' id='word_1_184' title='bbox 2041 931 2044 933; x_wconf 44' lang='grc'>“</span> 
     </span>
    </p>
   </div>
   <div class='ocr_carea' id='block_1_6' title="bbox 1115 1054 1503 1441">
    <p class='ocr_par' dir='ltr' id='par_1_6' title="bbox 1115 1054 1503 1441">
     <span class='ocr_line' id='line_1_15' title="bbox 1115 1054 1503 1441; baseline 0 2778"><span class='ocrx_word' id='word_1_185' title='bbox 1115 1054 1503 1441; x_wconf 95' lang='lat' dir='ltr'> </span> 
     </span>
    </p>
   </div>
   <div class='ocr_carea' id='block_1_7' title="bbox 231 1550 1959 1608">
    <p class='ocr_par' dir='ltr' id='par_1_7' title="bbox 231 1550 1959 1608">
     <span class='ocr_line' id='line_1_16' title="bbox 231 1550 1959 1608; baseline 0.005 -21"><span class='ocrx_word' id='word_1_186' title='bbox 231 1552 429 1587; x_wconf 58' lang='lat' dir='ltr'>ffirrox.</span> <span class='ocrx_word' id='word_1_187' title='bbox 458 1550 499 1586; x_wconf 68' lang='lat' dir='ltr'>ic.</span> <span class='ocrx_word' id='word_1_188' title='bbox 530 1560 561 1586; x_wconf 88' lang='lat' dir='ltr'>r.</span> <span class='ocrx_word' id='word_1_189' title='bbox 593 1560 727 1589; x_wconf 70' lang='lat' dir='ltr'>ortu.</span> <span class='ocrx_word' id='word_1_190' title='bbox 761 1553 901 1591; x_wconf 60' lang='lat' dir='ltr'>rimis.</span> <span class='ocrx_word' id='word_1_191' title='bbox 934 1563 1155 1592; x_wconf 74' lang='lat' dir='ltr'>rAAAoc.</span> <span class='ocrx_word' id='word_1_192' title='bbox 1188 1564 1293 1593; x_wconf 80' lang='lat' dir='ltr'>CEB.</span> <span class='ocrx_word' id='word_1_193' title='bbox 1324 1552 1459 1608; x_wconf 90' lang='lat' dir='ltr'>Caput</span> <span class='ocrx_word' id='word_1_194' title='bbox 1474 1551 1592 1593; x_wconf 84' lang='lat' dir='ltr'>Treb.</span> <span class='ocrx_word' id='word_1_195' title='bbox 1615 1553 1718 1595; x_wconf 89' lang='lat' dir='ltr'>Galli</span> <span class='ocrx_word' id='word_1_196' title='bbox 1734 1553 1959 1596; x_wconf 87' lang='lat' dir='ltr'>laureatum.</span> 
     </span>
    </p>
   </div>
   <div class='ocr_carea' id='block_1_8' title="bbox 234 1607 2342 1717">
    <p class='ocr_par' dir='ltr' id='par_1_8' title="bbox 234 1607 2342 1717">
     <span class='ocr_line' id='line_1_17' title="bbox 234 1607 2342 1665; baseline 0.007 -26"><span class='ocrx_word' id='word_1_197' title='bbox 234 1616 241 1639; x_wconf 67' lang='grc' dir='ltr'><em>τ</em></span> <span class='ocrx_word' id='word_1_198' title='bbox 287 1616 350 1643; x_wconf 75' lang='grc' dir='ltr'>ΔΗ</span> <span class='ocrx_word' id='word_1_199' title='bbox 364 1616 398 1642; x_wconf 87' lang='grc' dir='ltr'>Μ</span> <span class='ocrx_word' id='word_1_200' title='bbox 413 1616 440 1642; x_wconf 86' lang='lat' dir='ltr'>A</span> <span class='ocrx_word' id='word_1_201' title='bbox 455 1616 476 1642; x_wconf 85' lang='lat' dir='ltr'>i&gt;</span> <span class='ocrx_word' id='word_1_202' title='bbox 488 1616 520 1642; x_wconf 89' lang='lat' dir='ltr'>x.</span> <span class='ocrx_word' id='word_1_203' title='bbox 560 1615 684 1644; x_wconf 69' lang='lat' dir='ltr'>i-:zo‘r</span> <span class='ocrx_word' id='word_1_204' title='bbox 696 1619 718 1645; x_wconf 92' lang='lat' dir='ltr'>c</span> <span class='ocrx_word' id='word_1_205' title='bbox 732 1619 746 1645; x_wconf 94' lang='lat'>1</span> <span class='ocrx_word' id='word_1_206' title='bbox 762 1620 787 1645; x_wconf 81' lang='lat' dir='ltr'><strong>A</strong></span> <span class='ocrx_word' id='word_1_207' title='bbox 802 1621 837 1647; x_wconf 89' lang='lat' dir='ltr'>c.</span> <span class='ocrx_word' id='word_1_208' title='bbox 876 1619 937 1649; x_wconf 76' lang='grc' dir='ltr'>,ΥΠ</span> <span class='ocrx_word' id='word_1_209' title='bbox 950 1622 976 1646; x_wconf 87' lang='lat' dir='ltr'>A</span> <span class='ocrx_word' id='word_1_210' title='bbox 993 1622 1015 1647; x_wconf 78' lang='grc' dir='ltr'><strong>τ</strong></span> <span class='ocrx_word' id='word_1_211' title='bbox 1028 1622 1065 1648; x_wconf 90' lang='lat' dir='ltr'>o.</span> <span class='ocrx_word' id='word_1_212' title='bbox 1098 1622 1133 1648; x_wconf 77' lang='grc' dir='ltr'>Β.</span> <span class='ocrx_word' id='word_1_213' title='bbox 1171 1607 1218 1648; x_wconf 94' lang='lat' dir='ltr'>In</span> <span class='ocrx_word' id='word_1_214' title='bbox 1243 1622 1331 1650; x_wconf 86' lang='lat' dir='ltr'>area</span> <span class='ocrx_word' id='word_1_215' title='bbox 1355 1622 1392 1650; x_wconf 87' lang='lat' dir='ltr'>s.</span> <span class='ocrx_word' id='word_1_216' title='bbox 1418 1624 1456 1650; x_wconf 89' lang='lat' dir='ltr'>c.</span> <span class='ocrx_word' id='word_1_217' title='bbox 1490 1609 1715 1650; x_wconf 77' lang='lat' dir='ltr'>Tribum&#39;tia</span> <span class='ocrx_word' id='word_1_218' title='bbox 1726 1611 1936 1665; x_wconf 78' lang='lat' dir='ltr'>potestate,</span> <span class='ocrx_word' id='word_1_219' title='bbox 1965 1609 2110 1664; x_wconf 77' lang='lat' dir='ltr'>Consul</span> <span class='ocrx_word' id='word_1_220' title='bbox 2123 1609 2342 1663; x_wconf 71' lang='lat' dir='ltr'>fi’cundum.</span> 
     </span>
     <span class='ocr_line' id='line_1_18' title="bbox 344 1658 1238 1717; baseline 0.008 -19"><span class='ocrx_word' id='word_1_221' title='bbox 344 1658 489 1714; x_wconf 91' lang='lat' dir='ltr'>Aquila</span> <span class='ocrx_word' id='word_1_222' title='bbox 504 1658 675 1701; x_wconf 86' lang='lat' dir='ltr'>insistens</span> <span class='ocrx_word' id='word_1_223' title='bbox 693 1661 872 1717; x_wconf 86' lang='lat' dir='ltr'>scipioni,</span> <span class='ocrx_word' id='word_1_224' title='bbox 902 1663 1024 1705; x_wconf 87' lang='lat' dir='ltr'>rostro</span> <span class='ocrx_word' id='word_1_225' title='bbox 1040 1677 1238 1705; x_wconf 86' lang='lat' dir='ltr'>coronam.</span> 
     </span>
    </p>
   </div>
   <div class='ocr_carea' id='block_1_9' title="bbox 232 1751 2350 2093">
    <p class='ocr_par' dir='ltr' id='par_1_9' title="bbox 232 1751 2350 2093">
     <span class='ocr_line' id='line_1_19' title="bbox 288 1751 2346 1811; baseline 0.004 -19"><span class='ocrx_word' id='word_1_226' title='bbox 288 1751 354 1792; x_wconf 93' lang='lat' dir='ltr'>Ad</span> <span class='ocrx_word' id='word_1_227' title='bbox 376 1751 618 1793; x_wconf 82' lang='lat' dir='ltr'>Antiochiam</span> <span class='ocrx_word' id='word_1_228' title='bbox 638 1754 828 1806; x_wconf 90' lang='lat' dir='ltr'>pertinere</span> <span class='ocrx_word' id='word_1_229' title='bbox 845 1754 950 1796; x_wconf 91' lang='lat' dir='ltr'>hunc</span> <span class='ocrx_word' id='word_1_230' title='bbox 966 1768 1170 1797; x_wconf 88' lang='lat' dir='ltr'>nummum</span> <span class='ocrx_word' id='word_1_231' title='bbox 1188 1756 1305 1798; x_wconf 87' lang='lat' dir='ltr'>docet</span> <span class='ocrx_word' id='word_1_232' title='bbox 1322 1768 1414 1797; x_wconf 89' lang='lat' dir='ltr'>nota</span> <span class='ocrx_word' id='word_1_233' title='bbox 1433 1769 1466 1796; x_wconf 73' lang='lat'>8.</span> <span class='ocrx_word' id='word_1_234' title='bbox 1488 1770 1522 1796; x_wconf 89' lang='lat' dir='ltr'>c.</span> <span class='ocrx_word' id='word_1_235' title='bbox 1540 1767 1584 1797; x_wconf 95' lang='lat' dir='ltr'>ut</span> <span class='ocrx_word' id='word_1_236' title='bbox 1598 1755 1733 1811; x_wconf 83' lang='lat' dir='ltr'>saepius</span> <span class='ocrx_word' id='word_1_237' title='bbox 1749 1756 1927 1798; x_wconf 82' lang='lat' dir='ltr'>diximus.</span> <span class='ocrx_word' id='word_1_238' title='bbox 1960 1757 2238 1799; x_wconf 88' lang='lat' dir='ltr'>Antiochenses</span> <span class='ocrx_word' id='word_1_239' title='bbox 2254 1761 2346 1802; x_wconf 75' lang='lat' dir='ltr'>cum</span> 
     </span>
     <span class='ocr_line' id='line_1_20' title="bbox 233 1807 2346 1868; baseline 0.004 -20"><span class='ocrx_word' id='word_1_240' title='bbox 233 1807 322 1861; x_wconf 86' lang='lat' dir='ltr'>ipsis</span> <span class='ocrx_word' id='word_1_241' title='bbox 337 1807 455 1847; x_wconf 77' lang='lat' dir='ltr'>Persa:</span> <span class='ocrx_word' id='word_1_242' title='bbox 474 1808 762 1861; x_wconf 85' lang='lat' dir='ltr'>impenderent,</span> <span class='ocrx_word' id='word_1_243' title='bbox 791 1812 900 1852; x_wconf 89' lang='lat' dir='ltr'>omni</span> <span class='ocrx_word' id='word_1_244' title='bbox 916 1812 1104 1868; x_wconf 84' lang='lat' dir='ltr'>obsequio</span> <span class='ocrx_word' id='word_1_245' title='bbox 1125 1813 1280 1854; x_wconf 86' lang='lat' dir='ltr'>Gallum</span> <span class='ocrx_word' id='word_1_246' title='bbox 1303 1811 1497 1853; x_wconf 85' lang='lat' dir='ltr'>devincire</span> <span class='ocrx_word' id='word_1_247' title='bbox 1518 1813 1778 1860; x_wconf 86' lang='lat' dir='ltr'>conabantur,</span> <span class='ocrx_word' id='word_1_248' title='bbox 1805 1815 1869 1852; x_wconf 90' lang='lat' dir='ltr'>vix</span> <span class='ocrx_word' id='word_1_249' title='bbox 1893 1825 2018 1854; x_wconf 86' lang='lat' dir='ltr'>autem</span> <span class='ocrx_word' id='word_1_250' title='bbox 2044 1814 2131 1853; x_wconf 87' lang='lat' dir='ltr'>anni</span> <span class='ocrx_word' id='word_1_251' title='bbox 2159 1814 2268 1855; x_wconf 88' lang='lat' dir='ltr'>initio</span> <span class='ocrx_word' id='word_1_252' title='bbox 2284 1817 2346 1857; x_wconf 87' lang='lat' dir='ltr'>ille</span> 
     </span>
     <span class='ocr_line' id='line_1_21' title="bbox 233 1862 2346 1924; baseline 0.004 -20"><span class='ocrx_word' id='word_1_253' title='bbox 233 1862 380 1905; x_wconf 89' lang='lat' dir='ltr'>Consul</span> <span class='ocrx_word' id='word_1_254' title='bbox 398 1864 534 1904; x_wconf 90' lang='lat' dir='ltr'>iterum</span> <span class='ocrx_word' id='word_1_255' title='bbox 555 1879 644 1905; x_wconf 91' lang='lat' dir='ltr'>cum</span> <span class='ocrx_word' id='word_1_256' title='bbox 661 1865 874 1907; x_wconf 84' lang='lat' dir='ltr'>Volusiano</span> <span class='ocrx_word' id='word_1_257' title='bbox 890 1866 1011 1909; x_wconf 58' lang='lat' dir='ltr'>fanus</span> <span class='ocrx_word' id='word_1_258' title='bbox 1032 1869 1084 1909; x_wconf 86' lang='lat' dir='ltr'>est</span> <span class='ocrx_word' id='word_1_259' title='bbox 1096 1892 1109 1916; x_wconf 77' lang='lat'>,</span> <span class='ocrx_word' id='word_1_260' title='bbox 1135 1870 1231 1924; x_wconf 89' lang='lat' dir='ltr'>quin</span> <span class='ocrx_word' id='word_1_261' title='bbox 1257 1869 1293 1909; x_wconf 91' lang='lat' dir='ltr'>ei</span> <span class='ocrx_word' id='word_1_262' title='bbox 1313 1882 1495 1908; x_wconf 90' lang='lat' dir='ltr'>nummos</span> <span class='ocrx_word' id='word_1_263' title='bbox 1514 1882 1604 1909; x_wconf 89' lang='lat' dir='ltr'>curn</span> <span class='ocrx_word' id='word_1_264' title='bbox 1625 1868 1836 1924; x_wconf 88' lang='lat' dir='ltr'>epigraphe</span> <span class='ocrx_word' id='word_1_265' title='bbox 1861 1869 2214 1921; x_wconf 68' lang='lat' dir='ltr'>consulsecundum</span> <span class='ocrx_word' id='word_1_266' title='bbox 2238 1870 2346 1912; x_wconf 91' lang='lat' dir='ltr'>dedi-</span> 
     </span>
     <span class='ocr_line' id='line_1_22' title="bbox 232 1920 2350 1981; baseline 0.002 -21"><span class='ocrx_word' id='word_1_267' title='bbox 232 1920 372 1966; x_wconf 86' lang='lat' dir='ltr'>carint,</span> <span class='ocrx_word' id='word_1_268' title='bbox 401 1920 433 1959; x_wconf 89' lang='lat' dir='ltr'>is</span> <span class='ocrx_word' id='word_1_269' title='bbox 449 1923 551 1961; x_wconf 88' lang='lat' dir='ltr'>enim</span> <span class='ocrx_word' id='word_1_270' title='bbox 567 1921 648 1973; x_wconf 88' lang='lat' dir='ltr'>jam</span> <span class='ocrx_word' id='word_1_271' title='bbox 666 1921 919 1964; x_wconf 88' lang='lat' dir='ltr'>Consulatum</span> <span class='ocrx_word' id='word_1_272' title='bbox 936 1924 1117 1979; x_wconf 75' lang='lat' dir='ltr'>gesserat,</span> <span class='ocrx_word' id='word_1_273' title='bbox 1145 1937 1353 1978; x_wconf 80' lang='lat' dir='ltr'>antequam</span> <span class='ocrx_word' id='word_1_274' title='bbox 1369 1923 1580 1977; x_wconf 90' lang='lat' dir='ltr'>Imperium</span> <span class='ocrx_word' id='word_1_275' title='bbox 1595 1923 1814 1979; x_wconf 77' lang='lat' dir='ltr'>arripuisset.</span> <span class='ocrx_word' id='word_1_276' title='bbox 1844 1924 1999 1978; x_wconf 86' lang='lat' dir='ltr'>Imperii</span> <span class='ocrx_word' id='word_1_277' title='bbox 2016 1925 2184 1965; x_wconf 89' lang='lat' dir='ltr'>Romani</span> <span class='ocrx_word' id='word_1_278' title='bbox 2200 1925 2350 1981; x_wconf 64' lang='lat' dir='ltr'>insigne</span> 
     </span>
     <span class='ocr_line' id='line_1_23' title="bbox 233 1975 2347 2037; baseline 0.003 -20"><span class='ocrx_word' id='word_1_279' title='bbox 233 1977 290 2017; x_wconf 86' lang='lat' dir='ltr'>est</span> <span class='ocrx_word' id='word_1_280' title='bbox 310 1975 471 2029; x_wconf 87' lang='lat' dir='ltr'>Aquila,</span> <span class='ocrx_word' id='word_1_281' title='bbox 500 1991 616 2030; x_wconf 85' lang='lat' dir='ltr'>quam</span> <span class='ocrx_word' id='word_1_282' title='bbox 646 1977 922 2020; x_wconf 88' lang='lat' dir='ltr'>Antiochenses</span> <span class='ocrx_word' id='word_1_283' title='bbox 951 1992 1136 2035; x_wconf 76' lang='lat' dir='ltr'>tanquam</span> <span class='ocrx_word' id='word_1_284' title='bbox 1163 1981 1266 2021; x_wconf 89' lang='lat' dir='ltr'>urbis</span> <span class='ocrx_word' id='word_1_285' title='bbox 1295 1980 1441 2021; x_wconf 92' lang='lat' dir='ltr'>Coloni</span> <span class='ocrx_word' id='word_1_286' title='bbox 1464 1994 1536 2034; x_wconf 90' lang='lat' dir='ltr'>pro</span> <span class='ocrx_word' id='word_1_287' title='bbox 1553 1980 1727 2035; x_wconf 87' lang='lat' dir='ltr'>symbolo</span> <span class='ocrx_word' id='word_1_288' title='bbox 1747 1981 1862 2021; x_wconf 87' lang='lat' dir='ltr'>etiam</span> <span class='ocrx_word' id='word_1_289' title='bbox 1884 1980 2066 2023; x_wconf 72' lang='lat' dir='ltr'>exhibent</span> <span class='ocrx_word' id='word_1_290' title='bbox 2084 2000 2099 2029; x_wconf 71' lang='lat'>3</span> <span class='ocrx_word' id='word_1_291' title='bbox 2125 1980 2204 2037; x_wconf 84' lang='lat' dir='ltr'>ipsa</span> <span class='ocrx_word' id='word_1_292' title='bbox 2222 1982 2347 2036; x_wconf 80' lang='lat' dir='ltr'>rostro</span> 
     </span>
     <span class='ocr_line' id='line_1_24' title="bbox 234 2033 1978 2093; baseline 0.002 -20"><span class='ocrx_word' id='word_1_293' title='bbox 234 2045 419 2073; x_wconf 88' lang='lat' dir='ltr'>coronam</span> <span class='ocrx_word' id='word_1_294' title='bbox 435 2033 553 2087; x_wconf 89' lang='lat' dir='ltr'>gerit,</span> <span class='ocrx_word' id='word_1_295' title='bbox 581 2033 631 2074; x_wconf 88' lang='lat' dir='ltr'>ad</span> <span class='ocrx_word' id='word_1_296' title='bbox 648 2033 914 2076; x_wconf 88' lang='lat' dir='ltr'>denotandum</span> <span class='ocrx_word' id='word_1_297' title='bbox 933 2035 1130 2092; x_wconf 91' lang='lat' dir='ltr'>Populum</span> <span class='ocrx_word' id='word_1_298' title='bbox 1149 2037 1375 2078; x_wconf 83' lang='lat' dir='ltr'>Romanum</span> <span class='ocrx_word' id='word_1_299' title='bbox 1391 2035 1571 2078; x_wconf 86' lang='lat' dir='ltr'>omnium</span> <span class='ocrx_word' id='word_1_300' title='bbox 1588 2036 1765 2093; x_wconf 87' lang='lat' dir='ltr'>gentium</span> <span class='ocrx_word' id='word_1_301' title='bbox 1784 2037 1978 2078; x_wconf 66' lang='lat' dir='ltr'>victorem.</span> 
     </span>
    </p>
   </div>
   <div class='ocr_carea' id='block_1_10' title="bbox 287 2123 1437 2187">
    <p class='ocr_par' dir='ltr' id='par_1_10' title="bbox 287 2123 1437 2187">
     <span class='ocr_line' id='line_1_25' title="bbox 287 2123 1437 2187; baseline 0.002 -21"><span class='ocrx_word' id='word_1_302' title='bbox 287 2123 373 2166; x_wconf 79' lang='lat' dir='ltr'>Hic</span> <span class='ocrx_word' id='word_1_303' title='bbox 387 2137 560 2167; x_wconf 83' lang='lat' dir='ltr'>nummus</span> <span class='ocrx_word' id='word_1_304' title='bbox 572 2124 744 2176; x_wconf 80' lang='lat' dir='ltr'>secundae</span> <span class='ocrx_word' id='word_1_305' title='bbox 757 2129 1034 2182; x_wconf 85' lang='lat' dir='ltr'>magnitudinis</span> <span class='ocrx_word' id='word_1_306' title='bbox 1037 2129 1227 2187; x_wconf 86' lang='lat' dir='ltr'>frequens</span> <span class='ocrx_word' id='word_1_307' title='bbox 1243 2129 1292 2175; x_wconf 59' lang='grc' dir='ltr'>ἐν</span> <span class='ocrx_word' id='word_1_308' title='bbox 1309 2131 1437 2171; x_wconf 87' lang='lat' dir='ltr'>tritus.</span> 
     </span>
    </p>
   </div>
   <div class='ocr_carea' id='block_1_11' title="bbox 923 2233 1662 2289">
    <p class='ocr_par' dir='ltr' id='par_1_11' title="bbox 923 2233 1662 2289">
     <span class='ocr_line' id='line_1_26' title="bbox 923 2233 1662 2289; baseline 0.005 -16"><span class='ocrx_word' id='word_1_309' title='bbox 923 2233 1442 2286; x_wconf 79' lang='lat' dir='ltr'>cARTHAGo</span> <span class='ocrx_word' id='word_1_310' title='bbox 1495 2235 1662 2289; x_wconf 75' lang='lat' dir='ltr'><em>Afficae.</em></span> 
     </span>
    </p>
   </div>
   <div class='ocr_carea' id='block_1_12' title="bbox 1095 2389 1431 2719">
    <p class='ocr_par' dir='ltr' id='par_1_12' title="bbox 1095 2389 1431 2719">
     <span class='ocr_line' id='line_1_27' title="bbox 1095 2389 1431 2719; baseline 0 1500"><span class='ocrx_word' id='word_1_311' title='bbox 1095 2389 1431 2719; x_wconf 95' lang='lat' dir='ltr'> </span> 
     </span>
    </p>
   </div>
   <div class='ocr_carea' id='block_1_13' title="bbox 231 2817 1665 2889">
    <p class='ocr_par' dir='ltr' id='par_1_13' title="bbox 231 2817 1665 2889">
     <span class='ocr_line' id='line_1_28' title="bbox 231 2817 1665 2889; baseline -0.008 -7"><span class='ocrx_word' id='word_1_312' title='bbox 231 2817 349 2889; x_wconf 57' lang='lat' dir='ltr'>{Min</span> <span class='ocrx_word' id='word_1_313' title='bbox 378 2850 418 2878; x_wconf 86' lang='lat' dir='ltr'>c.</span> <span class='ocrx_word' id='word_1_314' title='bbox 446 2849 483 2877; x_wconf 83' lang='lat' dir='ltr'>c.</span> <span class='ocrx_word' id='word_1_315' title='bbox 513 2846 618 2876; x_wconf 73' lang='lat' dir='ltr'>vm.</span> <span class='ocrx_word' id='word_1_316' title='bbox 647 2844 862 2875; x_wconf 71' lang='lat' dir='ltr'>GALLvs</span> <span class='ocrx_word' id='word_1_317' title='bbox 896 2845 1015 2874; x_wconf 72' lang='lat' dir='ltr'>Avo.</span> <span class='ocrx_word' id='word_1_318' title='bbox 1045 2831 1182 2887; x_wconf 85' lang='lat' dir='ltr'>Caput</span> <span class='ocrx_word' id='word_1_319' title='bbox 1199 2827 1318 2872; x_wconf 87' lang='lat' dir='ltr'>Treb.</span> <span class='ocrx_word' id='word_1_320' title='bbox 1343 2829 1446 2872; x_wconf 88' lang='lat' dir='ltr'>Galli</span> <span class='ocrx_word' id='word_1_321' title='bbox 1462 2827 1665 2873; x_wconf 80' lang='lat' dir='ltr'>radiatum.</span> 
     </span>
    </p>
   </div>
   <div class='ocr_carea' id='block_1_14' title="bbox 237 2883 2344 3000">
    <p class='ocr_par' dir='ltr' id='par_1_14' title="bbox 237 2883 2344 3000">
     <span class='ocr_line' id='line_1_29' title="bbox 237 2883 2344 2944; baseline -0 -9"><span class='ocrx_word' id='word_1_322' title='bbox 237 2931 242 2935; x_wconf 85' lang='grc'><em>,</em></span> <span class='ocrx_word' id='word_1_323' title='bbox 295 2910 333 2938; x_wconf 80' lang='lat' dir='ltr'>e.</span> <span class='ocrx_word' id='word_1_324' title='bbox 364 2907 391 2935; x_wconf 93' lang='lat'>1.</span> <span class='ocrx_word' id='word_1_325' title='bbox 424 2906 459 2934; x_wconf 91' lang='lat' dir='ltr'>c.</span> <span class='ocrx_word' id='word_1_326' title='bbox 490 2905 531 2932; x_wconf 78' lang='lat' dir='ltr'>A.</span> <span class='ocrx_word' id='word_1_327' title='bbox 562 2905 601 2932; x_wconf 78' lang='lat' dir='ltr'>A.</span> <span class='ocrx_word' id='word_1_328' title='bbox 634 2904 668 2930; x_wconf 85' lang='lat' dir='ltr'>P.</span> <span class='ocrx_word' id='word_1_329' title='bbox 698 2888 855 2930; x_wconf 87' lang='lat' dir='ltr'>Colonia</span> <span class='ocrx_word' id='word_1_330' title='bbox 868 2887 984 2941; x_wconf 84' lang='lat' dir='ltr'>Julia</span> <span class='ocrx_word' id='word_1_331' title='bbox 1002 2889 1194 2944; x_wconf 83' lang='lat' dir='ltr'>Carthago</span> <span class='ocrx_word' id='word_1_332' title='bbox 1212 2889 1390 2944; x_wconf 87' lang='lat' dir='ltr'>Antiqua</span> <span class='ocrx_word' id='word_1_333' title='bbox 1407 2887 1580 2944; x_wconf 87' lang='lat' dir='ltr'>Augusta</span> <span class='ocrx_word' id='word_1_334' title='bbox 1599 2888 1691 2928; x_wconf 72' lang='lat' dir='ltr'>Pia.</span> <span class='ocrx_word' id='word_1_335' title='bbox 1721 2883 1767 2926; x_wconf 93' lang='lat' dir='ltr'>In</span> <span class='ocrx_word' id='word_1_336' title='bbox 1784 2898 1868 2928; x_wconf 89' lang='lat' dir='ltr'>area</span> <span class='ocrx_word' id='word_1_337' title='bbox 1885 2899 1924 2927; x_wconf 82' lang='lat' dir='ltr'>n.</span> <span class='ocrx_word' id='word_1_338' title='bbox 1952 2900 1992 2928; x_wconf 88' lang='lat' dir='ltr'>D.</span> <span class='ocrx_word' id='word_1_339' title='bbox 2021 2886 2193 2930; x_wconf 75' lang='lat' dir='ltr'>Decreta</span> <span class='ocrx_word' id='word_1_340' title='bbox 2207 2888 2344 2934; x_wconf 61' lang='lat' dir='ltr'>Decio-⁵</span> 
     </span>
     <span class='ocr_line' id='line_1_30' title="bbox 343 2943 1219 3000; baseline -0.01 -7"><span class='ocrx_word' id='word_1_341' title='bbox 343 2952 502 2993; x_wconf 81' lang='lat' dir='ltr'>rionum.</span> <span class='ocrx_word' id='word_1_342' title='bbox 522 2945 717 2990; x_wconf 63' lang='lat' dir='ltr'>2Triremis</span> <span class='ocrx_word' id='word_1_343' title='bbox 736 2949 778 2987; x_wconf 89' lang='lat' dir='ltr'>in</span> <span class='ocrx_word' id='word_1_344' title='bbox 794 2959 873 3000; x_wconf 88' lang='lat' dir='ltr'>qua</span> <span class='ocrx_word' id='word_1_345' title='bbox 892 2956 1060 3000; x_wconf 88' lang='lat' dir='ltr'>quatuor</span> <span class='ocrx_word' id='word_1_346' title='bbox 1075 2943 1219 3000; x_wconf 79' lang='lat' dir='ltr'>figurae.</span> 
     </span>
    </p>
   </div>
   <div class='ocr_carea' id='block_1_15' title="bbox 233 3030 2343 3548">
    <p class='ocr_par' dir='ltr' id='par_1_15' title="bbox 233 3030 2343 3548">
     <span class='ocr_line' id='line_1_31' title="bbox 237 3030 2343 3095; baseline -0.004 -9"><span class='ocrx_word' id='word_1_347' title='bbox 237 3030 249 3037; x_wconf 5' lang='grc' dir='ltr'>’μ</span> <span class='ocrx_word' id='word_1_348' title='bbox 289 3044 407 3087; x_wconf 84' lang='lat' dir='ltr'>Hanc</span> <span class='ocrx_word' id='word_1_349' title='bbox 423 3042 569 3083; x_wconf 87' lang='lat' dir='ltr'>nummi</span> <span class='ocrx_word' id='word_1_350' title='bbox 586 3040 870 3095; x_wconf 82' lang='lat' dir='ltr'>inscriptionem</span> <span class='ocrx_word' id='word_1_351' title='bbox 887 3037 1122 3093; x_wconf 87' lang='lat' dir='ltr'>interpretati</span> <span class='ocrx_word' id='word_1_352' title='bbox 1141 3037 1289 3082; x_wconf 84' lang='lat' dir='ltr'>sumus,</span> <span class='ocrx_word' id='word_1_353' title='bbox 1319 3035 1474 3076; x_wconf 80' lang='lat' dir='ltr'>Colonia</span> <span class='ocrx_word' id='word_1_354' title='bbox 1490 3035 1607 3088; x_wconf 90' lang='lat' dir='ltr'>Julia</span> <span class='ocrx_word' id='word_1_355' title='bbox 1624 3035 1816 3090; x_wconf 86' lang='lat' dir='ltr'>Carthago</span> <span class='ocrx_word' id='word_1_356' title='bbox 1833 3034 2011 3090; x_wconf 88' lang='lat' dir='ltr'>Antiqua</span> <span class='ocrx_word' id='word_1_357' title='bbox 2034 3035 2208 3091; x_wconf 81' lang='lat' dir='ltr'>Augusta</span> <span class='ocrx_word' id='word_1_358' title='bbox 2231 3037 2343 3085; x_wconf 71' lang='lat' dir='ltr'>Pia,</span> 
     </span>
     <span class='ocr_line' id='line_1_32' title="bbox 233 3089 2342 3157; baseline -0.003 -16"><span class='ocrx_word' id='word_1_359' title='bbox 233 3104 392 3157; x_wconf 86' lang='lat' dir='ltr'>jamque</span> <span class='ocrx_word' id='word_1_360' title='bbox 412 3100 537 3153; x_wconf 81' lang='lat' dir='ltr'>plures</span> <span class='ocrx_word' id='word_1_361' title='bbox 555 3096 638 3151; x_wconf 85' lang='lat' dir='ltr'>ejus</span> <span class='ocrx_word' id='word_1_362' title='bbox 658 3096 762 3136; x_wconf 90' lang='lat' dir='ltr'>urbis</span> <span class='ocrx_word' id='word_1_363' title='bbox 777 3095 925 3135; x_wconf 89' lang='lat' dir='ltr'>nummi</span> <span class='ocrx_word' id='word_1_364' title='bbox 944 3107 1032 3134; x_wconf 89' lang='lat' dir='ltr'>cum</span> <span class='ocrx_word' id='word_1_365' title='bbox 1052 3091 1111 3134; x_wconf 88' lang='lat' dir='ltr'>his</span> <span class='ocrx_word' id='word_1_366' title='bbox 1125 3093 1257 3134; x_wconf 88' lang='lat' dir='ltr'>litteris</span> <span class='ocrx_word' id='word_1_367' title='bbox 1280 3107 1314 3133; x_wconf 90' lang='lat' dir='ltr'>c.</span> <span class='ocrx_word' id='word_1_368' title='bbox 1346 3106 1372 3132; x_wconf 87' lang='lat'>1.</span> <span class='ocrx_word' id='word_1_369' title='bbox 1407 3106 1442 3132; x_wconf 88' lang='lat' dir='ltr'>c.</span> <span class='ocrx_word' id='word_1_370' title='bbox 1474 3105 1516 3131; x_wconf 81' lang='lat' dir='ltr'>A.</span> <span class='ocrx_word' id='word_1_371' title='bbox 1537 3089 1781 3153; x_wconf 75' lang='lat' dir='ltr'>prodierunt,</span> <span class='ocrx_word' id='word_1_372' title='bbox 1811 3104 1910 3152; x_wconf 89' lang='lat' dir='ltr'>quos</span> <span class='ocrx_word' id='word_1_373' title='bbox 1934 3091 1973 3130; x_wconf 89' lang='lat' dir='ltr'>P.</span> <span class='ocrx_word' id='word_1_374' title='bbox 1990 3090 2113 3153; x_wconf 76' lang='lat' dir='ltr'>Hard.</span> <span class='ocrx_word' id='word_1_375' title='bbox 2133 3107 2170 3147; x_wconf 91' lang='lat' dir='ltr'>p.</span> <span class='ocrx_word' id='word_1_376' title='bbox 2195 3096 2282 3135; x_wconf 90' lang='lat'>108.</span> <span class='ocrx_word' id='word_1_377' title='bbox 2301 3097 2342 3134; x_wconf 88' lang='lat'>&amp;</span> 
     </span>
     <span class='ocr_line' id='line_1_33' title="bbox 243 3148 2339 3210; baseline -0.004 -11"><span class='ocrx_word' id='word_1_378' title='bbox 243 3173 331 3207; x_wconf 86' lang='lat'>109.</span> <span class='ocrx_word' id='word_1_379' title='bbox 351 3154 398 3197; x_wconf 92' lang='lat' dir='ltr'>ad</span> <span class='ocrx_word' id='word_1_380' title='bbox 417 3153 625 3195; x_wconf 88' lang='lat' dir='ltr'>Coloniam</span> <span class='ocrx_word' id='word_1_381' title='bbox 645 3150 965 3207; x_wconf 75' lang='lat' dir='ltr'>Caesaraugustam</span> <span class='ocrx_word' id='word_1_382' title='bbox 983 3159 1158 3195; x_wconf 87' lang='lat' dir='ltr'>revocat,</span> <span class='ocrx_word' id='word_1_383' title='bbox 1184 3152 1225 3191; x_wconf 68' lang='lat' dir='ltr'>z&amp;</span> <span class='ocrx_word' id='word_1_384' title='bbox 1244 3148 1317 3189; x_wconf 89' lang='lat' dir='ltr'>hos</span> <span class='ocrx_word' id='word_1_385' title='bbox 1333 3161 1455 3190; x_wconf 87' lang='lat' dir='ltr'>errare</span> <span class='ocrx_word' id='word_1_386' title='bbox 1468 3158 1634 3203; x_wconf 85' lang='lat' dir='ltr'>graviter</span> <span class='ocrx_word' id='word_1_387' title='bbox 1659 3158 1904 3200; x_wconf 88' lang='lat' dir='ltr'>pronuntiat,</span> <span class='ocrx_word' id='word_1_388' title='bbox 1932 3161 2001 3202; x_wconf 91' lang='lat' dir='ltr'>qui</span> <span class='ocrx_word' id='word_1_389' title='bbox 2024 3162 2093 3210; x_wconf 79' lang='lat' dir='ltr'>eos</span> <span class='ocrx_word' id='word_1_390' title='bbox 2116 3161 2339 3203; x_wconf 82' lang='lat' dir='ltr'>exponunt,</span> 
     </span>
     <span class='ocr_line' id='line_1_34' title="bbox 240 3202 2338 3264; baseline -0.002 -14"><span class='ocrx_word' id='word_1_391' title='bbox 240 3215 393 3255; x_wconf 65' lang='lat' dir='ltr'>calonia</span> <span class='ocrx_word' id='word_1_392' title='bbox 413 3210 606 3263; x_wconf 58' lang='lat' dir='ltr'>Carthago</span> <span class='ocrx_word' id='word_1_393' title='bbox 626 3209 798 3264; x_wconf 81' lang='lat' dir='ltr'>Antiqua</span> <span class='ocrx_word' id='word_1_394' title='bbox 815 3227 827 3254; x_wconf 62' lang='grc' dir='ltr'><strong>ς</strong></span> <span class='ocrx_word' id='word_1_395' title='bbox 857 3206 919 3246; x_wconf 90' lang='lat' dir='ltr'>sed</span> <span class='ocrx_word' id='word_1_396' title='bbox 940 3219 1034 3260; x_wconf 87' lang='lat' dir='ltr'>pace</span> <span class='ocrx_word' id='word_1_397' title='bbox 1051 3205 1146 3246; x_wconf 88' lang='lat' dir='ltr'>tanti</span> <span class='ocrx_word' id='word_1_398' title='bbox 1162 3204 1232 3244; x_wconf 88' lang='lat' dir='ltr'>viri</span> <span class='ocrx_word' id='word_1_399' title='bbox 1252 3204 1399 3244; x_wconf 90' lang='lat' dir='ltr'>nummi</span> <span class='ocrx_word' id='word_1_400' title='bbox 1418 3203 1611 3257; x_wconf 90' lang='lat' dir='ltr'>pertinent</span> <span class='ocrx_word' id='word_1_401' title='bbox 1634 3202 1684 3242; x_wconf 90' lang='lat' dir='ltr'>ad</span> <span class='ocrx_word' id='word_1_402' title='bbox 1716 3203 1990 3257; x_wconf 86' lang='lat' dir='ltr'>Carthaginem</span> <span class='ocrx_word' id='word_1_403' title='bbox 2010 3203 2167 3251; x_wconf 82' lang='lat' dir='ltr'>Afncae,</span> <span class='ocrx_word' id='word_1_404' title='bbox 2198 3217 2241 3246; x_wconf 90' lang='lat' dir='ltr'>ut</span> <span class='ocrx_word' id='word_1_405' title='bbox 2257 3205 2294 3244; x_wconf 90' lang='lat' dir='ltr'>se</span> <span class='ocrx_word' id='word_1_406' title='bbox 2315 3206 2338 3245; x_wconf 70' lang='lat' dir='ltr'>a</span> 
     </span>
     <span class='ocr_line' id='line_1_35' title="bbox 240 3254 2339 3322; baseline -0.002 -16"><span class='ocrx_word' id='word_1_407' title='bbox 240 3284 341 3312; x_wconf 68' lang='lat' dir='ltr'>noi-a</span> <span class='ocrx_word' id='word_1_408' title='bbox 359 3266 552 3319; x_wconf 77' lang='lat' dir='ltr'>Hispaniae</span> <span class='ocrx_word' id='word_1_409' title='bbox 571 3254 805 3319; x_wconf 82' lang='lat' dir='ltr'>Carthagine</span> <span class='ocrx_word' id='word_1_410' title='bbox 825 3262 1091 3317; x_wconf 85' lang='lat' dir='ltr'>distingueret,</span> <span class='ocrx_word' id='word_1_411' title='bbox 1120 3261 1302 3314; x_wconf 82' lang='lat' dir='ltr'>Antiquae</span> <span class='ocrx_word' id='word_1_412' title='bbox 1321 3259 1619 3314; x_wconf 85' lang='lat' dir='ltr'>appellationem</span> <span class='ocrx_word' id='word_1_413' title='bbox 1645 3257 1712 3298; x_wconf 81' lang='lat' dir='ltr'>sibi</span> <span class='ocrx_word' id='word_1_414' title='bbox 1735 3258 1891 3319; x_wconf 78' lang='lat' dir='ltr'>ascribit.</span> <span class='ocrx_word' id='word_1_415' title='bbox 1935 3259 2254 3321; x_wconf 30' lang='lat' dir='ltr'>Cartha&#39;goJuliae</span> <span class='ocrx_word' id='word_1_416' title='bbox 2267 3275 2339 3322; x_wconf 77' lang='lat' dir='ltr'>no-</span> 
     </span>
     <span class='ocr_line' id='line_1_36' title="bbox 242 3314 2338 3377; baseline -0.004 -13"><span class='ocrx_word' id='word_1_417' title='bbox 242 3339 329 3368; x_wconf 82' lang='lat' dir='ltr'>nien</span> <span class='ocrx_word' id='word_1_418' title='bbox 347 3322 518 3376; x_wconf 76' lang='lat' dir='ltr'>praefert‚</span> <span class='ocrx_word' id='word_1_419' title='bbox 547 3332 729 3373; x_wconf 85' lang='lat' dir='ltr'>tanquam</span> <span class='ocrx_word' id='word_1_420' title='bbox 749 3318 918 3359; x_wconf 89' lang='lat' dir='ltr'>Colonia</span> <span class='ocrx_word' id='word_1_421' title='bbox 935 3317 1071 3372; x_wconf 70' lang='lat' dir='ltr'>aJulio</span> <span class='ocrx_word' id='word_1_422' title='bbox 1088 3316 1260 3362; x_wconf 84' lang='lat' dir='ltr'>Caesare,</span> <span class='ocrx_word' id='word_1_423' title='bbox 1288 3326 1332 3356; x_wconf 92' lang='lat' dir='ltr'>ut</span> <span class='ocrx_word' id='word_1_424' title='bbox 1348 3328 1484 3355; x_wconf 91' lang='lat' dir='ltr'>omnes</span> <span class='ocrx_word' id='word_1_425' title='bbox 1500 3324 1663 3360; x_wconf 88' lang='lat' dir='ltr'>norunt,</span> <span class='ocrx_word' id='word_1_426' title='bbox 1690 3314 1904 3355; x_wconf 85' lang='lat' dir='ltr'>constituta.</span> <span class='ocrx_word' id='word_1_427' title='bbox 1934 3314 2059 3355; x_wconf 89' lang='lat' dir='ltr'>Navis</span> <span class='ocrx_word' id='word_1_428' title='bbox 2072 3330 2110 3355; x_wconf 92' lang='lat' dir='ltr'>in</span> <span class='ocrx_word' id='word_1_429' title='bbox 2124 3314 2338 3377; x_wconf 78' lang='lat' dir='ltr'>Trebonia-</span> 
     </span>
     <span class='ocr_line' id='line_1_37' title="bbox 244 3369 2338 3432; baseline -0.004 -13"><span class='ocrx_word' id='word_1_430' title='bbox 244 3396 282 3423; x_wconf 89' lang='lat' dir='ltr'>ni</span> <span class='ocrx_word' id='word_1_431' title='bbox 298 3393 456 3419; x_wconf 75' lang='lat' dir='ltr'>nummo</span> <span class='ocrx_word' id='word_1_432' title='bbox 472 3388 639 3430; x_wconf 79' lang='lat' dir='ltr'>quatuor</span> <span class='ocrx_word' id='word_1_433' title='bbox 659 3375 786 3430; x_wconf 83' lang='lat' dir='ltr'>figuris</span> <span class='ocrx_word' id='word_1_434' title='bbox 799 3375 819 3415; x_wconf 77' lang='lat' dir='ltr'>a</span> <span class='ocrx_word' id='word_1_435' title='bbox 832 3372 1198 3428; x_wconf 81' lang='lat' dir='ltr'>Carthaginenfibus</span> <span class='ocrx_word' id='word_1_436' title='bbox 1215 3370 1372 3424; x_wconf 86' lang='lat' dir='ltr'>scalpta,</span> <span class='ocrx_word' id='word_1_437' title='bbox 1403 3370 1450 3411; x_wconf 89' lang='lat' dir='ltr'>ad</span> <span class='ocrx_word' id='word_1_438' title='bbox 1472 3383 1664 3411; x_wconf 89' lang='lat' dir='ltr'>annonam</span> <span class='ocrx_word' id='word_1_439' title='bbox 1681 3369 1722 3409; x_wconf 89' lang='grc' dir='ltr'>Ρ.</span> <span class='ocrx_word' id='word_1_440' title='bbox 1734 3370 1918 3410; x_wconf 86' lang='lat' dir='ltr'>Romano</span> <span class='ocrx_word' id='word_1_441' title='bbox 1933 3370 1955 3410; x_wconf 74' lang='lat' dir='ltr'>a</span> <span class='ocrx_word' id='word_1_442' title='bbox 1968 3369 2083 3432; x_wconf 81' lang='lat' dir='ltr'>Gallo</span> <span class='ocrx_word' id='word_1_443' title='bbox 2100 3371 2338 3411; x_wconf 88' lang='lat' dir='ltr'>conciliatam</span> 
     </span>
     <span class='ocr_line' id='line_1_38' title="bbox 245 3425 2335 3491; baseline -0.003 -17"><span class='ocrx_word' id='word_1_444' title='bbox 245 3435 405 3491; x_wconf 54' lang='lat' dir='ltr'>spectat,</span> <span class='ocrx_word' id='word_1_445' title='bbox 432 3434 490 3473; x_wconf 84' lang='lat' dir='ltr'>ille</span> <span class='ocrx_word' id='word_1_446' title='bbox 506 3433 608 3472; x_wconf 86' lang='lat' dir='ltr'>enim</span> <span class='ocrx_word' id='word_1_447' title='bbox 627 3430 859 3471; x_wconf 79' lang='lat' dir='ltr'>frumentum</span> <span class='ocrx_word' id='word_1_448' title='bbox 879 3430 927 3470; x_wconf 88' lang='lat' dir='ltr'>ab</span> <span class='ocrx_word' id='word_1_449' title='bbox 947 3429 1084 3469; x_wconf 73' lang='lat' dir='ltr'>Africa:</span> <span class='ocrx_word' id='word_1_450' title='bbox 1102 3427 1256 3469; x_wconf 90' lang='lat' dir='ltr'>urbibus</span> <span class='ocrx_word' id='word_1_451' title='bbox 1273 3425 1476 3475; x_wconf 78' lang='lat' dir='ltr'>arceffivit,</span> <span class='ocrx_word' id='word_1_452' title='bbox 1505 3425 1610 3467; x_wconf 89' lang='lat' dir='ltr'>unde</span> <span class='ocrx_word' id='word_1_453' title='bbox 1629 3439 1778 3467; x_wconf 88' lang='lat' dir='ltr'>memor</span> <span class='ocrx_word' id='word_1_454' title='bbox 1793 3425 1974 3474; x_wconf 87' lang='lat' dir='ltr'>Senatus,</span> <span class='ocrx_word' id='word_1_455' title='bbox 2001 3439 2038 3468; x_wconf 90' lang='lat' dir='ltr'>ei</span> <span class='ocrx_word' id='word_1_456' title='bbox 2051 3439 2231 3469; x_wconf 88' lang='lat' dir='ltr'>nummos</span> <span class='ocrx_word' id='word_1_457' title='bbox 2246 3440 2335 3468; x_wconf 86' lang='lat' dir='ltr'>cum</span> 
     </span>
     <span class='ocr_line' id='line_1_39' title="bbox 247 3483 1069 3548; baseline -0.01 -17"><span class='ocrx_word' id='word_1_458' title='bbox 247 3487 454 3548; x_wconf 76' lang='lat' dir='ltr'>epigraphe</span> <span class='ocrx_word' id='word_1_459' title='bbox 477 3503 500 3528; x_wconf 80' lang='lat' dir='ltr'>A</span> <span class='ocrx_word' id='word_1_460' title='bbox 517 3502 543 3528; x_wconf 86' lang='lat' dir='ltr'>N</span> <span class='ocrx_word' id='word_1_461' title='bbox 560 3502 587 3528; x_wconf 86' lang='lat' dir='ltr'>N</span> <span class='ocrx_word' id='word_1_462' title='bbox 603 3502 629 3527; x_wconf 93' lang='grc' dir='ltr'>ο</span> <span class='ocrx_word' id='word_1_463' title='bbox 645 3500 670 3527; x_wconf 83' lang='lat' dir='ltr'>N</span> <span class='ocrx_word' id='word_1_464' title='bbox 686 3501 714 3526; x_wconf 89' lang='lat' dir='ltr'>A</span> <span class='ocrx_word' id='word_1_465' title='bbox 746 3500 772 3526; x_wconf 80' lang='lat' dir='ltr'>A</span> <span class='ocrx_word' id='word_1_466' title='bbox 788 3500 814 3527; x_wconf 89' lang='lat' dir='ltr'>v</span> <span class='ocrx_word' id='word_1_467' title='bbox 828 3499 868 3526; x_wconf 81' lang='lat' dir='ltr'>o.</span> <span class='ocrx_word' id='word_1_468' title='bbox 885 3483 1069 3540; x_wconf 87' lang='lat' dir='ltr'>percuffit.</span> 
     </span>
    </p>
   </div>
   <div class='ocr_carea' id='block_1_16' title="bbox 300 3574 1853 3635">
    <p class='ocr_par' dir='ltr' id='par_1_16' title="bbox 300 3574 1853 3635">
     <span class='ocr_line' id='line_1_40' title="bbox 300 3574 1853 3635; baseline -0.006 -9"><span class='ocrx_word' id='word_1_469' title='bbox 300 3585 384 3629; x_wconf 90' lang='lat' dir='ltr'>Hic</span> <span class='ocrx_word' id='word_1_470' title='bbox 399 3595 569 3624; x_wconf 84' lang='lat' dir='ltr'>nummus</span> <span class='ocrx_word' id='word_1_471' title='bbox 585 3582 732 3624; x_wconf 86' lang='lat' dir='ltr'>minimi</span> <span class='ocrx_word' id='word_1_472' title='bbox 746 3579 887 3623; x_wconf 89' lang='lat' dir='ltr'>moduli</span> <span class='ocrx_word' id='word_1_473' title='bbox 900 3580 1184 3635; x_wconf 84' lang='lat' dir='ltr'>integerrimus,</span> <span class='ocrx_word' id='word_1_474' title='bbox 1209 3591 1257 3618; x_wconf 85' lang='lat' dir='ltr'>ex</span> <span class='ocrx_word' id='word_1_475' title='bbox 1273 3576 1393 3629; x_wconf 72' lang='lat' dir='ltr'>musto</span> <span class='ocrx_word' id='word_1_476' title='bbox 1413 3576 1553 3632; x_wconf 87' lang='lat' dir='ltr'>nostro,</span> <span class='ocrx_word' id='word_1_477' title='bbox 1579 3574 1781 3628; x_wconf 60' lang='lat' dir='ltr'>rartjffimus</span> <span class='ocrx_word' id='word_1_478' title='bbox 1795 3574 1853 3625; x_wconf 78' lang='lat' dir='ltr'>est.</span> 
     </span>
    </p>
   </div>
   <div class='ocr_carea' id='block_1_17' title="bbox 2384 0 2491 3258">
    <p class='ocr_par' dir='ltr' id='par_1_17' title="bbox 2384 0 2491 3258">
     <span class='ocr_line' id='line_1_41' title="bbox 2384 0 2491 3258; baseline 0 0"><span class='ocrx_word' id='word_1_479' title='bbox 2384 0 2491 3258; x_wconf 95' lang='lat' dir='ltr'> </span> 
     </span>
    </p>
   </div>
  </div>
 </body>
</html>
