2491 4219
253 187 348 232 10‘4
823 176 1172 227 ΑΝΝῙΑ
1254 179 1826 232 ΡΑΠὸΤῙΝΑᾸ

281 241 640 302 ⁸Ptolemaidenses,3
669 254 712 285 ut
727 245 788 285 alii
801 245 1010 286 Phoenic-iae
1021 246 1192 292 Coloni,
1222 246 1413 301 Elagabali
1429 250 1581 296 devoti,
1610 250 1693 304 ejus
1706 262 1842 291 uxores
1857 258 2040 304 tanquam
2057 250 2159 292 urbis
2173 251 2247 302 suae
2259 255 2340 297 Ge-

251 309 336 358 nios
349 296 417 337 sub
435 297 615 338 Fortuna:
632 298 758 353 effigie
777 301 815 339 in
835 301 1001 340 nummis
1018 300 1273 341 exhibuerunt
1288 329 1299 348 ,
1328 316 1445 356 quam
1469 319 1541 358 pro
1559 306 1707 347 tutelari
1731 306 1817 345 Dea
1843 305 2030 347 colebant.
2062 306 2138 347 *Illa
2162 301 2342 363 frequens

252 360 292 391 sn
310 352 552 399 1is÷0ccr1rrit,
577 352 644 413 scu
663 353 760 399 sola,
788 355 852 394 seu
874 355 913 394 in
931 356 1096 409 templo·‚
1124 354 1190 395 sed
1207 355 1269 396 hic
1285 371 1465 398 nummus
1479 359 1521 398 id
1537 374 1656 401 unum
1674 361 1858 415 singulare
1875 360 2011 406 habet,
2040 361 2151 414 quod
2169 362 2341 406 Victori-'a

248 405 438 447 columnae
454 409 628 460 impolita
644 435 656 454 ,
684 409 716 448 F
719 420 864 450 ortuna:
881 423 923 450 ut
945 410 1103 451 Astartae
1120 424 1302 452 coronam
1323 413 1494 467 porrigat
1508 440 1520 460 ,
1548 419 1588 454 &
1607 416 1772 456 nostram
1790 415 2010 456 sententiam
2029 417 2080 456 de
2098 417 2169 458 hac
2184 415 2341 460 viftoria

245 474 328 500 non
349 462 398 502 ad
415 462 691 515 Imperatorem
710 464 903 517 speetante
921 491 932 509 ,
959 465 1024 505 sed
1046 465 1095 506 ad
1118 465 1276 519 antiqua
1294 467 1525 508 Phoenicum
1545 482 1614 522 per
1633 482 1759 511 toturn
1776 471 1926 511 Orbem
1952 471 2050 512 bello
2073 484 2179 526 parta
2202 474 2340 515 confir-

247 529 345 562 mat,
375 530 470 569 nam,
480 517 541 557 illa
557 532 687 560 comes
703 520 884 562 omnibus
895 520 1100 561 Phoeniciae
1114 521 1501 571 urbium'tutelaribus
1515 526 1736 573 numinibus
1753 525 1964 567 adhibetur.
1995 526 2206 568 Fortu-nam
2223 529 2341 571 Lace-

242 570 425 612 daemonii
442 572 596 613 admota
613 588 727 615 manu
743 576 995 622 invocabant,
1023 576 1063 616 id
1083 575 1358 630 significantes,
1386 576 1437 617 fic
1453 578 1613 632 quidem
1633 580 1738 621 Deos
1753 582 1919 623 invocari
1936 573 2095 630 debere,
2113 574 2167 624 >ut
2181 582 2337 627 fimul&

244 640 317 666 nos
333 641 492 681 quoque
509 629 676 670 nostram
697 629 883 672 addamus
898 645 1055 686 operam
1067 658 1081 679 ,
1109 632 1252 687 alioqui
1268 633 1394 674 nostra
1411 632 1545 676 frustra
1561 635 1635 677 esse
1650 648 1748 678 vota.

297 703 381 744 Hic
397 719 570 747 nummus
583 707 856 762 mediaefh-rmae
872 709 1074 762 rariffi‘mus
1090 707 1137 754 ὠ
1143 711 1467 765 praestantiffi'mus
1480 712 1540 765 cst.

1074 812 1506 857 SIDON„

246 1416 432 1444 ANN1A
466 1416 756 1443 FAVSTINA
791 1417 913 1444 Ave.
949 1396 1453 1458 CaputAnniaeFaustinae.
2055 1432 2059 1439 =
2244 1443 2327 1458 „s

299 1473 408 1499 cor„
438 1472 474 1498 M
486 1473 510 1498 E
524 1473 548 1498 T
563 1473 608 1499 R.
637 1473 656 1499 s
671 1473 685 1499 1
698 1474 734 1499 D.
771 1459 928 1500 Colonia
945 1460 1166 1514 Metropolis
1182 1459 1309 1500 Sidon.
1354 1460 1533 1499 Colonus
1559 1457 1692 1498 dextra
1720 1455 1898 1497 baculum
1920 1470 2037 1514 agens
2061 1456 2180 1498 boves
2196 1484 2210 1506 ,
2236 1468 2342 1515 pone

353 1522 453 1568 quos
471 1513 648 1554 vexillum
671 1514 709 1554 in
727 1529 809 1569 quo
837 1529 865 1555 L
876 1529 900 1554 E
914 1528 954 1554 G.
990 1529 1005 1554 1
1023 1528 1039 1556 1
1059 1529 1091 1555 1.
1121 1529 1144 1554 Ρ
1158 1529 1184 1554 A
1199 1529 1242 1555 R
1272 1514 1392 1570 Legio
1405 1513 1537 1554 Tertia
1554 1512 1758 1553 Parthica.

295 1591 442 1632 Sidonii
459 1590 730 1633 beneficiorum
747 1592 939 1647 Elagabali
953 1605 1162 1638 memores,
1191 1605 1372 1633 nummos
1387 1591 1503 1647 ipfius
1520 1591 1721 1637 uxoribus,
1749 1579 1814 1632 sed
1829 1585 2032 1644 praesertim
2047 1585 2184 1632 An'niae
2199 1586 2233 1632 F
2234 1580 2345 1633 au'ffi‘-

241 1659 302 1686 nae
322 1646 591 1700 percusserunt.
627 1647 674 1687 In
700 1649 776 1688 hoc
793 1648 971 1688 Colonus
984 1648 1066 1702 -agit
1081 1648 1200 1688 boves
1218 1648 1256 1687 in
1270 1648 1498 1688 >memoriam
1514 1646 1747 1688 fundationis
1765 1647 1942 1687 Coloniae
1958 1648 1980 1686 a
1995 1646 2345 1688 munificentissimo

239 1701 501 1756 Imperatore,
528 1702 597 1755 qui
612 1703 727 1743 etiam
742 1703 841 1743 illam
860 1703 1117 1757 Metropolim
1135 1703 1344 1745 Phoeniciae
1363 1703 1648 1757 pronunciavit,
1664 1701 1785 1743 ablata
1802 1702 1906 1756 prius
1920 1701 1941 1755 (
1951 1714 1992 1742 ut
2009 1702 2179 1756 suspicati
2193 1700 2344 1755 sumus)

240 1757 352 1812 Tyro
371 1757 576 1812 dignitate,
603 1757 693 1799 licet
711 1758 781 1813 ipfi
800 1758 956 1799 tandem
971 1759 1140 1800 restituta
1154 1758 1289 1806 fuerit,
1316 1759 1366 1799 ad
1384 1757 1604 1812 exemplum
1622 1757 1840 1798 Antiochiae
1856 1757 1924 1797 sub
1940 1758 2091 1798 Severo.
2108 1765 2134 1798 ‘L
2145 1772 2168 1797 E
2180 1770 2220 1798 G.
2255 1772 2270 1798 1
2282 1772 2298 1798 1
2309 1772 2343 1798 1.

242 1826 265 1852 Ρ
281 1826 307 1852 Α
322 1827 366 1852 R.
387 1813 519 1853 titulus
534 1813 574 1852 in
593 1813 734 1854 vexillo
754 1813 934 1869 scriptus,
961 1828 1106 1854 nomen
1129 1814 1183 1855 est
1205 1815 1409 1871 Legionis,
1435 1827 1483 1854 ex
1508 1827 1586 1868 qua
1609 1813 1778 1854 veterani
1793 1810 1930 1852 milites
1945 1811 2129 1868 Sidonem
2145 1812 2193 1852 ab
2210 1813 2345 1868 Elaga-

237 1868 329 1908 balo
344 1866 541 1908 transmiffi
553 1867 648 1909 sunt.
679 1869 838 1924 Septim.
853 1871 1038 1917 Severus,
1058 1871 1148 1920 cum
1165 1871 1334 1911 motibus
1349 1869 1522 1910 civilibus
1537 1880 1674 1909 contra
1684 1867 1934 1908 Pescennium
1944 1871 1983 1908 &
1994 1867 2176 1908 Albinum
2191 1868 2344 1922 plurimi

239 1923 379 1964 milites
399 1924 520 1964 essent
535 1924 712 1971 extincti,
743 1929 782 1965 ὅτ
803 1925 944 1966 bellum
961 1927 1096 1966 co'ntra
1110 1924 1274 1966 Parthos
1288 1924 1490 1965 bellicosos
1509 1924 1678 1979 populos
1701 1932 1834 1979 gerere
1860 1922 2108 1970 decrevisset,
2129 1924 2206 1964 tres
2223 1935 2346 1964 novas

239 1979 433 2034 Legiones
450 1979 632 2026 instituit,
661 1993 779 2033 quas,
807 1992 850 2021 ut
873 1981 919 2021 iis
945 1982 1118 2020 animum
1142 1979 1323 2027 adderet,
1352 1979 1459 2034 quafi
1484 1980 1563 2033 jam
1588 1980 1643 2027 de
1661 1979 1834 2020 hostibus
1859 1978 2056 2019 victoriam
2075 1977 2346 2032 reportassent,

240 2034 459 2074 Parthicas
478 2034 684 2088 appellavit
702 2050 709 2074 :
739 2035 839 2076 bello
856 2047 985 2076 autem
1002 2035 1162 2077 feliciter
1178 2035 1380 2082 confecto,
1406 2035 1570 2089 primam
1587 2038 1626 2075 &
1646 2036 1793 2076 tertiam
1811 2035 1849 2073 in
1874 2033 2160 2087 Mesopotamia
2173 2032 2346 2089 hiemare

241 2088 386 2135 voluit,
415 2100 459 2129 ut
479 2089 518 2128 in
535 2089 741 2143 Elagabalo
757 2090 924 2131 diximus
943 2104 1031 2146 pag.
1057 2093 1148 2132 128.
1188 2091 1247 2132 Ex
1265 2091 1340 2131 hac
1359 2091 1463 2131 enim
1486 2092 1576 2131 cum
1594 2090 1746 2144 plurimi
1765 2089 1902 2130 milites
1920 2089 2039 2130 essent
2057 2088 2247 2136 veterani,
2275 2088 2346 2130 'eos

239 2143 469 2241 {Elagabalus
494 2144 536 2184 in
561 2143 773 2186 Coloniam
800 2145 824 2186 a
851 2145 890 2186 se
919 2146 1166 2186 constitutam
1189 2160 1270 2187 non
1292 2145 1458 2187 multum
1483 2147 1532 2187 ab
1552 2146 1804 2187 hibernorum
1819 2144 1907 2185 loco
1924 2154 2112 2188 remotam
2129 2143 2254 2187 locare
2274 2144 2345 2188 ’νὀ·

255 2210 323 2241 ult.
1384 2227 1387 2229 ·

297 2277 380 2320 Hic
392 2278 567 2320 nummus
583 2277 778 2319 mediocris
791 2276 934 2318 moduli
948 2278 1212 2333 integerrimus
1221 2302 1235 2325 ,
1261 2277 1412 2320 eximiae
1430 2278 1607 2318 raritatis
1623 2277 1673 2331 ‘st
1688 2275 1737 2322 ὄπ’
1753 2265 1958 2333 eleganiiae.

300 2864 337 2895 c.
368 2866 410 2892 A.
440 2856 461 2890 ι’
476 2861 499 2890 1.
536 2863 660 2890 MET.
692 2862 710 2889 s
726 2862 791 2889 m.
819 2848 974 2890 Colonia
990 2828 1154 2890 Attressia
1171 2849 1254 2890 Pia
1271 2846 1495 2903 Metropolis
1514 2846 1641 2889 Sidon.
1670 2846 1796 2890 Variae
1811 2845 1898 2888 sunt
1912 2845 2184 2901 instriptioneS.
2218 2843 2342 2904 Euro'Q,

353 2919 403 2961 pa
417 2917 525 2947 tauro
542 2906 669 2952 vecta,
698 2904 855 2959 peplum
873 2905 1049 2945 manibus
1065 2917 1208 2945 tenens.

297 2984 476 3038 Plerique
500 2983 644 3023 Coloni
667 2983 755 3022 cum
772 2982 954 3038 Augustis
971 2981 1140 3021 foeminis
1156 2984 1336 3025 nummos
1354 2981 1440 3022 suos
1458 2982 1743 3028 consecrarunt,
1770 2981 1875 3021 Deas
1890 2981 1953 3021 seu
1970 2980 2163 3022 Hero'inas
2179 2981 2262 3024 suas
2281 2991 2340 3025 re'-

242 3041 466 3092 praesentare
486 3038 527 3078 'in
549 3039 594 3077 iis
613 3038 915 3084 consueverunt,
943 3036 1092 3077 Sidonii
1114 3036 1154 3075 in
1179 3036 1256 3076 hoe
1273 3047 1369 3089 typo
1387 3036 1582 3088 Europam
1602 3037 1792 3092 Agenoris
1811 3036 2017 3076 Phoeniciae
2033 3036 2265 3078 vetustiffimi
2283 3039 2340 3081 sui

245 3095 367 3151 Regis
385 3094 500 3134 filiam
518 3093 701 3133 exhibent
720 3108 728 3132 z
756 3092 838 3132 haec
855 3104 984 3132 autem
1004 3091 1105 3132 adeo
1120 3090 1285 3131 formosa
1304 3090 1413 3130 fuisse
1431 3090 1673 3143 perhibetur,
1700 3103 1743 3132 ut
1760 3091 1914 3146 Jupiter
1933 3091 2016 3145 ejus
2034 3105 2165 3134 amore
2182 3105 2338 3149 captuss

245 3148 311 3190 sub
327 3150 423 3191 tauri
443 3148 562 3204 figura
583 3147 870 3189 'transformatus
890 3148 990 3187 illam
1008 3147 1183 3200 rapuerit.
1223 3146 1265 3186 N
1270 3159 1396 3186 onnus
1414 3145 1571 3200 Dionys
1587 3146 1647 3186 lib.
1671 3159 1703 3186 1.

577 3203 710 3237 Ολκοὶδοο
723 3207 821 3248 ταῦρον
837 3203 949 3248 ἔχεσκε,
975 3202 1132 3246 βοοςόλῷ·
1150 3202 1240 3237 ἔπλεε
1254 3200 1366 3247 νύμφη.

573 3251 728 3291 Navim
747 3252 914 3291 Taurum
933 3251 1074 3292 habens
1082 3277 1098 3296 ,
1123 3249 1147 3290 ὰ
1166 3250 1259 3289 bove
1268 3258 1426 3303 portata
1443 3248 1658 3305 navigabat
1677 3249 1870 3306 Asympha.
2232 3289 2233 3292 ,

245 3305 447 3348 Theocriti
463 3306 689 3347 Scholiastes
705 3307 869 3361 puellam
888 3310 1045 3347 nomine
1066 3305 1238 3361 Angelo,
1268 3305 1371 3358 Iovis
1387 3308 1424 3345 ὃ(
1444 3305 1604 3358 'lunonis
1620 3305 1754 3353 filiam,
1784 3305 1892 3346 matri
1921 3305 2161 3361 pigmentum
2183 3302 2338 3361 subrepss

246 3372 329 3402 tum
340 3388 350 3407 ,
379 3363 545 3415 Europa:
561 3362 705 3403 dedisse
721 3374 847 3403 narrat
867 3363 975 3416 Idyll.
996 3377 1030 3402 2.
1059 3368 1176 3407 Κλὲψοοι
1193 3365 1222 3400 w*
1237 3365 1265 3401 αἳ
1281 3373 1367 3411 Ηρρις
1382 3365 1483 3412 μύρου,
1498 3365 1520 3400 ὦ
1534 3365 1563 3400 τὸ
1579 3365 1730 3408 ωσωπυν
1746 3368 1838 3401 αότῆς
1853 3363 1932 3405 αἶθον
1950 3364 1992 3399 [αῖ
2005 3364 2156 3416 Raphon
2171 3392 2181 3406 ‚
2207 3367 2232 3415 ἢ,
2249 3368 2335 3405 &iim

250 3421 366 3466 ευρώπῃ
383 3426 419 3467 τῇ
434 3426 552 3460 sporn&
570 3421 698 3466 ᾖύρατςι.
726 3418 895 3471 Junonis
909 3420 1146 3472 pegmentum
1156 3418 1396 3473 sitrriputffe,
1425 3433 1496 3474 quo
1511 3419 1697 3473 peruncJa
1706 3418 1832 3471 faciei
1835 3416 2070 3470 splendorem
2088 3417 2336 3467 conciliabat,

249 3473 298 3518 ὠ»
327 3473 485 3526 Europae
515 3474 620 3526 cledis
632 3489 650 3514 e
679 3474 879 3514 Phoenicis
891 3472 999 3525 filice.
1038 3474 1183 3514 Sidonii
1207 3487 1276 3528 per
1294 3475 1462 3529 Europae
1481 3486 1634 3528 raptum
1650 3473 1703 3513 ob
1721 3473 1898 3513 eximiam
1919 3473 2001 3526 ejus
2020 3471 2179 3513 formam
2195 3474 2216 3512 ὲ
2242 3474 2336 3526 Jove

248 3528 507 3573 commistum,
538 3529 662 3570 fotian
676 3530 952 3585 Imperatorem
978 3529 1154 3570 excusare
1177 3529 1401 3577 voluerunt,
1428 3529 1538 3583 qiiod
1565 3528 1784 3583 Pomponio
1813 3527 1924 3567 Baffo
1948 3541 2104 3568 uxorem
2128 3528 2335 3582 pulcherri-

249 3598 352 3625 mam
375 3583 575 3624 abstuliffet
600 3604 611 3630 5
639 3585 699 3625 vel
723 3585 855 3638 potius
878 3584 1074 3639 Europam
1098 3585 1251 3641 egregia
1277 3584 1400 3626 forma
1425 3585 1469 3629 N
1472 3584 1656 3640 ympham
1682 3585 1722 3625 in
1749 3596 1910 3625 nummo
1937 3581 2130 3637 fignarunt
2144 3610 2157 3630 ,
2193 3585 2333 3627 Anniae‘

248 3639 437 3682 Faustinae
454 3638 726 3692 pulchritudini
743 3639 962 3681 alludentes.

301 3717 385 3759 Hic
399 3729 571 3759 nummus
586 3717 888 3770 minimaeformae
903 3717 1103 3769 roriffimus
1118 3717 1176 3770 est.

2212 3978 2328 4049 soh-T

2478 2461 2482 2469 .
2443 2337 2489 2447 xglfflc:
