2491 4219
214 182 308 223 114

220 802 249 829 A
260 798 287 826 r
298 801 333 828 τ.
363 803 390 829 κ
405 803 432 829 A
445 803 472 830 ι.
504 803 555 850 ¹2²¹·
588 802 615 829 A
627 800 698 829 rt».
731 803 754 829 c
769 803 802 829 E.
833 802 861 828 A
876 800 903 826 Λ
916 802 940 827 r,
953 801 1011 829 ΞΑ
1024 803 1091 831 NA
1102 804 1123 830 P
1137 804 1163 830 o
1176 804 1211 831 c.
1243 805 1267 832 c
1279 806 1303 831 E
1314 806 1350 831 B.
1386 791 1522 844 Caput
1541 787 1647 829 Alex.
1664 787 1792 830 Severi
1809 787 2033 830 laureatum.
2361 827 2363 834 ,
2403 816 2410 835 ;

273 857 297 883 A
307 855 388 884 Nri
400 858 424 884 o
436 858 460 885 x
470 857 488 884 ε
497 858 571 884 ΩΝ.
601 858 634 883 M
645 856 668 882 H
678 857 701 882 τ
710 857 727 883 Ρ
738 858 776 884 o.
801 857 827 884 K
839 857 863 883 0
875 856 900 883 A
910 856 936 882 o
948 857 986 884 N.
1018 846 1145 886 Variae
1162 850 1249 886 lunt
1265 846 1486 900 epigraphe.
1519 851 1676 895 Ανποχέων
1694 849 1902 890 Μητςοπέλεως
1916 853 2072 889 κολωνία,
2101 845 2142 882 &
2153 858 2232 887 non
2244 857 2341 886 uno*
2422 838 2426 859 ἶ

332 903 451 944 verbo
477 913 639 941 MH-ri‘o
665 909 826 944 Romulae,
857 914 899 944 ut
924 901 1047 942 scribit
1071 901 1143 955 Eq.
1173 901 1330 942 Patinus
1358 902 1401 940 in·
1421 900 1538 942 Thes.
1559 902 1802 944 Mauroceno
1819 917 1906 958 pag.
1931 917 2020 957 134.
2049 901 2184 957 Caput
2201 901 2335 943 mulie·

331 957 398 999 bre
416 960 592 1001 turritum
611 963 650 999 δε
669 959 859 1006 velatum,
889 957 998 1012 supra
1019 957 1129 1011 quod
1147 958 1188 996 in
1204 957 1347 998 vertice
1363 958 1514 998 nummi
1533 958 1666 999 Aries(
1682 959 1728 999 In
1749 973 1834 1000 area
1853 973 1886 999 s.
1910 973 1946 1000 c.
1965 973 2000 999 Δ.
2020 972 2056 998 E.
2387 949 2410 959 ”

220 1088 228 1094 ι
274 1034 430 1078 Plurimi
446 1038 595 1078 nummi
615 1038 655 1077 in
676 1037 885 1078 Alexandri
902 1038 1030 1078 Severi
1046 1037 1237 1077 honorem
1255 1036 1304 1077 ab
1329 1036 1659 1078 Antiochensibus
1684 1036 1842 1092 percusfi
1865 1048 2092 1084 occurrunt,
2121 1036 2198 1078 sive
2223 1033 2338 1090 quod
2382 1034 2402 1072 Γ

217 1088 280 1130 ι116
296 1091 532 1147 Imperator,
561 1094 677 1148 Syrus
694 1094 806 1139 estet,
838 1092 914 1134 sive
930 1093 1042 1147 quod
1061 1092 1246 1133 beneficia
1267 1093 1485 1133 Antiochia:
1506 1093 1747 1140 contulliset,
1775 1093 1862 1134 sive'
1876 1093 1929 1134 ob
1953 1094 2038 1147 ejus
2064 1093 2102 1133 in
2130 1091 2263 1133 urbem
2283 1091 2340 1132 in·
2420 1124 2421 1127 ,

218 1147 385 1200 gressum
406 1149 500 1190 dum
517 1162 650 1190 contra
667 1149 828 1190 Parthos
847 1149 987 1190 bellum
1007 1147 1188 1204 suscepit,
1215 1148 1325 1200 cujus
1347 1148 1520 1190 meminit
1538 1149 1788 1190 Herodianus
1807 1150 1866 1190 lib.
1886 1156 1922 1190 6.
1944 1164 2028 1205 pag.
2052 1162 2141 1201 579.
2169 1150 2294 1191 Πλείςην
2307 1163 2339 1186 π

221 1205 356 1253 sudam
372 1210 503 1252 κᾴκεῖθεν
518 1211 666 1257 ἁθροίσας
688 1213 714 1244 ἐς
731 1207 784 1243 αἰαὶ
801 1208 971 1255 Αντιόχωω
987 1211 1128 1250 ἀφίκετο.
1164 1205 1326 1259 Magnis
1349 1204 1437 1244 inde
1461 1205 1613 1245 viribus
1636 1205 1825 1252 collectis,
1855 1206 2106 1245 Antiochiam
2130 1202 2341 1246 contendit;
2412 1239 2415 1246 .

219 1261 267 1301 In
296 1261 397 1303 hanc
423 1264 539 1305 etiam
567 1265 701 1305 urbem
730 1263 915 1304 confe&o
939 1263 1040 1303 bello
1063 1263 1169 1302 illum
1186 1257 1335 1301 rediisse
1352 1273 1479 1302 narrat
1497 1261 1740 1313 Lampridius
1756 1263 1794 1301 in
1813 1262 1897 1314 ejus
1915 1262 2004 1302 vita.
2047 1259 2146 1314 Fuso
2161 1261 2342 1316 denique,
2402 1264 2415 1284 ’·

170 1335 176 1344 ·
206 1316 429 1380 fugatoque
442 1328 554 1359 tanto
571 1321 676 1376 Rege
689 1351 775 1360 .....
787 1318 928 1371 statim
945 1319 1196 1359 Antiochiam
1212 1318 1335 1357 rediit.
1366 1317 1502 1370 Caput
1519 1318 1695 1358 turritum
1715 1321 1753 1357 &
1769 1318 1959 1363 velatum,
1978 1309 2129 1357 Genius
2145 1316 2199 1358 est
2216 1315 2341 1362 urbis,
2393 1316 2427 1371 ᾖ.

219 1386 440 1430 principum
468 1376 667 1430 civitatum
691 1374 852 1429 insigne.
889 1375 1000 1415 Aries
1026 1375 1066 1415 in
1090 1374 1254 1421 vertice,
1284 1372 1568 1415 Antiochenses
1590 1387 1736 1415 annum
1760 1373 1829 1415 sub
1845 1373 1924 1415 hoc
1940 1371 2156 1421 inchoasse,
2184 1382 2228 1413 ut
2242 1371 2341 1426 saepe
2401 1407 2406 1414 ,

220 1428 409 1478 diximus,
439 1431 612 1474 denotat.

276 1509 362 1550 Hic
377 1524 551 1552 nummus
564 1511 721 1568 majoris
732 1509 866 1564 formae
868 1509 1057 1565 frequens
1075 1507 1123 1552 ἔφ’
1139 1508 1287 1550 obvius.

1033 1594 1545 1639 BOSTRA.

227 2153 293 2182 1M
306 2153 338 2180 Ρ.
370 2151 394 2178 c
406 2150 433 2176 A
446 2149 470 2175 Ε
484 2147 518 2175 s.
551 2147 570 2174 s
585 2147 608 2173 r,
621 2146 663 2173 v.
696 2145 722 2172 A
737 2145 763 2173 L
774 2146 800 2172 E
813 2146 839 2172 x
854 2145 879 2172 A
894 2145 976 2172 Nn.
1010 2144 1036 2171 A
1051 2144 1079 2171 v
1091 2143 1134 2171 G.
1172 2129 1310 2184 Caput
1326 2128 1436 2170 Alex.
1454 2128 1588 2182 Severi
1607 2128 1833 2172 laureatum·

286 2210 310 2236 c
322 2208 348 2235 o
361 2208 386 2234 L
398 2206 425 2232 o
439 2205 467 2232 N
483 2187 539 2230 ιἈ
574 2203 596 2229 Β
607 2203 633 2228 o
648 2201 666 2228 s
682 2202 706 2227 T
721 2201 751 2228 R
767 2201 806 2227 A.
845 2187 978 2242 Caput
989 2185 1101 2239 Jovis
1122 2185 1349 2225 Ammoni&

283 2273 419 2315 Bostra
436 2270 526 2310 urbs
546 2266 695 2308 Arabiae
714 2267 887 2313 Petraeae,
904 2279 1021 2320 quam
1040 2261 1234 2315 Trajanus
1251 2276 1320 2316 per
1338 2261 1507 2302 Palmam
1525 2262 1642 2318 Syriae
1658 2261 1886 2303 Praefeaum
1903 2259 1998 2316 Pop.
2017 2259 2208 2302 Romano
2222 2261 2355 2316 acqui·
2412 2247 2440 2262 ·.

229 2330 337 2376 fiVlt,
366 2329 416 2368 de
435 2339 514 2380 qua
532 2325 612 2363 Dio
628 2323 693 2362 llb.
715 2325 780 2363 68.
804 2336 890 2376 pag.
912 2333 1002 2373 777.
1033 2321 1118 2356 Κατοέ
1143 2321 1161 2366 {j
1183 2321 1203 2354 ’ἳ-
1225 2322 1311 2356 οἱυτδν
1333 2325 1416 2355 τέπν
1432 2320 1536 2370 χςᾶνον
1552 2325 1577 2370 >3⁸5
1596 2321 1730 2367 Ποίλμαε
1746 2326 1797 2358 τῆς
1815 2322 1928 2363 zuffl'aa
1945 2320 2048 2369 οἶςχων
2065 2320 2119 2356 σία)
2137 2323 2279 2368 quCiow
2297 2320 2372 2357 τω·
2420 2307 2435 2361 i,

231 2392 313 2433 w,
329 2393 366 2435 τῇ
380 2389 483 2429 rima
498 2383 682 2430 ὲχκρῶπιπ,
705 2385 729 2433 2}
748 2385 885 2427 Ῥωμαίων
899 2379 1042 2419 ἀπήμων
1058 2378 1211 2417 ἐποιήσατο.
1254 2375 1338 2414 ‘Per
1356 2374 1402 2414 id
1414 2383 1560 2428 tempus
1578 2373 1723 2414 ‘Palma
1744 2374 1965 2423 ‘Praefectus
1985 2375 2122 2425 Syriae,
2151 2377 2250 2429 cepit
2271 2387 2357 2416 eam

231 2444 390 2484 Arabiae
410 2448 692 2493 partem,lquae
718 2435 884 2474 Petram
907 2433 1094 2487 attingit,
1123 2430 1338 2486 redegitque
1363 2431 1404 2470 in
1428 2429 1611 2470 ditionem
1636 2429 1781 2484 ‘Populi
1808 2430 1987 2470 Romani.
2026 2430 2158 2471 Bostra
2175 2431 2223 2471 ab
2243 2430 2356 2471 Alex.

229 2498 376 2539 Severo
393 2495 560 2535 dedusta
578 2493 633 2533 est
652 2490 840 2536 Colonia,
871 2500 912 2530 ut
928 2487 1028 2529 infra
1045 2486 1294 2528 ostendemus
1312 2501 1320 2526 :
1348 2498 1444 2540 ergo
1460 2485 1497 2524 Ρ.
1517 2485 1745 2526 Harduinus
1763 2500 1848 2541 pag.
1869 2488 1932 2533 98.
1953 2499 2156 2526 nummum
2173 2499 2261 2529 cum
2282 2485 2356 2527 hac

230 2552 465 2609 epigraphe,
497 2564 520 2589 c
532 2564 559 2589 o
574 2564 611 2589 L.
645 2561 683 2588 F.
714 2561 773 2586 Bo
785 2559 803 2584 s
819 2560 842 2586 T
855 2559 886 2586 R
902 2559 939 2584 Α.
974 2557 999 2584 Α
1016 2559 1041 2584 L
1054 2558 1077 2583 E
1089 2557 1114 2583 x
1131 2559 1152 2583 A
1170 2557 1199 2582 N
1212 2557 1250 2583 D.
1284 2543 1451 2595 Aquiliae
1469 2542 1619 2582 Sevcrae
1635 2554 1838 2595 perperam
1857 2542 2010 2587 tribuit,
2039 2541 2100 2581 ille
2126 2542 2164 2582 in
2181 2540 2356 2582 Thesau-

230 2624 276 2650 ro
307 2608 437 2663 Regio
464 2617 664 2658 nunquam
688 2603 824 2643 extitit.
861 2600 1014 2655 Jupiter
1040 2613 1160 2640 cornu
1185 2598 1347 2639 arietino
1371 2609 1549 2643 ornatus,
1579 2609 1739 2637 vocatur
1772 2600 1967 2644 Ammon,
1996 2597 2107 2651 quod
2135 2597 2203 2637 sub
2230 2595 2356 2651 specie

231 2666 357 2705 arietis
373 2664 499 2704 cultus
520 2660 586 2704 sit,
618 2659 666 2700 sic
683 2658 828 2704 dietus,
858 2656 967 2712 quod
988 2653 1125 2696 litienti
1144 2656 1287 2695 Libero
1308 2653 1408 2694 Patri
1432 2652 1471 2692 in
1497 2653 1644 2693 Arabiae
1665 2652 1841 2699 deseriis,
1874 2653 2090 2707 Jovemque
2107 2652 2355 2706 imploranti,

231 2721 452 2774 apparuerit
471 2718 510 2758 in
533 2716 656 2756 forma
673 2714 820 2760 arietis,
852 2725 1070 2765 terramque
1096 2710 1321 2751 concutiens
1347 2709 1533 2762 pedibus,
1562 2707 1710 2750 fontem
1738 2708 1971 2755 ostenderit,
2000 2710 2254 2762 quamobrem
2278 2707 2356 2748 illic

232 2776 423 2829 templum
443 2774 555 2813 Liber
572 2770 774 2812 aedificavit
795 2784 803 2809 ε
830 2770 883 2809 nil
906 2769 1044 2808 mirum
1061 2767 1176 2824 igitur
1192 2765 1220 2807 fi
1242 2770 1416 2806 Ammon
1432 2765 1472 2804 in
1491 2765 1641 2805 Arabiae
1658 2765 1754 2805 urbe
1770 2765 1906 2806 Bostra
1922 2763 2080 2806 colatur.
2108 2765 2173 2805 De
2190 2768 2355 2807 Ammo·
2439 2752 2443 2803 ζ

231 2845 283 2872 ne
300 2832 494 2872 Lucianus
507 2829 570 2868 lib.
589 2841 626 2879 9.
677 2880 878 2937 Qamvis
895 2878 1161 2931 ‘stthiopum
1171 2876 1342 2930 populis,
1370 2874 1618 2930 Arabumque
1633 2874 1756 2917 beatis

615 2987 626 2998 ο
681 2937 872 2976 Gentibus
884 2962 896 2983 ,
925 2949 971 2975 ac
990 2935 1100 2973 Indis
1114 2947 1212 2972 unus
1213 2932 1269 2983 fit
1285 2932 1446 2987 Jupiter
1464 2933 1644 2973 Ammon.

289 3020 375 3063 Hic
391 3031 566 3060 nummus
582 3016 731 3058 minimi
745 3014 888 3056 moduli
903 3025 1014 3054 rarus
1027 3011 1077 3065 est
1092 3008 1140 3054 ὅγ’
1157 3009 1316 3064 eligans.

299 3590 324 3616 c
335 3589 361 3615 ο
374 3589 399 3615 L
410 3587 436 3613 0
450 3586 480 3613 N
493 3587 507 3612 1
519 3588 543 3633 ii
578 3588 602 3614 Β
613 3588 638 3614 o
653 3587 672 3614 s
687 3588 710 3614 T
723 3587 754 3614 R
768 3587 809 3613 A.
837 3570 987 3613 Silenus
1004 3570 1103 3610 stans
1123 3567 1296 3609 dextram
1313 3564 1472 3612 attollit,
1499 3562 1664 3604 humero
1681 3559 1825 3601 finistro
1841 3569 1966 3601 utrem
1983 3557 2173 3599 hircinum
2193 3556 2300 3612 gerit.

299 3653 474 3694 Bostram
496 3652 642 3691 Arabia:
664 3653 796 3692 urbem
814 3662 928 3692 vocat
943 3648 1117 3704 inffgnem
1138 3651 1262 3686 Amm.
1284 3644 1534 3686 Marcellinus
1552 3642 1611 3683 lib.
1638 3654 1695 3691 14.
1739 3639 1837 3679 Haec
1853 3651 1996 3694 quoque
2015 3637 2200 3697 civitates
2218 3633 2360 3682 habeti
2371 3627 2374 3630 ¹

244 3710 346 3751 inter
369 3707 503 3763 oppida
527 3707 717 3760 quadam,
746 3711 916 3762 ingentes
940 3705 1111 3753 Bostram
1135 3700 1182 3747 ὠ·
1202 3701 1384 3754 Gerasam
1399 3710 1514 3755 atque
1538 3695 1854 3756 Philadelphiam
1870 3705 2057 3754 murorum
2063 3690 2254 3752 firmitate
2268 3702 2359 3731 cau-

246 3764 406 3814 ttffi‘mas
452 3763 598 3802 Arabes
620 3762 812 3802 Bacchum
833 3761 989 3802 coluisse
1010 3772 1135 3799 narrat
1156 3757 1349 3802 Nonnus,
1377 3756 1447 3810 qui
1465 3768 1523 3795 res
1537 3753 1660 3808 gestas
1679 3765 1764 3804 ejus
1781 3747 1988 3801 descripsit.
2033 3747 2166 3786 Bostra
2187 3746 2360 3790 Silenum

245 3820 331 3872 ejus
358 3810 617 3873 Paedagogum
645 3818 784 3870 pariter
809 3829 987 3857 venerata
1015 3815 1080 3855 est.
1119 3814 1292 3854 Silenum
1314 3810 1456 3851 Bacchi
1472 3811 1585 3851 etiam
1604 3805 1850 3848 Sacerdotem
1867 3803 2122 3858 appellatJul.
2143 3803 2359 3842 Maternus.
2419 3831 2422 3834 ,
2449 3791 2462 3807 '³

247 3875 342 3925 Post
358 3873 446 3920 hoc,
475 3873 621 3927 inquit,
647 3874 796 3911 extruit
811 3872 988 3926 templum
998 3898 1010 3918 ,
1040 3868 1088 3914 ἄν
1106 3868 1366 3923 Paedagogum
1372 3867 1487 3921 pueri
1501 3863 1695 3918 constituit
1712 3859 1952 3902 Sacerdotem
1969 3873 1981 3898 .·
1997 3858 2087 3899 huic
2103 3857 2255 3900 Silenus
2257 3854 2360 3910 ficit.

299 3951 383 3992 Hic
399 3964 572 3992 nummus
585 3951 748 3991 minimae
756 3948 895 4003 formae
914 3950 1015 3989 inter
1034 3946 1247 4000 conspicuos
1264 3942 1518 3987 collocandus.
