2491 4219
237 126 332 168 ψ»
906 94 1636 167 VALERIANUS.

238 189 254 214 1
268 189 300 215 M
314 190 346 215 P.
381 190 416 216 c.
447 190 481 217 P.
512 191 537 218 1.
549 191 565 218 1
577 191 610 220 c.
642 191 667 218 v
682 192 708 218 A
721 191 746 218 L
758 193 781 218 r.
793 194 823 221 n
836 194 851 220 1
866 194 892 220 A
904 194 935 220 N
948 195 974 220 v
987 195 1005 220 s
1040 195 1067 221 A
1082 196 1109 221 v
1121 196 1162 222 G.
1201 183 1333 237 Caput
1351 185 1544 228 Valeriani
1560 186 1783 228 laureatum.

291 245 314 270 c
327 245 408 328 odiig
434 246 455 327 1S
461 247 488 272 v
500 248 594 328 L3tA
610 247 636 272 v
649 248 686 328 g.
713 247 741 329 tF
755 249 777 273 E
791 251 828 277 L.
862 251 885 275 Β
897 251 920 275 E
934 249 963 277 R
978 250 1016 276 Y.
1047 238 1201 279 Colonia
1209 237 1327 291 Julia
1339 240 1509 295 Augusta
1521 241 1632 283 Felix
1643 243 1808 298 Berytus
1824 241 1884 283 vel
1896 242 2112 296 Berytensts.
2149 246 2232 289 Leo
2245 242 2333 305 gra-fl

410 302 435 327 n
469 303 551 342 capi
570 302 591 328 e
607 303 645 328 ra
676 303 709 328 ia
729 303 765 329 o.

289 362 373 424 Leo
385 365 465 425 jam
481 366 518 404 in
538 368 705 407 nummis
724 368 850 422 Beryti
870 367 1038 423 fignatus
1062 371 1190 411 subter
1213 372 1402 426 templum
1423 372 1592 414 Astartes
1616 376 1654 415 in
1675 375 1880 417 Gordiano
1896 376 2035 418 Tertio
2052 393 2138 434 pag.
2160 394 2249 433 204.
2268 396 2334 423 oc-

234 431 370 479 currit,
397 420 495 459 solus
512 424 604 483 vero
620 423 768 462 radiato
783 423 908 477 capite
921 424 985 464 hic
1001 426 1221 473 exhibetur,
1250 439 1436 481 tanquam
1453 429 1555 469 urbis
1572 429 1718 483 insigne
1728 459 1740 478 ,
1769 432 1826 472 uti
1842 433 2002 487 plurima
2017 435 2088 475 alia
2105 435 2278 477 animalia
2292 439 2333 478 in

234 472 357 535 hujus·
369 477 506 515 trastus
523 478 737 518 civnatibus
751 478 1018 527 observamus,
1048 482 1220 523 Arietem
1241 483 1420 523 nimirum
1437 483 1478 523 in
1496 485 1714 526 Antiochiae
1732 489 1899 528 nummis
1915 515 1926 534 ,
1957 489 2131 531 Taurum
2149 491 2187 531 in
2206 492 2333 547 Chyr-

231 529 378 568 ristenis
396 556 408 576 ‚
437 530 678 591 Sagittarium
703 533 742 572 in
770 533 961 574 Bostrenis
981 539 1019 575 &
1037 537 1254 592 Singarenis
1271 565 1282 585 ,
1320 539 1602 592 Capricornum
1626 540 1666 580 in
1690 541 2033 598 Zeugmatensibus
2050 573 2061 592 ,
2088 546 2271 600 Pegasum
2291 549 2331 589 in

230 583 479 645 Damascenis
495 591 533 627 &
553 588 875 630 Samosatensibus
893 605 901 629 τ
931 590 995 631 sed
1012 594 1100 633 cum
1117 592 1360 634 vetustiffima
1377 595 1528 635 urbium
1546 596 1808 650 antiquiffimae
1827 599 1955 653 Beryti
1973 599 2070 641 fasta
2090 601 2269 656 indagare
2289 603 2332 646 fit

229 640 384 681 d1ffic11e
397 668 408 686 ‚
436 645 552 695 porro
569 645 744 696 suspicari
760 645 869 686 liceat
889 647 942 686 ob
959 648 1084 688 radios
1101 648 1226 689 Leoni
1241 650 1433 703 adje&os‚
1461 651 1566 691 illum
1584 651 1634 691 ad
1651 653 1823 694 Leonem
1842 655 1940 694 inter
1954 656 2047 696 astra
2067 656 2233 696 locatum
2251 657 2332 713 spe·
2396 675 2399 680 ⁷

228 696 339 757 stare.
386 697 530 760 Berytii
555 699 678 740 forsan
704 701 772 741 sub
796 702 875 742 hoc
902 702 1010 757 figno
1034 718 1178 745 annum
1203 705 1384 747 inchoare
1403 705 1598 754 solebant,
1625 707 1666 747 in
1686 723 1769 763 quo
1784 709 1848 750 Sol
1867 709 1995 751 valido
2011 711 2170 752 effervet
2183 713 2332 762 calore,

226 750 319 847 {Ideo
338 751 479 819 [aeonis
494 755 641 818 signum
652 784 663 803 ‚
692 756 792 798 Solis
807 758 1038 800 domicilium
1048 787 1061 808 ‚
1075 760 1256 816 ¹*appellat
1272 761 1498 803 Macrobius
1512 763 1693 804 Saturnal.
1711 779 1795 820 cap.
1810 779 1830 806 2
1841 779 1871 805 1.
1892 769 1930 806 &
1944 766 2029 808 Leo
2044 769 2084 808 in
2100 781 2260 810 nummo
2275 784 2332 822 ra7

257 821 314 848 ios
332 822 354 847 e
369 821 494 864 capite
513 823 662 853 emittit.
2390 827 2391 830 ’

280 886 366 928 Hic
384 903 557 931 nummus
564 889 729 943 ficundi
745 892 888 934 moduli
899 903 969 948 pro
986 907 1071 933 raro
1086 893 1292 934 habendus.

1023 997 1547 1057 DAfflASCUS.

225 1629 242 1656 1
254 1628 289 1654 M
304 1629 338 1654 Ρ.
369 1628 392 1654 c
407 1627 433 1653 A
448 1628 471 1653 E
486 1628 518 1654 s.
551 1629 586 1654 Ρ.
618 1629 644 1655 L
658 1629 673 1654 1
685 1629 720 1655 c.
750 1628 779 1653 v
792 1629 818 1654 A
833 1628 892 1656 LE
906 1630 936 1655 R
949 1629 963 1654 1
978 1629 1005 1655 A
1018 1628 1049 1655 N
1062 1629 1089 1656 v
1102 1629 1121 1655 s
1154 1630 1188 1655 P.
1220 1630 1248 1655 A
1261 1625 1337 1657 νῦ.
1369 1616 1503 1671 Caput
1520 1615 1713 1658 Valeriani
1728 1616 1948 1657 laureatum.

280 1685 303 1711 c
315 1685 340 1709 0
355 1685 393 1710 L.
424 1685 448 1709 Δ
461 1684 488 1709 A
499 1684 535 1709 M
551 1685 576 1710 A
592 1684 625 1710 s.
655 1685 692 1710 Μ
706 1685 728 1711 E
740 1685 764 1710 T
780 1685 810 1711 R
823 1687 858 1711 o.
890 1671 1046 1711 Colonia
1066 1671 1293 1724 Damascus
1311 1672 1544 1727 Metropolis.
1582 1672 1737 1727 Hygeia
1761 1675 1800 1711 ὃς
1824 1670 2066 1727 AEsculapius
2082 1670 2243 1720 stantes,
2269 1670 2334 1714 hic

336 1725 514 1766 baculum
531 1727 592 1766 cui
609 1727 807 1768 involutus
822 1728 876 1768 est
895 1728 1048 1782 serpens
1062 1728 1180 1783 gerit,
1209 1728 1271 1769 illa
1289 1729 1449 1769 alterum
1467 1728 1682 1782 serpentem
1701 1728 1829 1782 pascit.

278 1805 400 1845 Hunc
424 1820 628 1846 nummum
651 1807 814 1847 Erizzus
836 1821 919 1862 pag.
956 1810 1046 1857 558.
1072 1807 1130 1849 ita'
1148 1808 1327 1858 mutilum
1356 1820 1469 1847 cor..
1501 1820 1528 1845 A
1544 1819 1592 1845 M.
1625 1820 1658 1846 s.
1689 1820 1760 1845 ME
1775 1818 1894 1846 TRo.
1925 1805 2116 1861 vulgavit,
2146 1819 2263 1860 quem
2281 1805 2334 1846 ad

223 1861 411 1915 Amysum
431 1863 640 1903 Coloniam
660 1862 827 1916 spestare
848 1863 1007 1916 protulit
1024 1883 1036 1909 ;
1063 1876 1153 1913 eum
1173 1862 1356 1917 sequutus
1374 1863 1428 1904 est
1449 1863 1566 1902 Com.
1587 1861 1868 1902 Mediobarbus
1883 1875 1971 1916 pag.
1991 1864 2080 1914 368.
2100 1860 2165 1901 sed
2181 1861 2333 1902 Amisus

221 1918 263 1957 in
282 1917 412 1958 Ponto
431 1933 504 1958 nec
521 1919 691 1959 Colonia
707 1918 908 1965 Romana,
937 1933 1009 1959 nec
1029 1919 1261 1973 Metropolis
1280 1918 1352 1959 fuit
1380 1933 1387 1957 :
1416 1919 1531 1958 miror
1557 1918 1672 1958 etiam
1701 1916 1990 1958 eruditiffimum
2016 1917 2057 1956 P.
2086 1916 2334 1957 Harduinum

223 1987 261 2026 p.
281 1979 344 2026 36.
363 1974 467 2015 hunc
485 1974 615 2014 Erizzi
635 1988 838 2015 nummum
855 1974 904 2015 ad
923 1974 1129 2015 Amastrim
1147 1974 1419 2030 Paphlagonia:
1436 1973 1628 2014 revocasse
1645 1987 1734 2014 cum
1750 1973 1811 2013 his
1825 1973 1970 2019 verbis,
1997 1986 2068 2028 quo
2079 1971 2128 2020 fit
2154 1980 2198 2012 ut
2217 1971 2334 2021 fiden-

155 2041 158 2046 '
223 2037 282 2069 ter
299 2029 492 2083 legendum
509 2044 677 2070 moneam
708 2045 731 2072 c
744 2045 770 2070 o
784 2044 821 2071 L.
843 2044 871 2070 A
884 2044 921 2070 M
934 2045 960 2071 A
973 2045 1002 2071 s.
1021 2044 1059 2070 M
1071 2045 1095 2071 E
1109 2044 1133 2070 T
1146 2044 1177 2070 R
1189 2044 1216 2070 o
1230 2045 1251 2070 P
1264 2044 1290 2070 o
1304 2045 1342 2071 L.
1372 2030 1460 2069 cum
1479 2028 1663 2069 Amastris
1681 2029 1818 2082 pariter
1837 2043 1909 2070 nec
1926 2041 2096 2082 unquam
2115 2026 2227 2069 fuerit
2247 2028 2333 2068 Co-

221 2083 346 2130 lonia,
375 2098 447 2125 nee
464 2086 697 2138 Metropolis
713 2106 726 2133 ;
755 2100 936 2127 nummus
951 2083 1081 2128 autem
1100 2086 1150 2127 ad
1167 2086 1398 2127 Damascum
1416 2085 1635 2140 Coelesyriae
1653 2085 1862 2125 Coloniam
1885 2088 1924 2124 &
1945 2083 2198 2137 Metropolim
2219 2083 2335 2137 perti-

224 2150 311 2186 net,
342 2151 385 2180 ut
400 2154 472 2181 nos
488 2139 711 2194 frequentes
727 2140 844 2192 hujus
861 2141 963 2181 urbis
977 2142 1244 2195 inscriptiones
1263 2142 1482 2182 docuerunt
1500 2156 1509 2180 :
1536 2154 1740 2181 nummum
1763 2140 1921 2193 quidem
1939 2139 2148 2180 Damascus
2165 2136 2334 2181 Valeria-

223 2210 278 2236 no
292 2196 331 2235 in
347 2195 451 2250 Syria
468 2210 540 2248 pro
557 2194 657 2235 bello
675 2194 826 2235 Perfico
843 2197 1121 2241 commoranti,
1149 2196 1189 2233 in
1203 2195 1377 2248 obsequii
1394 2206 1690 2234 monumentum
1708 2194 1851 2234 cudiffe
1868 2195 2018 2234 videtur
2037 2195 2097 2234 :in
2113 2195 2180 2235 illo
2195 2193 2334 2234 AEscu-

159 2297 162 2301 .
222 2251 366 2305 lapium
385 2255 423 2290 δε
440 2250 634 2305 Hygeiam
652 2250 736 2303 ejus
757 2249 872 2289 filiam
890 2261 1076 2302 tanquam
1092 2251 1250 2289 numina
1269 2249 1440 2289 tutelaria
1455 2249 1655 2304 apposuit,
1682 2249 1824 2304 quibus
1849 2248 1975 2290 forsan
2000 2249 2101 2290 sacra
2124 2263 2198 2304 pro
2213 2249 2333 2292 salute

221 2307 469 2362 Imperatoris
485 2306 533 2346 ad
550 2305 784 2346 seneuutem
803 2305 995 2360 vergentis
1010 2303 1268 2345 conservanda
1286 2303 1467 2344 fecerant.
2302 2323 2305 2327 Δ

276 2385 361 2426 Hic
378 2399 550 2428 nummus
567 2384 762 2425 mediocris
765 2383 908 2438 formae
925 2385 1027 2424 inter
1046 2384 1205 2423 rariores
1221 2382 1507 2436 computandus.

957 2481 1594 2545 HELIOPOLJS

220 3102 236 3127 1
248 3099 283 3126 M
300 3100 334 3124 P.
365 3097 387 3123 c
403 3095 427 3121 A
443 3095 465 3120 n
480 3094 510 3119 s.
542 3092 573 3118 Ρ.
606 3092 630 3117 L
643 3091 658 3116 1
672 3091 706 3117 c.
741 3089 768 3115 v
781 3089 807 3115 A
822 3089 846 3115 L
859 3088 883 3114 E
898 3087 926 3113 R
940 3086 955 3113 1
971 3087 996 3113 A
1012 3086 1042 3112 N
1056 3086 1082 3113 v
1096 3084 1129 3111 s.
1164 3085 1191 3111 A
1205 3084 1230 3111 v
1243 3085 1283 3111 G.
1312 3071 1445 3125 Caput
1460 3069 1653 3111 Valeriani
1669 3069 1889 3110 laureatum.

273 3154 333 3181 co
347 3153 383 3178 L.
423 3152 450 3177 H
464 3150 486 3175 F,
500 3149 534 3174 L.
574 3133 727 3173 Colonia
750 3129 959 3184 Heliopolis
978 3156 989 3175 ‚
1027 3129 1066 3168 in
1089 3129 1170 3168 imo
1199 3142 1206 3166 :
1235 3127 1332 3166 circa
1359 3127 1453 3167 vero
1477 3125 1663 3166 ambitum
1681 3152 1693 3171 ‚
1733 3139 1791 3164 cn
1806 3138 1848 3164 R.
1881 3136 1901 3162 s
1916 3136 1943 3162 A
1958 3137 2031 3164 ck.
2063 3138 2086 3165 c
2099 3139 2125 3166 A
2139 3139 2176 3169 Ρ,
2205 3142 2267 3170 OE
2280 3133 2320 3172 οξ

329 3208 344 3234 1
358 3207 376 3232 s
391 3206 414 3230 E
428 3207 465 3232 L.
486 3205 515 3230 H
528 3203 550 3228 E
565 3203 602 3228 L.
633 3189 832 3227 Certamen
837 3184 995 3236 sacrum
1005 3183 1260 3238 Capitolinum
1271 3183 1555 3222 oecumenicum
1564 3180 1792 3233 Jfhlasticum
1807 3179 2141 3234 Heliopolitanum.
2177 3183 2322 3241 Figura

327 3247 442 3288 virilis
463 3244 567 3286 nuda
587 3257 652 3283 vas
668 3243 841 3296 accipere
860 3241 1033 3286 videtur,
1062 3238 1205 3278 finistra
1220 3238 1388 3291 palmam
1406 3236 1567 3292 praefert.

271 3324 491 3379 Heliopolis
507 3322 597 3362 urbs
611 3321 664 3360 est
681 3318 911 3365 Phoeniciae,
941 3331 1056 3372 quam
1078 3315 1209 3372 passim
1227 3315 1434 3356 Coloniam
1459 3329 1539 3355 non
1561 3314 1583 3354 a
1606 3315 1706 3368 Sept.
1728 3315 1890 3361 Severo,
1918 3326 1962 3355 ut
1986 3314 2158 3369 plerique
2178 3325 2315 3371 putant

217 3381 454 3434 Antiquarii‚
483 3378 548 3418 sed
575 3378 596 3416 a
628 3377 728 3429 Julio
756 3374 904 3415 Caesare
930 3374 1088 3420 fueram,
1117 3376 1155 3413 &
1183 3371 1231 3412 ab
1263 3371 1442 3426 Augusto
1471 3371 1673 3413 veteranis
1696 3370 1977 3424 frequentatam
2005 3370 2168 3412 diximus
2196 3387 2204 3411 :
2231 3372 2314 3414 haec

217 3451 397 3479 nummos
415 3435 623 3477 Valeriano
641 3433 680 3472 in
695 3433 799 3486 Syria
819 3445 890 3485 pro
910 3429 1008 3470 bello
1027 3428 1178 3482 Persico
1204 3427 1459 3468 commoranti
1487 3427 1679 3482 gratulans
1703 3426 1898 3479 perculsit,
1926 3426 1965 3465 in
1990 3426 2110 3480 iisque
2131 3426 2312 3470 ludorum

216 3496 295 3536 hoc
311 3505 413 3532 anno
430 3491 706 3531 celebratorum
725 3486 949 3527 memoriam
967 3484 1213 3540 consignavit.
1245 3483 1385 3537 Figura
1400 3482 1528 3528 nuda,
1559 3481 1716 3522 Athleta
1733 3482 1808 3527 est,
1838 3495 1902 3521 vas
1917 3481 2096 3523 Vidioriae
2110 3484 2312 3535 praemium

216 3549 366 3603 arripit,
394 3546 613 3597 &palmam
630 3544 784 3584 vietoris
799 3542 1011 3595 symbolum
1032 3539 1185 3594 praefert
1213 3554 1220 3578 :
1249 3551 1440 3579 certamen
1464 3549 1594 3578 autem
1621 3537 1821 3590 Heliopoli
1847 3536 2014 3583 editum,
2042 3537 2079 3576 in
2104 3538 2314 3593 epigraphe
2374 3551 2376 3555 ·

215 3607 395 3648 Annum,
423 3601 699 3653 Capitolinum,
729 3598 1015 3638 Oecumenicum
1032 3623 1043 3641 ‚
1079 3594 1308 3647 Isblasticum
1324 3620 1336 3640 ‚
1375 3593 1698 3646 Heliopolitanum
1725 3603 1910 3638 vocatur,
1948 3594 2035 3632 cum
2063 3591 2152 3631 illud
2178 3593 2314 3648 triplex

216 3660 351 3705 fuerit,
381 3655 588 3709 Equestre,
619 3655 857 3708 Gymnicum
875 3667 917 3692 ac
936 3651 1142 3691 Musicum.
1171 3650 1312 3704 Figura
1333 3649 1436 3688 nuda
1459 3648 1654 3688 Athletam
1675 3648 1714 3687 in
1737 3647 1934 3701 Gymnico
1960 3647 2164 3687 certamine
2185 3650 2310 3691 vieto-

215 3729 296 3757 rem
317 3713 468 3752 videtur
483 3710 769 3762 repraesentare,
798 3708 876 3748 hoc
892 3719 1021 3747 autem
1043 3707 1064 3745 a
1084 3704 1310 3760 quibusdam
1327 3704 1479 3743 videtur
1497 3704 1634 3743 Latine
1649 3703 1726 3742 dici
1742 3701 1848 3756 poss‘e
1863 3702 2182 3757 Qinquertium‚
2212 3719 2312 3759 quo-

217 3772 317 3810 niam
338 3781 384 3807 ex
410 3765 586 3820 quinque
608 3764 778 3804 certandi
806 3762 1009 3820 generibus
1033 3761 1250 3806 constabat,
1279 3759 1387 3799 cursu
1412 3758 1568 3806 scilicet,
1596 3757 1722 3805 disco,
1748 3758 1865 3804 saltu,
1891 3757 2011 3803 laeta,
2039 3760 2076 3797 &
2103 3759 2311 3812 pugillum

215 3829 255 3868 in
273 3824 410 3879 quibus
427 3821 523 3862 nudi
538 3819 794 3860 decertabant.

266 3907 350 3949 Hic
367 3919 539 3946 nummus
544 3901 724 3959 secundae
741 3900 1014 3958 magnitudinis
1033 3903 1134 3942 inter
1150 3898 1393 3954 elegantiores
1406 3894 1690 3952 computandus.
