2491 4219
2113 162 2198 204 135

120 250 2208 392 {gffssssfflfflfflfflffffiffflfflfflfflssfflffiffl

263 366 271 391 ,
346 320 2207 391 masaiaaa,e,aaazssaa÷a&maratana-affinga&

329 465 966 583 JULIUS
1113 461 1995 550 MAXIMUS.

307 1069 341 1109 A
354 1083 378 1108 x
391 1082 405 1108 1
418 1083 453 1108 M
466 1082 492 1106 v
505 1082 522 1107 s
555 1068 657 1121 apud
675 1069 939 1122 Capitolinum
956 1068 1169 1122 Imperator
1189 1070 1210 1109 a
1227 1082 1335 1124 patre
1351 1069 1568 1111 Maximino
1588 1070 1625 1110 in
1643 1069 1811 1124 quadam
1826 1069 1983 1123 epistola
2000 1068 2211 1123 appellatus

107 1085 293 1216 M
305 1125 386 1170 est·,
416 1124 480 1164 sed
507 1125 544 1162 in
570 1125 735 1164 nummis
755 1124 942 1164 Romanis
960 1124 1121 1176 Caesaris
1143 1139 1286 1165 nomen
1312 1128 1460 1167 tantum
1484 1125 1661 1179 praefert‚
1689 1125 1798 1179 quod
1823 1126 1933 1165 etiam
1957 1126 1993 1165 in
2012 1125 2211 1165 Colonicis

305 1183 344 1219 ὃς
362 1180 506 1219 Graecis
526 1180 707 1219 haetenus
727 1178 1020 1220 observavimus.
1063 1179 1186 1220 Porro
1209 1181 1370 1221 Senatus
1394 1183 1429 1222 ei
1451 1182 1666 1221 Germanici
1688 1195 1831 1222 nomen
1855 1181 2037 1229 contulit,
2067 1195 2148 1237 quo
2167 1179 2210 1230 ti3

113 1236 195 1276 tulo
212 1235 478 1276 Commodum
497 1236 609 1275 etiam
627 1235 851 1291 infignicrat.
909 1235 911 1237 ’

62 1309 71 1319 '
108 1342 112 1366 3
167 1313 216 1354 M
227 1328 254 1354 A
269 1328 294 1354 x
307 1328 321 1353 1
333 1327 369 1354 M
381 1327 397 1354 1
425 1315 669 1365 nmnrnisnnt
684 1312 1042 1365 rart'ffi'nzifi’cundae
1059 1311 1107 1356 ὠ*
1127 1314 1433 1368 minimaeformae
1451 1314 1634 1355 hac-fenus
1652 1316 1801 1369 reperti.

912 1416 1416 1459 COILLU.

108 1984 142 2011 c.
174 1983 190 2009 1
202 1983 229 2009 v
242 1982 278 2009 L.
308 1981 344 2008 Μ
359 1983 384 2008 A
399 1983 423 2009 x
437 1982 451 2008 1
464 1983 500 2008 M
514 1983 540 2009 v
554 1982 572 2008 s
607 1984 629 2009 c
643 1983 669 2008 A
682 1984 705 2008 E
719 1983 752 2008 s.
789 1969 923 2024 Caput
942 1969 1106 2010 Maximi
1124 1969 1202 2011 fine
1219 1970 1359 2011 laurea.

160 2039 189 2064 A
205 2039 227 2064 E
242 2039 278 2064 L.
312 2038 347 2064 M
360 2038 386 2063 v
398 2039 426 2064 N
441 2039 455 2063 1
469 2039 491 2064 c
502 2038 530 2064 1.
564 2039 585 2063 c
597 2039 622 2064 o
637 2039 650 2063 1
661 2039 699 2064 L.
732 2039 759 2064 A
772 2038 816 2065 N.
858 2025 1042 2072 QAElium
1054 2026 1310 2081 Munictpinm
1326 2022 1583 2067 Coillutanum
1598 2022 1917 2064 Antoninianum.
1951 2020 2069 2062 Prora
2080 2021 2211 2076 navis}

217 2083 255 2119 &
272 2079 435 2133 desuper
450 2080 705 2134 cornucopiae.

158 2157 288 2198 Coillu
307 2158 394 2198 urbs
412 2161 448 2196 ὃ(
471 2157 731 2210 Municipium
749 2158 949 2197 Numidiae
965 2159 1072 2211 apud
1087 2158 1181 2198 ostia
1198 2158 1400 2212 Ampsagae
1420 2156 1529 2197 fluvii
1553 2157 1592 2196 in
1609 2154 1782 2197 confinio
1802 2155 2069 2204 Mauritaniae,
2098 2158 2208 2200 num2

102 2226 212 2252 mum
234 2213 336 2253 hunc
357 2213 529 2252 Maximo
548 2212 686 2252 Caelari
709 2212 922 2267 percuffiffe
943 2212 1094 2254 videtur
1112 2213 1197 2267 post
1214 2211 1435 2253 interfectos
1453 2213 1491 2252 in
1513 2212 1638 2253 Africa
1658 2211 1890 2252 Gordianos.
1931 2212 2060 2252 Mauri
2078 2225 2208 2255 autem

102 2269 155 2308 ob
181 2268 381 2307 Maximini
406 2268 488 2319 ejus
514 2268 628 2321 patris
653 2268 916 2308 crudelitatem
943 2268 1166 2308 rebellarant
1182 2295 1193 2313 ,
1223 2271 1261 2306 ὃς
1278 2268 1522 2307 Gordianum
1551 2267 1732 2307 seniorem
1750 2267 1890 2319 Tysdri
1911 2267 2208 2320 proclamarant:

100 2335 142 2364 at
157 2324 245 2362 cum
264 2337 388 2363 novus
404 2323 463 2362 ille
481 2324 694 2375 imperator
706 2323 933 2376 Capelliano
945 2322 1145 2362 Numidiae
1156 2322 1397 2362 Procuratori
1414 2322 1661 2363 successorem
1679 2321 1852 2368 misisset,
1881 2322 1945 2362 hic
1958 2336 2042 2363 eam
2059 2324 2112 2364 ob
2124 2337 2206 2365 rem

101 2379 320 2433 indignatus
334 2406 345 2425 ,
375 2382 412 2416 S<
433 2378 649 2417 Maximino
668 2377 854 2423 devotus,
884 2378 990 2417 omni
1009 2378 1145 2417 consto
1163 2378 1328 2417 exercitu
1347 2377 1621 2433 Carthaginem
1642 2377 1861 2424 contendit,
1889 2379 1971 2432 quo
1988 2378 2025 2418 se
2044 2393 2201 2433 recepe-

101 2445 160 2475 rat
172 2434 414 2477 Gordianus·‚
445 2433 763 2488 Carthaginenses
781 2434 872 2473 vero
900 2431 1104 2483 Gordiano
1123 2431 1202 2473 filio
1219 2432 1340 2479 duce,
1369 2446 1416 2472 ex
1432 2434 1525 2473 urbe
1540 2433 1650 2473 effusi
1667 2433 1821 2473 obviam
1832 2433 2060 2488 Capelliano
2072 2461 2084 2481 ‚
2113 2450 2206 2476 con-

102 2501 160 2530 tra
175 2503 262 2528 eum
282 2490 528 2534 dimicarunt,
558 2502 600 2528 ut
616 2501 739 2529 narrat
756 2487 1003 2528 Herodianus
1018 2487 1077 2527 lib:
1096 2501 1129 2539 7.
1149 2502 1233 2542 pag.
1251 2492 1340 2528 602.
1372 2498 1410 2526 ot
1423 2491 1477 2537 μᾶξύ
1491 2492 1688 2540 Καρχηδόνιοι
1704 2492 1788 2539 ὄχλῳ
1806 2493 1910 2529 πλέες
1923 2491 2008 2532 Zau,
2031 2494 2148 2530 ᾱὶηικπι
2162 2496 2201 2542 γὲ

103 2547 151 2591 ³193«
167 2553 321 2591 marma»
337 2549 424 2595 ἔργων
441 2547 625 2582 amimam.
660 2543 790 2582 Erant
808 2553 933 2583 antem
953 2557 1100 2583 numero
1122 2545 1271 2598 quidem
1286 2543 1417 2598 plures
1433 2547 1695 2602 Carthaginen
1714 2561 1752 2586 es
1766 2566 1780 2592 ‚-
1799 2547 1878 2599 fi’d
1896 2547 2129 2595 inordinati,
2155 2563 2202 2589 ac

101 2615 225 2640 rerum
246 2600 460 2639 belluarum
477 2600 650 2653 imperiti.
685 2609 722 2636 Οἱ
737 2602 765 2648 )ἒ
783 2602 923 2648 Νόμωδες
938 2627 948 2642 ,
972 2603 1124 2640 simum(
1137 2618 1165 2637 π
1182 2603 1300 2650 ὁδ’ςυχοι
1314 2628 1324 2643 ,
1345 2606 1368 2652 ‚31¹
1387 2611 1487 2641 ἱππεῖς
1501 2605 1601 2647 defigor
1611 2630 1697 2641 .....
1722 2609 1796 2651 ρ’ᾷςα
1809 2605 1842 2642 ἐν
1858 2610 1945 2646 ἑτςὲψ
1953 2622 2016 2641 ww
2031 2611 2056 2641 “22
2071 2615 2200 2656 xxm„-

103 2662 206 2693 δωγίων
222 2660 250 2693 π)
266 2663 429 2699 πλῗῧτς...
457 2659 523 2700 ’ἔνθα
539 2661 562 2708 a}
581 2660 595 2691 ἆ
610 2657 630 2696 Ξ
649 2662 787 2706 Γοξόὲωνέ
803 2659 851 2704 1,ch
866 2659 1002 2693 οὲπώλετυ
1020 2683 1030 2699 ,
1055 2659 1109 2693 olla-e
1125 2659 1188 2694 νωὲὶ
1204 2658 1286 2693 aivvan
1301 2658 1415 2697 πάντες,
1456 2657 1600 2697 Contrd
1621 2657 1803 2698 Mamidae
1820 2685 1832 2705 ,
1847 2657 2086 2712 jaculatores
2104 2659 2201 2712 opti.

100 2716 155 2754 mi
166 2741 175 2759 ‚
205 2723 319 2768 atque
337 2713 533 2769 equitandi
542 2712 754 2766 peritiffi‘mi
763 2744 851 2753 .....
881 2713 973 2767 ,Quo
989 2711 1220 2764 circa-facile
1237 2712 1584 2767 Carthaginenszum
1589 2712 1701 2767 plebs
1715 2715 1756 2753 in
1764 2712 1903 2768 fitgam
1919 2714 2045 2763 versa.
2060 2745 2087 2753 ..
2122 2714 2201 2754 Hic

102 2767 152 2812 ὠ
171 2769 355 2808 Gordiani
362 2769 471 2821 filius
488 2768 624 2808 cecidit
640 2795 651 2814 ,
680 2766 728 2812 (ἔγ
771 2770 965 2823 uicumque
980 2782 1061 2808 eum
1067 2767 1236 2824 sequuti.
1272 2768 1484 2810 Coillutani
1503 2769 1707 2809 Maximini
1727 2781 1853 2823 partes
1869 2795 1882 2816 ,
1910 2781 2094 2823 tanquam
2109 2769 2152 2810 N
2158 2784 2200 2822 uf

101 2824 216 2864 midae
231 2825 394 2879 amplexi
410 2851 422 2871 ,
450 2825 526 2864 hoc
544 2823 718 2878 obsequii
753 2824 789 2864 ui
807 2836 1103 2864 monumentum
1119 2823 1333 2878 praestitere.

102 2908 112 2961 j
154 2902 238 2944 Hic
259 2917 430 2945 nummus
452 2905 598 2945 minimi
619 2903 757 2946 moduli
769 2914 841 2959 pro
864 2903 1038 2955 rariffi'mo
1061 2901 1340 2958 computandus.

830 3006 1469 3049 DEULTUM.

95 3570 131 3596 c.
161 3567 264 3594 IVL.
295 3567 322 3593 v
337 3567 626 3594 ER MAX1M
640 3569 666 3594 v
680 3568 699 3595 s
730 3569 753 3596 c
767 3569 793 3595 A
807 3569 877 3595 ns.
907 3555 1040 3609 Caput
1057 3556 1220 3598 Maximi
1236 3556 1395 3598 nudum.

149 3624 172 3649 c
184 3623 210 3648 o
224 3623 259 3648 L.
291 3623 313 3649 F
327 3625 365 3650 L.
399 3624 419 3648 Ρ
434 3624 460 3648 A
476 3625 509 3650 c.
540 3624 566 3650 D
579 3625 601 3650 E
615 3625 640 3650 v
652 3625 678 3650 L
692 3625 729 3650 T.
770 3611 924 3651 Colonia
949 3610 1090 3652 Flavia
1116 3613 1293 3663 ‘Pacenfis
1316 3611 1532 3652 Deultana.
1578 3610 1720 3666 Apollo
1747 3611 1875 3653 nudus
1899 3612 2018 3662 stans,
2044 3614 2179 3658 dextra

202 3664 368 3711 laurum,
385 3665 477 3704 laeva
493 3665 611 3719 lyram
629 3666 770 3720 tripodi
787 3666 1060 3722 superpositam
1072 3695 1083 3714 ‚
1112 3681 1184 3722 pro
1199 3669 1362 3722 pedibus
1381 3681 1443 3708 ara
1457 3667 1586 3722 ignita.

146 3738 330 3782 Deultani
346 3742 523 3784 Thracia:
541 3744 764 3791 laetabundi,
793 3745 902 3799 quod
927 3745 1121 3786 Thracem
1149 3746 1332 3787 haberent
1350 3745 1648 3800 Imperatorem,
1677 3760 1855 3788 nummos
1878 3748 2092 3788 Maximino
2111 3763 2176 3789 cu-

93 3798 253 3843 derunt,
283 3798 331 3837 fic
352 3802 388 3837 &
409 3799 586 3840 Maximo
603 3800 686 3852 ejus
703 3799 803 3847 filio,
834 3815 950 3855 quem
971 3802 1048 3856 ipse
1064 3802 1251 3843 Caefiirem
1272 3806 1310 3842 ὃ(
1326 3802 1480 3855 Imperii
1496 3801 1710 3842 consortem
1737 3803 2008 3857 appellaverat,
2037 3815 2078 3843 ut
2095 3818 2176 3844 nar-

94 3865 151 3894 rat
168 3854 410 3906 Capitolinus
427 3855 466 3892 -in
483 3856 596 3907 patris
611 3856 696 3896 vita.
728 3857 919 3911 Augustus
933 3858 981 3897 ab
996 3859 1166 3897 exercitu
1180 3857 1386 3911 appellatus
1403 3856 1452 3908 cst
1461 3883 1473 3903 ,
1490 3856 1576 3908 filio
1579 3856 1730 3908 stbimet
1744 3860 1784 3897 in
1793 3859 2062 3912 participatum
2075 3858 2176 3898 dato.

94 3909 241 3964 Apollo
256 3907 312 3950 sui
327 3909 470 3951 cultum
487 3911 528 3950 in
547 3910 715 3952 Colonia
732 3911 914 3962 denotat,
943 3913 1003 3954 ille
1019 3913 1167 3955 laurum
1184 3914 1236 3954 ob
1253 3912 1428 3956 vaticinia
1443 3912 1515 3967 ipfi
1533 3911 1672 3954 sacram
1693 3914 1808 3968 gerit,
1837 3913 1946 3967 quod
1965 3912 2047 3954 haec
2066 3914 2177 3954 arbor

2141 3966 2192 4010 ad
