2574 4214
294 179 388 219 μα(
1085 200 1091 204 .
1121 160 1170 206 N
1276 157 1311 204 E
1416 157 1459 204 R
1559 156 1622 206 O.

289 227 490 269 Pausanias
506 227 546 267 in
568 226 719 267 Achaic.
739 239 825 281 pag.
841 237 890 279 43
901 237 935 265 2.
963 228 1138 265 Καλυδῶνος
1153 229 1185 272 ᾧ
1200 225 1247 272 ’tal
1263 229 1407 264 Αἰτωλίας
1425 227 1451 262 ‘1³
1468 224 1553 265 αἴγλης
1568 224 1640 262 &iv-v*
1656 223 1777 270 Αύγέςε
1792 225 1942 266 βασιλέως
1957 222 2145 270 ὲρημωθεῖσκς
2156 247 2166 263 ,
2189 226 2213 275 ᾇ,
2237 223 2266 259 τι)
2290 230 2377 259 Αἰτω-

291 285 373 323 aa&
390 284 449 319 ἔτι.
463 285 490 319 «ὃ
504 285 634 330 ἄγωμαι
648 285 675 319 ⁴1³
692 284 843 330 Λαφρίας
860 291 883 318 o:
898 286 1022 323 Πατςεῖς
1036 283 1125 332 ἕχον.
1159 279 1377 320 Calidonem
1397 281 1495 319 enim
1515 286 1631 332 atque
1652 276 1742 317 adeo
1759 286 1932 316 caeteram
1952 275 2173 322 QAEtoliam
2195 277 2279 317 ciem
2291 289 2376 329 per-

292 337 469 389 vastaffet
489 339 603 390 Augu
635 350 677 375 us
695 363 708 382 ,
736 335 982 383 QAEtolicum
1003 334 1073 374 hoc
1098 334 1278 389 Laphriae
1293 333 1534 386 stmulacrum
1560 331 1808 382 ‘Patrenfibus
1831 331 1972 370 datum.
2019 331 2213 372 Patrenses
2227 332 2379 374 Neroni

292 393 527 432 blandientes
545 419 556 438 ‚
583 392 692 431 abavi
714 391 876 446 Augusti
895 403 1033 429 munus
1053 390 1090 428 in
1110 389 1276 429 nummis
1295 389 1417 430 caelari
1432 398 1672 429 curaverunt.
1711 387 1772 427 Sic
1793 387 2008 442 Augustum
2029 387 2202 428 nominat
2217 388 2378 430 Tacitus

292 448 431 488 Annal.
456 462 469 487 1
480 461 516 500 3.
545 447 663 486 ‘Divo
679 446 847 500 Augusto
863 444 985 484 abavo
1001 443 1178 483 Neronis.

345 525 428 564 Hic
442 537 614 565 nummus
614 522 794 575 secundae
810 520 1084 577 magnitudinis
1093 547 1105 567 ‚
1133 520 1157 559 (ὶ
1173 518 1347 559 Morellio
1364 521 1406 559 in
1425 519 1582 574 Specim.
1596 529 1685 574 pag.
1698 523 1726 560 6
1733 532 1764 572 5.
1780 520 1880 560 inter
1895 518 2091 571 rariffimos
2106 519 2318 561 coUocatur.

1049 622 1625 664 PTOLEMAIS.

286 1249 318 1275 N
333 1250 353 1275 r,
370 1249 396 1274 R
411 1250 436 1274 o
468 1248 566 1275 οιΑ
583 1248 659 1274 vn.
692 1248 715 1274 c
730 1247 754 1273 A
770 1247 792 1273 ε
807 1246 824 1273 s
841 1247 866 1272 A
883 1246 913 1273 R
945 1245 1111 1273 GERM.
1149 1232 1284 1287 Caput
1299 1231 1473 1273 Neronis
1490 1230 1710 1274 laureatum.

341 1306 364 1330 c
377 1305 401 1329 o
417 1305 453 1330 L.
486 1303 506 1330 Ρ
520 1304 543 1330 τ
557 1303 581 1329 o
596 1305 630 1330 L.
662 1303 688 1329 π)
702 1303 714 1328 1
728 1303 753 1328 v
765 1303 792 1328 o
805 1303 837 1328 s.
868 1303 891 1329 c
904 1303 928 1329 t,
941 1303 967 1328 A
984 1301 1010 1328 v
1023 1303 1060 1328 n.
1098 1288 1254 1329 Colonia
1272 1288 1509 1335 Ptolemais,
1537 1288 1675 1328 ‘Divos
1690 1285 1887 1328 Claudius.
1923 1284 2102 1327 Colonus
2116 1298 2235 1342 agens
2247 1283 2382 1333 hoves}

396 1359 485 1385 cum
503 1359 670 1399 quatuor
687 1344 799 1399 lignis
816 1344 1047 1385 militaribus.

338 1422 544 1464 Ptolemais
561 1451 573 1470 ‚
602 1424 690 1463 urbs
708 1423 915 1463 Phoeniciae
933 1449 944 1468 ,
974 1422 994 1461 a
1013 1421 1182 1462 Claudio
1201 1420 1349 1462 Caesare
1366 1421 1535 1462 Colonia
1554 1421 1719 1462 deduc‘m
1736 1447 1748 1468 ‚
1777 1433 1958 1461 nummos
1974 1418 2061 1461 suos
2082 1417 2276 1461 fundatori
2292 1428 2383 1460 cum

283 1479 428 1518 colono
445 1482 483 1517 &
503 1478 614 1533 fignis
634 1479 854 1519 militaribus
872 1477 1051 1518 Coloniae
1070 1477 1284 1518 constitutae
1304 1476 1481 1531 symbolis
1501 1491 1650 1517 memor
1665 1475 1866 1530 percussit,
1893 1476 2061 1517 eundem
2077 1487 2214 1530 typum
2228 1471 2384 1515 Neroni

285 1533 483 1573 successori
504 1535 542 1572 in
561 1533 762 1573 Claudiam
781 1532 961 1572 familiam
980 1533 1166 1586 adoptato
1179 1561 1190 1580 ,
1219 1544 1261 1572 ut
1277 1532 1360 1586 ejus
1380 1532 1447 1572 fibi
1469 1533 1775 1572 benevolentiam
1792 1532 1990 1578 conciliet,
2012 1532 2185 1577 dedicat,
2206 1527 2386 1585 apposito

285 1589 323 1628 in
344 1589 424 1629 imo
441 1589 489 1628 ad
511 1591 694 1642 majorem
716 1587 976 1628 adulationem
988 1615 998 1633 ‚
1026 1602 1053 1627 D
1066 1602 1079 1627 1
1093 1602 1118 1627 v
1131 1603 1156 1628 o
1169 1602 1186 1627 s
1219 1602 1242 1628 c
1254 1602 1279 1628 L
1293 1602 1319 1628 A
1334 1602 1360 1627 v
1373 1603 1410 1628 D.
1444 1588 1575 1634 titulo,
1606 1600 1649 1628 ut
1665 1587 1917 1642 significarent
1936 1587 2145 1627 Claudium
2160 1587 2257 1627 inter
2275 1586 2385 1626 Deos

285 1643 459 1683 Neronis
481 1645 571 1684 cui-2⁴1
596 1645 768 1684 relatum.
809 1644 901 1697 Ejus
922 1643 1216 1683 consecrationis
1234 1644 1407 1683 meminit
1421 1643 1626 1684 Suetonius
1649 1645 1688 1682 in
1710 1643 1787 1683 vita
1804 1642 1957 1681 Claudii
1978 1657 2060 1696 cap.
2079 1655 2142 1694 45.
2172 1640 2386 1681 Funeratus

283 1698 334 1748 ell
346 1698 509 1750 solemni
533 1699 760 1752 ‘Principum
778 1709 936 1752 pompa,
966 1696 1014 1741 df
1033 1701 1074 1737 in
1094 1712 1285 1738 numerum
1303 1699 1478 1738 Deorum
1496 1698 1648 1737 relatus.
1690 1698 1740 1738 Et
1756 1698 1916 1737 Tacitus
1936 1699 2037 1737 Ann.
2062 1711 2121 1737 12.
2152 1696 2386 1751 Coelestesque

283 1754 440 1793 honores
466 1754 625 1793 Claudio
651 1755 900 1792 decernuntur
916 1780 928 1799 ‚
959 1752 1006 1796 <sy
1021 1753 1179 1805 funeris
1190 1752 1360 1805 sollenne
1377 1754 1533 1806 perinde
1556 1767 1602 1792 ac
1623 1753 1714 1792 divo
1734 1752 1904 1808 Augusto
1927 1751 2144 1793 celebratur.
2183 1751 2385 1806 Privignus

284 1808 398 1848 Nero
420 1808 497 1848 filio
519 1809 737 1847 Britannico
755 1808 929 1861 praelatus
945 1835 958 1854 ,
987 1808 1203 1861 Imperator
1219 1808 1259 1847 in
1276 1808 1403 1848 castris
1419 1808 1598 1848 salutatus
1618 1807 1673 1848 est
1691 1828 1702 1854 ·,
1732 1808 1954 1848 sententiam
1975 1808 2137 1848 militum
2158 1806 2283 1847 secuta
2300 1805 2386 1846 sunt

283 1863 438 1903 Parrum
456 1863 645 1902 consulta:
675 1866 712 1901 Sc
729 1862 837 1903 addit
852 1863 956 1902 idem
974 1863 1191 1903 Historicus
1207 1863 1295 1904 loco
1309 1863 1486 1905 laudato:
1515 1863 1604 1904 Nec
1620 1864 1838 1903 dubitatum
1851 1862 1903 1914 cst
1916 1862 2259 1918 apudprovincias.
2288 1860 2386 1903 Ideo

284 1917 610 1958 Ptolemaidenses
628 1931 810 1957 nummos
828 1917 981 1957 Neroni
998 1918 1211 1971 proferunt.

338 1996 424 2036 Hic
438 2008 611 2036 nummos
627 1996 790 2035 minimae
811 1995 858 2038 θ’
875 1995 1151 2049 mediaeformae
1163 2023 1176 2043 ,
1201 1996 1303 2035 inter
1319 1997 1481 2036 rariores
1494 1993 1780 2036 enumerandus.

394 2120 399 2124 ·
430 2104 544 2149 IMP.
564 2104 738 2145 NERO
765 2104 849 2145 CL.
879 2103 1100 2145 CAESAR
1126 2104 1369 2145 AVGVST.
1401 2102 1785 2147 GERMANICVS

431 2159 604 2200 PONT.
644 2159 786 2200 MAX.
822 2155 969 2199 TRIB.
1006 2158 1132 2199 POT.
1168 2158 1218 2199 V.
1263 2158 1376 2198 IMP.
1415 2158 1485 2199 1V.
1530 2158 1573 2198 P.
1601 2158 1644 2198 P.

430 2215 676 2259 PVBLICO
704 2214 922 2260 EDICTO
948 2213 1014 2255 IN
1043 2213 1221 2263 EXITV
1249 2213 1661 2255 MAVRITANIAE
1691 2211 2001 2255 NVMIOLAE

432 2270 790 2315 PROVINCIAE
819 2269 1326 2311 CARTHAGINENSIS
1354 2268 1414 2309 IN
1451 2269 1677 2310 AEGYPT
1679 2269 1769 2310 VM
1798 2268 1986 2323 VSQOE

430 2325 632 2368 EMISSO
660 2325 1093 2367 CADVCEATORE
1119 2325 1195 2366 ET
1221 2324 1533 2366 PRAECONE
1564 2324 1913 2366 MANDATVM
1940 2325 2033 2366 No

428 2381 633 2423 STRVM
662 2381 1014 2436 EXEQVENTE
1043 2381 1109 2421 IN
1139 2380 1483 2422 MARMOREIS
1513 2380 1724 2422 POSTEA
1756 2380 1965 2432 COLVM

427 2437 520 2477 NIS
548 2437 727 2490 VBIQJ
733 2438 763 2477 E
793 2436 1049 2479 SCVLPTO
1077 2436 1295 2478 EDICTO
1320 2435 1541 2477 IMPERO
1573 2436 1644 2476 ET
1673 2436 1834 2478 VOLO
1859 2436 1952 2477 OM

428 2492 535 2533 NES
562 2492 810 2534 POPVLOS
841 2492 1112 2534 REGIONIS
1142 2492 1434 2533 DESERTAE
1463 2491 1654 2533 VAGOS
1681 2491 1753 2532 ET
1779 2492 1936 2533 ERRA

430 2547 660 2588 BVNDOS
690 2548 795 2602 QVI
823 2548 1171 2589 LATISSIMMO
1198 2546 1529 2588 TERRARVM
1557 2546 1819 2588 CARDINE
1849 2548 1887 2587 A
1918 2546 2056 2587 MON

428 2603 502 2642 TE
534 2603 850 2644 ATHLANTE
877 2604 941 2644 IN
971 2603 1332 2644 AETHIOPIAM
1361 2602 1547 2652 VSQVE
1577 2603 1636 2643 SE
1664 2601 2071 2643 PROTENDVNT

428 2658 502 2698 ET
533 2658 881 2700 LONGISSIMO
910 2660 982 2699 AB
1010 2658 1255 2701 OCEANO
1283 2657 1530 2699 PATRIAE
1560 2656 1851 2698 DESERTAE
1881 2658 1963 2698 AD

429 2713 837 2755 ERYTHRAEVM
868 2715 1031 2755 MARE
1058 2713 1258 2754 SPATIO
1287 2714 1346 2754 SE
1375 2712 1737 2754 EFFVNDVNT
1763 2712 1945 2753 PAGOS
1974 2710 2035 2752 VI

427 2769 534 2809 COS
563 2769 766 2809 OPPIDA
796 2769 869 2809 ET
896 2769 1072 2810 VRBES
1101 2769 1242 2810 RITV
1271 2768 1519 2810 AFRICAE
1549 2767 1623 2809 ET
1649 2767 1853 2808 LYBIAE
1882 2765 2162 2809 CONDERE

430 2824 597 2864 MORE
625 2825 836 2865 ClVIVM
867 2825 1081 2871 AGERE‚
1111 2824 1396 2873 ALIOQVIN
1424 2823 1525 2864 EOS
1554 2824 1683 2864 CVM
1711 2822 2066 2864 CONIVGIBVS

428 2880 636 2919 LIBERIS
667 2881 742 2918 AC
771 2880 928 2919 OMN!
956 2879 1203 2919 PATRIAE
1231 2879 1515 2919 FORTVNA
1544 2879 1658 2918 PRO
1687 2877 1944 2919 CAPTIVlS
1970 2873 2186 2928 VBIQVE

426 2934 469 2973 H
478 2934 641 2974 ABERI
670 2933 819 2973 VILIA
851 2934 1059 2974 VELVTI
1089 2934 1374 2974 MANCIPIA
1402 2932 1769 2974 COMMVTARI
1796 2933 1870 2974 ET
1898 2931 2107 2973 DISTRA

427 2989 490 3028 HI
516 2989 624 3029 PER
649 2988 863 3030 TOTVM
891 2989 1038 3029 LATE
1066 2988 1269 3030 ORBEM
1299 2988 1610 3030 ROMANVM
1639 2988 1858 3029 MANDO
1885 2987 1960 3027 ET
1986 2984 2173 3026 IVBEO.

1419 3061 1491 3102 Ex
1510 3061 1708 3102 Geraldini
1727 3061 1860 3102 Itiner.
1880 3075 1939 3101 an.
1961 3065 2076 3114 1631.
2096 3060 2204 3100 edito.

1199 3292 1453 3335 Οξῦβῦέᾒθ

2504 1644 2549 2434 kssozt÷⁴⁵⁸²³==254⁵tb1ffrzffjffffff22:442&ss
2521 1607 2545 1633 .·.
2528 1528 2541 1559 ,ν
2516 1327 2543 1440 aar*
2539 1076 2545 1133 ,,,
