2491 4219
2 2530 17 2541 ;
6 2487 17 2503 ”
0 2168 27 2475 m‘ffi‘fiffl
6 2000 31 2161 ⁴5:³5:ssssss

8 1823 35 1998 {patr-q
13 1784 29 1801 z
15 1757 21 1765 -
28 1739 30 1742 ,
14 1662 20 1690 ν·
24 1636 25 1639 Α

789 118 1612 167 GORDIANUSIII.
2150 138 2243 180 147

148 195 259 229 1MP.
289 196 339 224 Μ.
373 198 400 225 A
413 198 445 225 N
459 196 497 224 Τ.
529 197 555 224 G
569 200 594 224 o
606 198 635 225 R
646 199 672 225 D
685 199 700 224 1
712 198 736 224 A
751 197 781 223 N
793 198 818 222 v
832 198 850 223 s
886 199 913 224 A
928 199 954 224 v
966 199 1006 225 G.
1045 184 1177 237 Caput
1195 184 1383 225 Gordiani
1398 181 1618 225 laureatum.

202 253 312 280 cor„
345 253 383 279 A.
416 255 457 279 A.
490 255 511 279 P
526 254 552 279 A
568 253 662 280 ΤΚ..
686 239 840 280 Colonia
856 240 1027 292 Augusta
1045 242 1145 278 Aroe
1166 240 1370 292 Patrensts.
1408 240 1634 294 Prospestus
1655 239 1756 279 urbis
1775 265 1785 284 ,
1813 239 1852 278 in
1876 240 1987 292 cujus
2009 242 2148 282 vertice
2171 244 2239 283 trsa

255 294 423 388 templa,
453 296 490 334 in
516 294 648 389 mgdio
670 294 831 348 duplicis
856 294 1119 336 columnarum
1145 296 1288 336 ordinis
1314 293 1515 336 aedificium
1531 323 1544 342 ,
1571 296 1611 334 in
1627 295 1708 334 imo
1725 295 1812 334 duae
1829 309 1965 343 naves,
1994 297 2113 337 statua
2129 298 2239 351 supra.

256 350 304 389 ba
324 363 374 388 im
393 350 552 390 interme
583 350 602 388 i·
621 379 629 388 .

200 427 282 479 Jam
302 426 494 480 percussus
512 427 566 466 est
583 426 710 466 fimilis
726 426 903 467 Coloniae
922 428 1108 468 Patrensis
1131 428 1355 482 prospeelbus
1375 428 1412 466 in
1429 427 1642 468 Commodi
1662 428 1828 467 nummis
1844 456 1855 474 ‚
1883 428 2042 468 alterum
2061 429 2099 469 in
2118 431 2238 470 Cara-

145 482 237 524 calla
255 482 515 536 exhibuitJac.
530 482 696 532 Sponius
712 482 795 521 Itin.
814 483 875 521 lib.
893 497 925 535 3.
945 497 1031 538 pag.
1052 497 1139 534 172.
1178 484 1402 537 Prospedhis
1427 483 1509 529 ille,
1540 496 1614 523 tres
1638 483 1739 523 urbis
1765 484 1936 523 continet
1952 497 2102 537 partes;
2131 485 2239 538 supe-

143 539 221 578 rior
244 538 394 591 templis
417 535 790 592 magnificentissimis
815 550 970 578 ornatur
986 566 998 585 ,
1026 539 1065 578 in
1082 538 1209 578 media
1225 538 1385 578 Odeum
1403 538 1456 576 est
1475 564 1485 582 ,
1511 537 1560 577 de
1579 552 1661 592 quo
1676 538 1874 578 Pausanias
1899 539 1960 578 lib.
1981 552 2016 591 7.
2037 553 2113 594 pag
2140 554 2190 593 43
2199 554 2234 591 7.

143 597 326 642 Keny'cpamq
347 596 363 640 {5
381 596 427 641 υἷϊ
442 599 468 632 ἐς
482 596 556 630 dm
570 596 598 629 fn}
615 595 710 640 ῴὸεέον
726 597 951 642 αἰξωλογώηιπι
966 602 991 631 Ψ
1007 601 1037 631 ἐν
1054 605 1162 636 Emesa.
1189 593 1435 632 Exornatum
1449 592 1593 632 Odeum
1609 592 1710 632 illud
1720 593 1769 639 el}
1785 595 1966 639 omnium,
1984 607 2066 649 quae
2077 598 2117 634 in
2132 595 2237 634 Grae-

144 652 205 691 cia
218 651 334 698 simt,
346 646 706 703 magnificentiffimess.
744 649 789 688 Id
807 650 846 687 in
863 649 948 688 foro
963 661 1042 689 erat
1057 662 1145 688 cum
1162 647 1226 687 illo
1240 648 1416 698 junecum
1431 668 1442 693 7,
1472 661 1557 700 pars
1572 648 1741 701 denique
1758 648 1913 689 inferior
1929 663 2084 700 portum
2102 664 2238 704 reprae-

144 704 282 750 lentat,
311 704 400 745 urbs
417 717 545 744 autem
565 704 602 742 in
622 703 721 743 clivo
737 703 787 742 ad
803 704 905 744 littus
921 705 1032 743 maris
1051 703 1116 743 slta
1133 703 1197 742 est.
1235 703 1366 742 Statua
1382 702 1458 742 basi
1480 704 1654 757 imposita
1678 705 1872 758 Augustus
1891 703 1966 743 ess'e
1987 705 2135 746 v1detur
2153 707 2238 745 Co-

143 759 257 801 loniae
278 759 459 799 fundator
473 786 484 804 ,
513 759 581 811 qui
595 758 645 797 de
662 759 753 797 urbe
770 770 846 798 tam
865 760 962 799 bene
979 760 1133 799 meritus
1152 758 1205 797 est
1218 785 1229 803 ‚
1258 769 1299 797 ut
1317 771 1365 798 ex
1382 758 1534 799 Achaeis
1551 759 1729 799 omnibus
1743 787 1755 805 ,
1784 759 1868 800 solis
1886 760 2037 800 tantum
2052 760 2238 803 Patrensi-

145 815 216 861 bus
232 815 294 855 sua
311 815 481 855 libertate
500 814 576 859 uti,
606 814 700 853 teste
716 815 856 854 eodem
872 814 1052 854 Pausania
1068 841 1080 860 ,
1107 813 1341 854 concesserit.

197 892 281 934 Hic
298 906 468 933 nummus
487 892 779 947 minort'sfhrmae
786 902 856 946 pro
871 892 1046 942 rarg'ffimo
1061 890 1266 931 habendus.

141 1431 483 1469 GORDIANVS.
515 1431 634 1458 AVG.
678 1418 811 1472 Caput
828 1415 1031 1458 Gordiani.
1222 1448 1224 1452 .

195 1492 219 1518 c
231 1491 257 1516 o
272 1492 307 1516 L.
339 1489 382 1514 A.
415 1489 456 1515 A.
488 1489 509 1515 Ρ
524 1488 550 1513 A
565 1488 589 1513 :r
600 1488 631 1514 R
643 1488 666 1513 E
680 1487 721 1513 N.
754 1472 907 1513 Colonia
922 1472 1094 1529 Augusta
1109 1473 1212 1514 Aroe
1229 1473 1436 1525 Patmffis.
1473 1472 1647 1516 Vifiloria
1662 1473 1781 1530 globo
1797 1474 1995 1531 imposita,
2013 1473 2145 1518 dextra
2158 1476 2236 1529 lau-s

248 1544 351 1572 ream
362 1557 374 1577 ,
401 1531 494 1570 laeva
509 1529 644 1583 palmae
662 1543 808 1569 ramum
824 1529 933 1584 gerit.

190 1609 384 1651 Patrenses
407 1608 610 1648 Gordiano
633 1607 870 1647 blandientes
890 1607 942 1647 ob
960 1607 1158 1648 vistoriam
1185 1607 1235 1648 de
1258 1607 1379 1650 Perfis
1400 1608 1552 1650 relatam
1569 1635 1582 1656 ‚
1620 1623 1799 1652 nummos
1826 1611 1895 1665 ipsi
1919 1611 2168 1661 dedicarunt,
2196 1613 2236 1655 in

135 1665 294 1718 ejusque
311 1664 497 1703 honorem
520 1662 699 1703 Viuoriae
718 1662 863 1717 (ignum
881 1663 1001 1717 globo
1020 1663 1242 1717 impolitum
1263 1665 1303 1703 in
1325 1665 1370 1705 iis
1388 1665 1645 1719 percusserunt
1660 1693 1671 1712 ‚
1701 1667 1812 1722 quod
1831 1668 2044 1720 Imperator
2064 1684 2132 1723 per
2152 1669 2239 1711 ulti-

133 1733 237 1763 mam
262 1719 362 1759 hanc
385 1718 581 1758 vistoriam
607 1719 751 1771 ubique
777 1730 958 1759 terrarum
981 1718 1108 1758 hostes
1126 1718 1301 1773 superare
1317 1720 1414 1761 visus
1435 1719 1480 1762 fit
1499 1736 1506 1760 :
1533 1722 1572 1761 in
1597 1722 1706 1763 Urbe
1726 1726 1830 1763 enim
1845 1723 2127 1765 Veteranorum
2146 1737 2238 1767 cum

150 1775 286 1829 ‚opulo
303 1775 438 1814 seditio
456 1800 467 1819 ,
496 1773 570 1812 sola
587 1772 702 1826 ipsius
721 1773 770 1813 ad
785 1774 994 1827 Imperium
1011 1774 1200 1814 eleetione
1217 1802 1228 1821 ,
1257 1774 1382 1816 sedata
1398 1777 1461 1816 est.
1504 1777 1549 1816 In
1568 1776 1698 1818 Africa
1715 1779 1939 1820 rebellarant
1955 1780 2237 1832 Carthaginem*

133 1789 212 1877 Bes,
241 1830 306 1870 sed
326 1829 548 1870 Gordianus
566 1829 688 1882 copiis
710 1828 894 1868 Africanis
912 1829 1067 1876 excitis,
1094 1830 1340 1870 Sabinianum
1357 1832 1567 1886 tyrannidis
1584 1833 1846 1875 affestatorem
1868 1835 2072 1889 oppreffit·,
2101 1826 2139 1877 in
2159 1839 2236 1878 Eu-

133 1900 229 1939 ropa
255 1885 432 1925 barbaros
459 1883 638 1924 Moesiam
664 1895 779 1937 atque
796 1884 1003 1924 Thraciam
1020 1885 1204 1939 ingreffos
1221 1887 1361 1928 delevit
1376 1915 1387 1934 ,
1415 1891 1454 1927 ὅ(
1472 1887 1618 1941 fugavit
1638 1908 1650 1935 3
1679 1889 1717 1929 in
1737 1890 1826 1930 Asia
1847 1890 2017 1946 denique
2038 1892 2163 1934 Persas
2180 1894 2236 1935 vis

133 1943 209 1991 cit,
237 1944 275 1984 &
298 1954 345 1982 ex
366 1940 572 1996 provinciis
594 1940 785 1982 Romanis
811 1939 957 2003 expulit
971 1967 984 1987 ,
1011 1954 1100 1996 quae
1121 1942 1253 1983 omnia
1276 1956 1366 1984 cum
1389 1943 1635 1998 inscriptione
1657 1946 1741 2000 ejus
1761 1946 1934 2002 sepulcro
1948 1947 2122 2004 apposita
2141 1963 2236 2003 con-v⁴

132 1996 302 2047 veniunt.

878 2051 1056 2093 DIVO
1092 2052 1487 2094 GORDIANO

414 2104 713 2149 VICTORI.
739 2106 1129 2152 PERSARVM,
1165 2107 1453 2155 VICTORI
1491 2107 1962 2159 GOTTHORVM‚

763 2160 1072 2205 VICTORI
1096 2161 1607 2208 SARMATARVM,

495 2215 870 2260 DEPVLSORI
909 2215 1858 2268 ROMANARVMJSEDITIONVM,

762 2271 1051 2311 VICTORI
1092 2270 1611 2317 GERMANORVM,

608 2326 727 2366 SED
763 2325 914 2366 NON
949 2323 1237 2366 VICTORI
1270 2325 1754 2373 PHILIPPORVM.

136 2406 165 2458 ’ζ
183 2413 268 2460 Hic
282 2426 451 2457 nummus
470 2412 779 2467 minimaeformae
798 2426 865 2469 nec
882 2411 1041 2458 obvius,
1069 2423 1138 2451 nec
1153 2423 1263 2450 rarus
1283 2410 1344 2463 cst.

126 3083 189 3118 :M
203 3085 238 3111 ι».
268 3084 302 3111 c.
332 3083 382 3112 M.
413 3083 443 3113 A
455 3083 486 3111 N
499 3083 535 3111 T.
565 3083 592 3113 G
606 3085 632 3112 o
645 3084 676 3112 a
686 3085 714 3112 D
725 3085 741 3112 1
754 3086 780 3113 A
794 3085 826 3114 N
838 3085 866 3113 v
879 3086 913 3115 s.
944 3088 974 3115 A
988 3088 1016 3116 v
1027 3088 1069 3116 G.
1105 3075 1240 3132 Caput
1257 3075 1446 3121 Gordiani
1464 3076 1689 3123 laureatum:

178 3141 285 3173 COL·
315 3140 331 3166 1
345 3140 420 3166 VL.
450 3141 478 3167 A
493 3140 520 3166 v
533 3141 570 3167 G.
603 3142 625 3171 Ρ
637 3142 660 3167 E
672 3143 698 3168 L
712 3143 737 3169 L
749 3143 791 3169 A.
831 3130 999 3171 Diversae
1022 3131 1109 3174 sunt
1134 3133 1363 3189 epigraphae.
1400 3135 1553 3176 Colonia
1572 3136 1689 3190 Julta
1711 3137 1884 3194 Augusta
1905 3139 2030 3182 Pella.
2080 3143 2224 3202 Figura

231 3181 345 3244 yirilis
364 3181 468 3222 nuda
484 3182 650 3245 infidens
667 3185 885 3225 monticulis
896 3213 910 3235 ,
937 3200 1122 3228 coronam
1139 3188 1250 3243 supra
1266 3202 1382 3245 caput
1396 3191 1464 3233 fibi
1475 3192 1660 3247 imponit,
1681 3193 1778 3235 laevo
1795 3196 1926 3238 cubito
1944 3197 2073 3240 fistulae
2086 3204 2222 3257 agresti

231 3236 415 3292 lmpofito
429 3263 441 3283 ‚
467 3251 541 3292 pro
555 3239 719 3291 pedibus
739 3239 896 3294 pedum.

136 3332 146 3337 ·
160 3315 362 3358 'Pellenses
377 3315 624 3377 Macedoniae
635 3317 781 3359 Coloni
797 3332 980 3360 nummos
1000 3320 1117 3362 etiam
1134 3322 1336 3365 Gordiano
1351 3325 1574 3369 consecrant
1585 3353 1597 3374 ,
1622 3326 1687 3368 sed
1702 3327 1788 3369 illos
1803 3328 1851 3369 ad
1870 3331 2001 3374 urbem
2019 3333 2123 3378 suam
2136 3342 2222 3382 tans

121 3371 206 3434 tum
225 3372 434 3432 spestantes
451 3370 714 3432 exhibuerunt.
754 3374 935 3430 Figuram
952 3375 1097 3417 virilem
1117 3379 1282 3427 nudam,
1311 3382 1532 3434 Apollinem
1552 3383 1652 3423 urbis
1670 3384 1867 3425 tutelarem
1887 3387 2014 3430 Deum
2026 3390 2107 3443 jam
2124 3396 2214 3435 ante

120 3426 285 3471 diximus
301 3447 312 3474 3
343 3427 454 3488 nobis
470 3438 584 3467 etiam
605 3426 830 3483 suffragatur
845 3430 1026 3470 Goltzius
1043 3432 1082 3471 in
1099 3436 1266 3475 nummis
1284 3435 1384 3476 Afiae
1404 3437 1568 3478 Minoris
1586 3439 1649 3479 tab
1681 3452 1741 3492 23·
1785 3441 1929 3493 Apollo
1945 3457 2127 3487 coronam
2145 3450 2213 3491 fibi

118 3482 285 3536 imponit
301 3482 353 3523 ob
371 3483 516 3523 vastum
537 3482 728 3544 Marsyam
746 3510 758 3531 ‚
786 3485 894 3537 cujus
918 3484 1081 3526 fistulam
1107 3487 1174 3529 sub
1195 3490 1351 3530 brachio
1375 3504 1557 3545 tanquam
1583 3493 1748 3533 vistoriae
1764 3496 1979 3548 trophaeum
1998 3502 2095 3555 gerit
2112 3518 2119 3541 ε
2147 3517 2214 3557 pe.

119 3537 241 3584 dum,
268 3538 329 3578 seu
356 3537 541 3591 pastorale
567 3538 664 3578 1111us
691 3539 865 3580 baculum
880 3567 892 3586 ,
921 3541 1009 3580 cum
1032 3541 1190 3585 Admeti
1211 3558 1378 3586 armenta
1398 3548 1573 3599 pascebat
1589 3575 1600 3594 ,
1626 3549 1733 3601 juxta
1749 3549 1831 3602 ejus
1852 3553 1969 3604 pedes
1986 3557 2214 3610 apponitur;

119 3592 317 3654 montibus
342 3593 403 3633 ille
421 3592 559 3655 infide-t
575 3620 587 3640 ,
617 3605 660 3633 ut
677 3595 780 3635 reete
795 3596 848 3635 Ill.
865 3595 1118 3657 Spanhemius
1137 3599 1233 3640 Not.
1255 3601 1293 3639 in
1305 3600 1445 3654 Julian.
1465 3602 1577 3642 Caessss
1598 3618 1687 3658 pag.
1713 3610 1799 3645 160.
1817 3609 1855 3646 &
1869 3623 1959 3659 400.
1983 3611 2211 3653 observavit:

120 3646 191 3693 fita
209 3661 310 3688 enim
331 3659 411 3689 erat
429 3649 518 3688 urbs
538 3663 576 3688 in
595 3650 745 3690 tumulo
757 3678 769 3698 ,
799 3651 975 3691 exLivio
993 3651 1017 3691 l.
1032 3664 1099 3705 44.
1117 3666 1147 3693 c.
1166 3660 1203 3694 6.
1232 3655 1323 3696 ideo
1338 3655 1439 3697 illam
1451 3656 1658 3714 Oppianus
1673 3660 1840 3716 appellat
1856 3662 2058 3718 Exceffam
2073 3665 2097 3705 1.
2112 3680 2146 3708 2.
2158 3667 2211 3721 ἀς

122 3703 222 3750 Ven.
239 3702 403 3761 loquens
419 3703 469 3744 de
487 3704 618 3757 Equis.

480 3758 643 3798 Alffc‘rvn'vff
658 3760 685 3793 οἳ
697 3762 808 3795 Πὲὶλων
825 3759 946 3795 ὀῖἶκῖατον
959 3764 1191 3809 οἱμῴινέμοντιᾳ.

473 3808 632 3863 Qique
646 3810 747 3848 circa
762 3809 946 3860 excelfizm
963 3811 1139 3859 Pellam,
1157 3811 1205 3857 ἐν
1221 3812 1310 3854 bene
1326 3816 1511 3856 munitam
1518 3815 1741 3870 pascuntur.

138 3932 142 3936 ι
174 3884 444 3987 Ηιξνηιιηυῖιῗ
453 3884 927 3945 secundaemagnitudinis
944 3902 1012 3929 nec
1027 3903 1137 3930 rarus
1151 3904 1218 3932 nec
1233 3891 1382 3936 obvius.

267 3953 336 3983 om.
428 3971 438 3981 .
1527 3947 1567 3996 T
1594 3963 1620 4002 ἔ,
