2491 4219
738 138 1700 191 CARACALLA.
2193 159 2243 205 ὃς

153 211 233 266 ipse
247 209 527 251 Edefl‘enorum
544 205 691 252 animos
709 207 777 249 fibi
794 210 1032 255 conciliaret,
1060 209 1160 250 illam
1177 211 1292 251 etiarn
1312 207 1567 263 Metropolim
1585 208 1854 262 pronunciavit
1873 223 1880 247 :
1896 209 1985 248 cum
2003 220 2129 250 autem
2150 211 2186 250 in
2205 225 2250 250 ea

152 268 314 307 hiberna
337 278 484 320 ageret,
513 267 657 307 Coloni
685 265 744 305 vel
761 265 982 311 adulantes,
1012 265 1072 305 vel
1091 265 1265 306 beneficii
1286 279 1495 310 memores,
1525 278 1605 304 non
1624 265 1758 303 urbem
1777 264 1940 317 amplius
1960 265 2154 311 Edessam,
2185 266 2248 305 sed

151 323 301 363 tantilm
324 336 347 361 c
358 336 383 360 o
398 336 433 361 L.
468 336 501 361 M
518 337 538 361 ε
554 336 590 361 r.
623 336 649 361 A
663 334 690 360 N
705 334 730 359 T
741 333 767 358 o
781 334 809 358 N
823 334 838 359 1
849 333 879 359 N
892 334 906 359 1
921 335 946 359 A
960 334 990 359 N
1002 334 1028 359 A
1042 348 1054 367 ,
1083 321 1237 360 Colonia
1254 321 1476 373 Metropolis
1496 321 1762 359 Antoniniana
1774 346 1785 364 ,
1813 319 2032 372 inscriplill'e
2050 320 2246 367 videntur,

152 380 209 418 uti
225 378 362 431 legitur
378 378 413 416 in
435 377 553 417 altero
569 389 730 415 nummo
751 374 888 420 obvio,
919 376 987 429 qui
1004 376 1160 415 mutilus
1175 377 1195 415 a
1212 375 1350 416 Patino
1364 389 1450 429 pag.
1475 377 1564 423 298.
1587 387 1690 413 num.
1714 376 1747 413 8.
1769 374 1945 429 vulgatus
1961 374 2015 414 est
2037 389 2044 412 :
2076 373 2100 413 fi
2120 376 2245 415 nostra

151 446 231 472 non
247 432 385 472 arridet
404 432 605 477 sententia,
634 429 819 484 posterius
838 430 913 470 hoc
929 432 1114 484 numisma
1134 432 1231 470 inter
1246 431 1387 470 incerta
1405 429 1642 469 amandetur.

203 510 287 550 Hic
305 523 475 551 nummus
479 508 656 561 ficundae
678 505 724 551 ὠ·
740 509 901 549 minimae
909 507 1048 561 Jormae
1068 508 1224 555 obvius,
1251 507 1349 547 alter
1369 508 1517 547 minimi
1538 505 1693 546 tantum
1715 505 1855 546 moduli
1870 520 1987 546 rarus.

143 1118 281 1156 ›ys-ro.
306 1118 426 1146 KAIc.
452 1118 553 1145 MAP.
580 1119 672 1146 ΛΠ.
697 1120 800 1147 ANT.
828 1108 1023 1149 Caracalla
1040 1108 1172 1150 medio
1188 1125 1352 1165 corpore
1373 1123 1504 1159 tenus,
1533 1113 1658 1166 capite
1672 1113 1850 1154 laureato.

188 1176 340 1209 XOAQ·
367 1177 468 1203 MAP·
495 1175 548 1203 ΕΔ
559 1177 588 1202 Ε.
613 1171 746 1204 Romula
763 1170 888 1214 Μαρκίοι
904 1171 1028 1202 Εδεοσοι.
1055 1164 1146 1205 Nec
1162 1165 1463 1206 substituendum
1484 1180 1667 1222 tanquam
1686 1183 1848 1210 nummo
1872 1172 2008 1213 mutilo
2036 1187 2086 1214 M.
2118 1183 2238 1223 ATP,

249 1236 323 1276 pro
342 1235 379 1261 M
395 1235 422 1260 A
435 1235 456 1261 P
469 1248 481 1267 ,
510 1233 552 1262 ut
568 1221 607 1260 P.
633 1220 857 1261 Harduinus
874 1235 959 1276 pag.
987 1234 1075 1273 145.
1098 1233 1232 1262 contra
1247 1222 1424 1262 Patinum
1441 1224 1652 1264 contendit.
1684 1224 1778 1265 Duo
1794 1227 1917 1280 capita
1935 1228 2064 1270 turrita
2086 1234 2124 1270 δε
2139 1231 2240 1271 vela-

250 1289 289 1318 ta
307 1271 483 1323 adveisa,
512 1276 614 1317 arula
630 1275 866 1318 intermedia.

191 1354 427 1395 Caracallam
452 1353 599 1394 Edessae
624 1365 818 1394 mortuum
845 1364 996 1394 narrant
1019 1353 1150 1393 Rufus
1176 1357 1215 1393 ὃς
1230 1354 1458 1407 Eutropius,
1486 1354 1548 1394 ille
1565 1355 1603 1394 in
1623 1356 1825 1397 Breviario.
1863 1358 1911 1397 In
1929 1359 2121 1409 Osrhoena
2135 1365 2235 1417 apud

136 1410 316 1463 Edeffam
333 1409 491 1465 properti
515 1418 633 1450 morte
657 1410 770 1452 obiit,
799 1407 846 1453 ὠ
874 1408 1010 1448 ibidem
1026 1407 1202 1462 fi>pultus
1225 1408 1283 1460 cst.
1321 1410 1402 1449 Hic
1429 1411 1522 1450 vero
1546 1411 1607 1450 lib.
1638 1414 1671 1451 8.
1709 1413 1935 1465 ‘Defunc‘Yus
1959 1415 2007 1462 esi
2031 1417 2176 1470 Edeffae
2192 1422 2234 1457 in

137 1466 352 1518 Osrhoeno,
380 1465 535 1505 moliens
551 1464 732 1516 adversus
750 1464 927 1504 ‘Parthos
947 1466 1225 1517 expeditionem.
1255 1465 1331 1504 Sed
1345 1479 1412 1505 cur
1433 1466 1514 1505 duo
1537 1466 1661 1520 capita
1684 1467 1806 1507 velata
1823 1469 1861 1508 in
1880 1461 2028 1510 Edessa:
2043 1474 2236 1514 nummis?

136 1523 203 1562 An
222 1522 302 1561 duo
321 1520 392 1561 fint
409 1519 580 1574 ejusdem
597 1520 700 1560 urbis
718 1520 856 1565 Genii,
883 1520 944 1559 vel
961 1520 1091 1572 potius
1107 1519 1193 1559 duae
1207 1521 1339 1566 urbes,
1370 1535 1446 1561 una
1461 1520 1630 1575 superior
1645 1523 1684 1562 in
1703 1523 1822 1570 clivo,
1853 1536 1894 1565 ut
1906 1525 2067 1568 denotat
2081 1528 2232 1569 Genius

135 1577 238 1620 urbis
254 1575 451 1616 montibus
474 1574 641 1615 infidens
661 1577 700 1615 in
717 1576 833 1630 priori
849 1574 994 1615 Edeffae
1012 1589 1173 1614 nummo
1200 1575 1391 1630 fignatu83
1420 1576 1534 1616 altera
1560 1577 1652 1617 vero
1679 1578 1836 1618 inferior
1853 1579 1902 1619 ad
1917 1580 2079 1621 fluvium
2098 1583 2231 1623 condi-

133 1640 193 1678 ta,
221 1643 263 1672 ut
289 1631 412 1685 arguit
441 1629 562 1685 figura
583 1629 644 1671 illa
664 1631 789 1671 Fluvii
809 1631 995 1671 enatantis
1017 1629 1139 1670 forma
1155 1630 1318 1684 depasta.
1349 1632 1467 1671 Arula
1485 1632 1709 1673 intermedia
1733 1635 1885 1687 utrique
1905 1636 2036 1677 Genio
2055 1637 2230 1678 sacrificia

132 1687 341 1787 pgr-perrari
368 1685 521 1726 indicat.
551 1685 728 1727 Edessam
755 1685 1049 1740 antiquiffimam
1075 1687 1219 1726 urbem
1235 1698 1426 1727 memorat
1448 1687 1496 1727 D.
1523 1686 1690 1728 Ifidorus
1716 1688 1777 1728 lib.
1810 1703 1868 1740 15.
1893 1691 2018 1745 Etym.
2041 1707 2182 1748 nempe
2207 1695 2228 1735 ὲ

182 1741 362 1782 embroth
377 1741 584 1781 conditam.

185 1819 268 1860 Hic
285 1832 457 1859 nummus
473 1821 620 1863 minimi
634 1818 794 1866 moduli,
819 1820 920 1859 inter
932 1833 1038 1859 raros
1053 1818 1329 1870 adscribendus.

970 1922 1378 1964 EMISA.

124 2575 150 2611 A
163 2572 237 2610 rr.
269 2581 295 2607 K
312 2581 335 2606 A
350 2580 378 2606 1.
408 2579 458 2605 M.
495 2579 517 2605 A
530 2577 555 2604 τ
567 2579 600 2605 Ρ.
636 2579 661 2604 Α
676 2579 705 2604 N
722 2579 745 2604 T
757 2580 824 2613 aa<
837 2580 851 2606 1
865 2580 974 2609 Noc.
1006 2567 1140 2622 Caput
1155 2568 1360 2609 Caracallac
1375 2569 1596 2613 laureatum.

175 2636 246 2662 EM
260 2634 385 2662 rcoN
415 2636 441 2661 1<
455 2633 599 2660 voN
613 2634 667 2659 [A
683 2635 717 2660 c.
749 2634 787 2662 z.
807 2636 844 2662 1<.
865 2637 898 2662 φ.
933 2636 1026 2676 527.
1056 2623 1200 2679 Aquila
1218 2624 1337 2680 globo
1353 2625 1418 2666 seu
1437 2627 1556 2682 lapidi
1570 2629 1607 2668 in
1629 2626 1717 2666 coni
1733 2625 1898 2666 formam
1918 2626 2105 2675 insistens,
2134 2629 2212 2669 ros·

230 2691 290 2719 tro
307 2690 491 2718 coronam
507 2676 615 2731 gerit.

171 2756 297 2797 Emisa
317 2755 406 2796 urbs
421 2754 648 2800 Phoeniciae,
676 2753 842 2794 Colonia
857 2755 878 2794 a
895 2755 1087 2797 Caracalla
1104 2757 1144 2796 in
1161 2758 1290 2798 matris
1301 2758 1435 2812 Juliae,
1463 2773 1513 2800 ex
1535 2773 1610 2815 qua
1628 2771 1707 2800 erat
1722 2759 1908 2807 oriunda,
1936 2760 2125 2802 honorem
2143 2763 2211 2804 de·

115 2811 234 2867 {iusta
256 2812 331 2858 est,
361 2823 404 2851 ut
421 2809 584 2864 inJuliae
599 2811 766 2850 nummis
783 2809 961 2852 diximus.
989 2812 1172 2865 Aquilam
1193 2813 1312 2868 globo
1331 2815 1393 2854 seu
1415 2814 1532 2868 lapidi
1555 2814 1807 2861 insistentem,
1836 2815 1885 2855 ad
1896 2816 2037 2870 Jovem
2058 2819 2209 2871 potius,

113 2869 233 2920 quam
251 2867 300 2907 ad
308 2867 518 2920 Imperium
532 2865 756 2905 Romanum
775 2865 942 2919 spe&are
958 2867 1213 2909 existimamus
1225 2896 1237 2915 ,
1268 2868 1294 2908 fi
1305 2869 1463 2923 quidem
1476 2870 1616 2924 Aquila
1629 2870 1728 2917 lovis
1745 2871 1799 2911 est
1816 2871 1892 2912 ales
1904 2899 1916 2918 ,
1945 2872 2012 2912 sub
2029 2873 2089 2924 cuj
2097 2888 2137 2913 us
2159 2874 2203 2913 fi-

114 2936 209 2976 gura
233 2922 330 2977 saepe
353 2922 417 2963 ille
439 2920 733 2975 repraesentatur.
755 2921 909 2976 Jupiter
934 2925 972 2961 &
995 2923 1060 2963 Sol
1082 2922 1186 2963 idem
1212 2924 1266 2964 est
1292 2925 1498 2966 Macrobio
1525 2927 1671 2966 Saturn.
1693 2925 1754 2965 lib.
1780 2940 1811 2965 1.
1827 2941 1908 2979 cap.
1932 2941 1994 2966 22.
2024 2927 2110 2967 Nec
2130 2930 2207 2980 ipse

113 2977 274 3033 Jupiter
288 2979 380 3019 Rex
399 2977 575 3017 ‘Deorum
591 2976 690 3016 Solis
707 2985 884 3018 naturam
905 2977 1080 3018 excedere
1101 2977 1266 3019 videtur.
1293 2980 1380 3020 Irno
1400 2979 1553 3035 Jupiter
1577 2979 1719 3020 Emesa:
1753 2980 1820 3021 sub
1845 2982 1940 3022 Solis
1963 2983 2120 3023 nomine
2137 2984 2208 3024 im-

111 3037 245 3094 p‘rimis
271 3034 486 3079 colebatur,
513 3032 604 3072 ideo
630 3031 856 3087 Elagabalus
873 3033 969 3074 Solis
985 3034 1170 3075 Sacerdos
1188 3034 1354 3089 aquilam
1374 3035 1490 3089 lapidi
1507 3037 1545 3076 in
1562 3037 1650 3076 coni
1669 3036 1830 3077 formam
1848 3036 2078 3077 insistentem
2095 3037 2204 3092 super

112 3103 267 3136 currum
294 3091 334 3130 in
363 3088 529 3129 nummis
557 3102 629 3142 pro
645 3087 735 3128 Deo
763 3087 831 3128 suo
847 3088 967 3128 caelari
979 3088 1084 3141 juffit
1109 3103 1197 3130 cum
1214 3091 1287 3131 hac
1307 3090 1536 3145 epigraphe,
1568 3105 1586 3130 s
1607 3105 1632 3130 A
1650 3105 1677 3130 N
1691 3107 1713 3131 c
1727 3106 1764 3131 T.
1793 3098 1892 3132 DEb
1925 3106 1944 3131 s
1958 3106 1983 3130 o
1996 3106 2021 3131 L
2035 3106 2050 3131 1
2080 3107 2104 3132 E
2116 3108 2142 3134 L
2156 3108 2203 3134 A-

115 3163 142 3190 G
158 3163 185 3188 A
197 3160 220 3188 B
234 3160 261 3185 A
275 3160 311 3186 L.
330 3145 484 3185 Litterae
499 3143 713 3183 numerales
734 3154 759 3183 z
771 3157 797 3182 K
812 3157 843 3183 Φ.
864 3157 1009 3184 annum
1024 3159 1104 3185 aerae
1124 3145 1226 3186 urbis
1243 3146 1378 3186 Emisae
1399 3160 1487 3199 527.
1516 3146 1707 3193 indicant,
1736 3161 1823 3200 quae
1845 3160 1934 3187 cum
1954 3146 2202 3201 Tripolitanis

110 3201 320 3245 Phoeniciae
335 3212 458 3239 annos
480 3212 568 3252 531.
594 3211 682 3252 532.
702 3201 741 3238 &
761 3211 852 3252 533.
870 3199 909 3238 in
926 3201 1093 3240 nummis
1111 3200 1303 3256 Elagabali
1319 3202 1631 3255 computantibus
1650 3201 1853 3248 convenit,
1881 3201 2035 3242 &idem
2050 3203 2202 3245 initium

101 3260 253 3302 habere
269 3256 421 3296 videtur
437 3267 523 3294 cum
542 3253 785 3294 celeberrima
809 3253 1091 3296 Seleucidarum
1114 3269 1205 3303 aera,
1237 3257 1346 3310 cujus
1370 3269 1485 3311 caput
1507 3270 1611 3297 anno
1639 3257 1741 3296 urbis
1764 3256 1905 3296 Romae
1930 3270 2023 3309 442.
2045 3257 2201 3314 afligna-

110 3327 173 3357 tur
193 3330 201 3354 ε
228 3325 318 3353 nam
343 3310 370 3349 fi
397 3310 457 3349 his
485 3309 674 3350 addantur
703 3320 792 3360 527.
819 3308 1043 3369 innummo
1070 3310 1244 3366 fignatis‚
1271 3311 1438 3352 efficient
1458 3312 1510 3352 U.
1530 3312 1577 3351 C.
1598 3314 1689 3359 968.
1709 3313 1790 3364 quo
1809 3323 1984 3365 tempore
1999 3313 2037 3352 in
2055 3314 2200 3369 Syriam

110 3370 216 3412 venit
232 3365 437 3408 Caracalla.
468 3363 651 3404 Eusebius
667 3365 708 3403 in
724 3364 924 3404 Chronico
942 3364 1104 3406 eandem
1122 3366 1318 3407 Edessenis
1332 3366 1522 3420 epocham
1538 3366 1675 3406 tribuit.
1704 3366 1901 3408 Tristanus
1917 3367 2074 3409 fimilem
2089 3385 2199 3410 num-

110 3439 218 3473 mum
240 3436 333 3464 tom.
356 3435 387 3461 2.
407 3434 494 3475 pag.
519 3433 566 3460 22
578 3434 609 3458 1.
627 3419 815 3476 vulgavit,
845 3420 906 3458 cui
926 3421 1012 3474 post
1029 3435 1053 3460 ε
1065 3435 1102 3460 Μ
1115 3435 1130 3460 1
1143 3435 1242 3462 coN
1275 3436 1300 3461 1<
1314 3436 1340 3460 o
1355 3435 1381 3460 Λ
1394 3435 1488 3462 ΩΝΙ
1502 3436 1528 3461 A
1544 3436 1587 3467 C,
1615 3420 1744 3460 addita
1764 3435 1862 3462 voce
1878 3432 1974 3460 ΑΥΓ.
2003 3423 2099 3465 duas
2116 3437 2197 3466 tan-

110 3482 195 3523 turn
218 3479 362 3533 priores
391 3490 471 3515 aerae
495 3475 635 3515 litteras
659 3487 695 3514 z.
719 3489 756 3515 Κ.
785 3474 922 3515 omissa
940 3489 973 3514 Φ.
998 3475 1193 3529 apposuit,
1221 3490 1317 3531 quas
1332 3476 1375 3516 P.
1394 3476 1620 3516 Harduinus
1639 3476 1850 3517 numerales
1869 3488 2052 3533 tanquam
2069 3480 2195 3535 super-

110 3536 230 3585 fiuas,
257 3547 338 3574 non
351 3531 523 3586 insped’oe
539 3543 703 3570 nummo
722 3530 849 3585 regio,
878 3529 1133 3584 praetermifit‚
1161 3531 1225 3572 sed
1243 3532 1345 3572 reste
1361 3545 1424 3571 eas
1443 3531 1496 3571 Ill.
1513 3531 1767 3585 Spanhemius
1783 3531 2002 3574 observavit.

164 3625 248 3665 Hic
265 3636 437 3665 nummus
458 3623 582 3662 tertiae
602 3620 894 3676 magnitudinis,
922 3620 947 3660 d
963 3620 1185 3675 spanhemio
1201 3622 1300 3662 Not.
1320 3624 1361 3662 in
1379 3621 1538 3676 Juliani
1555 3623 1660 3674 Caeff
1673 3634 1761 3677 pag.
1785 3614 1874 3678 369.
1893 3626 2066 3672 aelatus,
2094 3627 2196 3666 inter

111 3682 268 3721 rariores
285 3677 544 3719 numerandus.
571 3677 687 3717 Alter
703 3676 825 3716 eodem
842 3685 924 3729 typo
942 3675 1094 3730 insignis
1106 3690 1299 3724 nummus,
1315 3677 1395 3728 sed
1405 3691 1489 3717 cum
1504 3679 1646 3719 litteris
1665 3693 1692 3718 H
1703 3693 1728 3718 1<
1741 3693 1772 3719 φ.
1789 3680 2000 3733 affervatur
2015 3677 2192 3721 Bononiae

109 3735 214 3791 apud
232 3734 414 3775 Haeredes
432 3732 515 3775 Vol.
536 3732 738 3780 Polazzi,
766 3731 812 3772 de
827 3732 936 3786 cujus
949 3744 1025 3772 aera
1042 3733 1083 3772 in
1090 3731 1269 3787 fi’quenti
1283 3746 1438 3773 nummo.

130 3974 134 3978 ·
165 3962 270 4012 zom.
298 3950 366 4000 11'.
1374 3959 1405 3998 E
1437 3972 1457 4000 2
