2491 4219
444 397 538 480 C·
603 394 1168 484 VALENS··
1197 398 2131 488 HOSTILIANUS

780 537 1203 617 MESS1us
1309 540 1793 607 QUINTUS.

229 1126 668 1207 *325'208112114
685 1141 814 1176 Nus,
842 1128 1051 1170 Hostiliani
1075 1127 1322 1185 Imperatoris
1346 1137 1481 1168 contra
1504 1126 1728 1182 Philippum
1753 1126 1773 1167 ὲ
1797 1127 1939 1168 Senatu
1965 1126 2144 1181 appellati
2169 1127 2287 1177 filius,
2315 1130 2339 1171 a
2408 1167 2410 1169 ,

261 1211 308 1237 *zi

310 1199 347 1237 im(
381 1184 551 1237 ‹ijecio
571 1184 779 1239 adoptatus
795 1212 806 1230 ‚
835 1185 962 1225 Caesar
983 1184 1105 1226 fmus
1122 1186 1207 1231 est3
1235 1185 1378 1225 deinde
1401 1185 1490 1223 cum
1516 1184 1661 1224 Decius
1685 1195 1819 1223 contra
1842 1184 2029 1224 Barbaros
2051 1184 2342 1237 expeditionem

300 1239 317 1248 '⁵
340 1238 342 1240 ’
426 1239 651 1294 suscipiens,
680 1239 879 1280 Etruscum
900 1240 1120 1294 appellasset
1141 1240 1381 1294 Augustum,
1413 1238 1675 1280 Hostilianum
1697 1239 1810 1280 etiam
1830 1240 1993 1295 Augusti
2013 1241 2170 1279 nomine
2186 1241 2344 1282 decora-
2406 1262 2407 1265 ¹

426 1296 479 1336 vit
497 1323 509 1342 ,
539 1295 687 1349 iplique
703 1296 1068 1337 administrationem
1090 1297 1229 1336 Romae
1244 1293 1443 1337 commifit.
1485 1295 1610 1335 Decio
1627 1308 1755 1335 autem
1775 1299 1813 1335 δε
1830 1294 1909 1335 filio
1933 1297 1971 1335 in
1994 1295 2093 1335 bello
2114 1295 2246 1336 occisis
2263 1323 2275 1342 ,
2302 1299 2342 1337 &
2404 1296 2407 1302 ¹

227 1343 480 1391 Treboniano
499 1353 519 1390 a
538 1352 718 1392 militibus
733 1351 971 1404 Imperatore
987 1352 1246 1407 proclamato,
1279 1350 1516 1391 Hostilianus
1534 1354 1572 1390 &
1585 1351 1857 1391 Trebonianus
1875 1363 2038 1406 uterque
2054 1351 2179 1392 dietus
2193 1350 2249 1392 est
2265 1351 2344 1394 lm·
2408 1376 2410 1378 ·

227 1415 404 1456 perator,
435 1410 472 1446 &
490 1409 606 1448 ambo
622 1421 853 1462 regnarunt,
881 1407 947 1448 sed
964 1423 1069 1448 anno
1085 1409 1212 1463 primo
1231 1406 1470 1447 Hostilianus
1485 1406 1700 1460 pestilentia
1717 1419 1916 1462 correptus
1931 1406 2083 1448 interiit.

282 1481 327 1522 H
338 1497 364 1522 o
378 1499 396 1524 s
412 1499 436 1526 r
449 1500 464 1525 1
477 1499 502 1527 ι,
515 1500 531 1526 1
544 1501 569 1526 A
583 1500 612 1527 N
625 1501 639 1526 1
671 1488 815 1527 nummi
830 1500 880 1526 ex
896 1488 997 1526 omni
1013 1485 1158 1527 modulo
1168 1513 1181 1533 ,
1197 1484 1279 1538 fed
1280 1484 1493 1540 praefivrtim
1499 1486 1620 1540 primi
1628 1512 1641 1532 ,
1663 1497 1734 1540 pro
1750 1485 1942 1538 rariffimis
1957 1484 2123 1528 habendi
2127 1485 2239 1538 fient.

803 1583 1089 1632 2AEL1A
1142 1582 1778 1651 CAPITOLINA.

227 2145 259 2190 'A
271 2157 297 2186 z
308 2157 334 2186 τ
346 2156 377 2184 R
387 2156 416 2182 v
429 2154 449 2182 s
463 2155 487 2183 c
498 2154 526 2182 v
539 2153 559 2182 s
591 2153 617 2181 z
629 2153 655 2182 τ
686 2154 753 2196 qv
765 2155 783 2180 1
793 2155 826 2180 N
838 2156 865 2180 τ
877 2156 906 2180 ν
919 2156 939 2180 s
971 2158 997 2181 c
1009 2157 1037 2182 A
1050 2156 1077 2184 E
1089 2156 1108 2184 s
1123 2156 1175 2186 ε.4
1193 2142 1337 2197 Capita
1357 2142 1492 2196 jugata
1512 2141 1567 2193 Q.
1597 2137 1790 2180 Herennii
1810 2140 1851 2178 &
1869 2135 2075 2178 Hostiliani
2095 2146 2184 2177 cum
2205 2137 2351 2179 corona'

341 2199 495 2241 radiata.

285 2272 310 2298 c
321 2271 347 2297 ο
358 2271 395 2296 ι..
429 2268 454 2293 A
470 2267 494 2291 Ε
508 2266 545 2291 L.
579 2264 602 2289 c
616 2264 640 2288 A
656 2263 690 2288 P.
721 2263 746 2288 c
757 2262 784 2287 o
799 2262 836 2287 M
850 2261 895 2287 M.
925 2248 1086 2287 Colonia
1102 2248 1250 2294 QAElia
1269 2248 1489 2301 Capitolina
1505 2247 1786 2288 Commodiana.
1825 2246 1974 2301 Jupiter
1990 2246 2211 2289 seminudus
2230 2248 2331 2289 stans
2338 2252 2354 2296 3
2383 2238 2392 2249 ¹

341 2310 473 2350 dextra
492 2306 635 2346 hastam
647 2331 660 2350 ,
691 2302 836 2343 finistrfi
853 2313 971 2356 caput
984 2302 1152 2342 sustinet.

286 2389 391 2432 AElia
409 2385 652 2440 Capitolina,
681 2381 851 2423 Colonia
869 2381 917 2421 ab
938 2379 1143 2421 Hadriano
1160 2379 1386 2427 constituta,
1414 2379 1530 2420 AEliae
1554 2393 1698 2420 nomen
1719 2378 1836 2434 ipfius
1860 2381 1984 2435 gentis
2008 2379 2095 2422 tulit
2119 2400 2132 2427 ·,
2161 2381 2353 2422 Commod

231 2447 345 2488 diana
370 2445 464 2484 vero
491 2444 513 2481 a
531 2439 783 2486 Commodo,
814 2438 867 2478 ob
887 2437 1034 2493 insigne
1056 2435 1285 2478 beneficium
1303 2437 1351 2477 ab
1369 2450 1418 2477 eo
1435 2447 1637 2490 acceptum
1659 2435 1759 2476 dicta
1788 2435 1861 2482 est,
1892 2450 2074 2476 nummos
2100 2436 2259 2490 quidem
2290 2437 2352 2478 illa

231 2504 360 2546 Decio
377 2497 589 2542 dedicavit,
620 2498 708 2536 cum
731 2493 854 2535 forsan
879 2494 942 2534 ille
961 2492 1121 2534 veniss‘et
1138 2492 1178 2532 in
1194 2491 1360 2546 Syriam,
1389 2493 1471 2532 imo
1488 2495 1527 2532 &
1549 2491 1652 2537 filiis,
1681 2505 1847 2545 quorum
1866 2493 1991 2545 capita
2016 2492 2053 2531 in
2075 2493 2215 2532 eodem
2236 2506 2352 2534 num-

231 2574 301 2602 mo
319 2558 448 2612 jugata
466 2553 646 2608 signavit,
676 2549 724 2590 ad
744 2549 989 2590 indicandam
1009 2562 1146 2589 eorum
1166 2548 1437 2595 concordiam,
1467 2549 1557 2588 cum
1584 2547 1677 2587 alter
1700 2548 1879 2602 proprius
1902 2547 1995 2588 effet
2020 2548 2129 2587 Decii
2157 2546 2274 2595 filius,
2299 2547 2355 2590 al-

233 2627 291 2656 ter
306 2613 512 2665 adoptivus
534 2623 542 2647 :
573 2607 793 2647 l-lerennius
810 2606 971 2659 quidem
988 2605 1155 2659 primum
1168 2631 1180 2650 ,
1210 2604 1448 2644 Hostilianus
1467 2605 1561 2644 vero
1577 2602 1797 2643 inferiorem
1817 2603 1946 2643 locum
1965 2616 2156 2658 occupat,
2185 2615 2352 2658 uterque
2393 2615 2401 2623 ·

231 2669 376 2711 corona
395 2665 536 2706 radiata
555 2663 729 2717 insignis,
760 2662 882 2716 qualis
902 2661 1046 2702 Oriens
1063 2661 1306 2716 depingitur,
1336 2672 1522 2713 tanquam
1541 2658 1660 2700 ambo
1678 2658 1799 2700 essent
1814 2659 1986 2700 Orientis
2006 2659 2160 2699 lumina.
2195 2659 2352 2714 Jupiter

233 2727 272 2768 in
292 2737 475 2766 nummo,
505 2715 751 2773 Capitolinus
768 2718 845 2763 est,
873 2717 922 2758 de
943 2719 1052 2770 cujus
1070 2717 1230 2757 nomine
1250 2716 1340 2756 urbs
1368 2716 1590 2770 Capitolina
1611 2716 1660 2756 ab
1685 2714 1910 2764 Hadriano,
1939 2727 1984 2757 ut
2008 2714 2182 2761 videtur,
2214 2727 2351 2756 vocata

234 2781 309 2822 est.
339 2779 448 2833 quod
471 2775 629 2831 Judaeos
658 2775 748 2814 huic
779 2774 868 2814 Deo
896 2775 1081 2814 tributum
1108 2772 1278 2828 pendere
1305 2773 1326 2812 ὲ
1354 2771 1451 2812 Tito
1474 2771 1562 2826 juffi
1587 2770 1758 2818 fuerant,
1786 2771 1882 2812 teste
1909 2770 2114 2825 Xiphilino
2134 2769 2171 2810 in
2191 2770 2350 2825 vespas.

235 2836 289 2875 Καὶ
319 2837 375 2870 ἀπ’
403 2835 497 2869 &stim
528 2831 690 2877 ὃὶδῷαχμον
719 2829 828 2875 ἐπέχθη
860 2828 914 2865 nic
940 2828 978 2863 τοὶ
1010 2828 1132 2870 nvi-restat.
1160 2831 1258 2862 αὐτῶν
1287 2827 1342 2866 ἔθη
1375 2827 1586 2864 rarssmz'nxovmc
1615 2831 1657 2874 τῷ
1685 2830 1869 2873 Καπιτωλίῳ
1900 2829 1949 2863 Διῒ
1975 2827 2040 2860 κατ’
2069 2826 2148 2867 b&
2179 2826 2346 2870 Σππφὲρειγ.

235 2889 302 2930 Ab
327 2885 450 2925 eodem
474 2881 563 2921 Tito
571 2881 666 2937 jnlli
689 2879 779 2926 funt
793 2879 997 2933 quotannis·
1015 2877 1276 2917 didrachmum
1285 2876 1447 2930 pendere
1466 2876 1569 2929 Jovi
1587 2875 1800 2930 Capitolino
1820 2878 1851 2916 ii
1865 2878 1931 2932 qui
1939 2877 2095 2930 patrias·
2111 2875 2207 2929 leges
2226 2888 2353 2915 eorum

234 2950 442 2985 tuerentur.
475 2937 570 2977 Ideo
590 2935 811 2975 Hadrianus
828 2933 1018 2988 templum
1038 2935 1077 2973 in
1096 2933 1189 2973 urbe
1199 2931 1290 2986 Jovi
1309 2932 1537 2986 Capitolino
1557 2931 1735 2973 aedificari
1753 2932 1954 2986 praecepit,
1982 2931 2121 2974 eodem
2143 2930 2350 2982 Xiphilino

236 2999 332 3040 teste
347 2998 385 3036 in
403 2994 525 3035 Hadr.
556 2996 612 3032 Kal
626 3001 652 3033 ἐς
667 2997 687 3029 2}
703 2995 725 3035 ξ
739 2996 794 3030 ναῖς
809 2992 832 3034 ἕ
847 2996 900 3036 9εέ
915 2992 989 3027 π’,πν
1002 3017 1012 3032 ,
1030 2992 1096 3028 ναὸν
1110 2996 1152 3037 τῷ
1168 2994 1216 3026 Διὶ·
1230 2991 1316 3037 ‘inpare
1332 2990 1588 3038 dvuydng&.
1628 2990 1692 3028 Ac
1715 3002 1786 3043 quo
1811 2989 1852 3028 in
1875 2987 1952 3028 loco
1969 2987 2146 3038 templum
2164 2986 2353 3039 ‘Dei-fhe-

237 3064 323 3098 rat,
351 3052 512 3092 alterum
532 3049 635 3103 Jovi
653 3047 832 3097 aedtficari
848 3044 1063 3098 curaviffi’t.
1087 3045 1241 3100 jupiter
1265 3056 1382 3099 caput
1401 3047 1517 3099 gerit,
1547 3043 1600 3084 ob
1625 3043 1792 3084 nominis
1820 3055 1979 3098 etymon
2005 3042 2211 3096 Capitolii,
2239 3040 2352 3096 supra

238 3109 348 3162 quod
369 3107 600 3149 exstrustum
618 3106 686 3160 ipsi
707 3096 780 3145 fuit
796 3103 981 3157 templum
1003 3117 1011 3142 :
1039 3101 1278 3155 Capitolium
1295 3101 1398 3141 enirn
1418 3100 1563 3140 dietum
1582 3099 1658 3146 est,
1686 3098 1797 3153 qubd
1816 3100 2014 3140 inventum
2034 3098 2078 3139 fit
2097 3109 2214 3153 caput
2229 3095 2353 3152 cujuss·

240 3166 328 3206 darn
363 3164 531 3204 hominis
558 3163 719 3203 nornine
740 3160 832 3201 Toli
855 3160 893 3199 in
920 3159 1017 3198 illius
1042 3156 1323 3204 fundamentis,
1352 3167 1396 3197 ut
1420 3168 1544 3196 narrat
1562 3152 1723 3196 Florus:
1752 3154 1876 3211 de
1887 3154 2127 3197 molientibus
2142 3153 2278 3201 aedem,
2305 3154 2348 3195 in

229 3221 500 3276 fundamentis
519 3219 725 3259 humanum
740 3225 923 3271 repertum
939 3214 990 3265 est
1005 3222 1131 3268 caput.
1162 3216 1289 3252 Antea
1305 3226 1420 3267 rupes
1434 3211 1605 3268 Tarpeia
1621 3211 1841 3253 vocabatur.

298 3301 378 3342 Hic
394 3297 750 3351 nummussecundae
764 3292 1041 3353 magnitudinis
1056 3289 1258 3343 rariffi'mus
1273 3290 1332 3343 est.

933 3377 1488 3422 ANTIOCHIA
1539 3377 1664 3432 ὁζννὶιε.

2163 3973 2196 4000 r.
2222 3965 2359 4010 erim-j
