2574 4214
152 275 170 303 1
182 274 216 302 Μ
227 274 262 300 Ρ.
295 263 355 300 cA
370 273 394 298 E
406 271 439 297 s.
469 271 496 297 D
509 270 534 296 o
547 257 584 296 M
596 269 612 295 1
624 269 648 296 τ
662 269 676 294 1
690 269 719 296 A
733 269 776 295 N.
809 268 836 293 A
850 268 877 293 v
891 268 931 294 G.
962 268 986 294 G
999 267 1022 292 E
1034 266 1124 293 RM.
1160 252 1293 306 Caput
1308 250 1522 291 Domitiani
1540 248 1758 292 laureatum.
1962 290 1966 293 ,

161 305 168 310 ”
205 332 228 357 c
241 329 266 355 o
280 330 316 356 L.
348 328 370 354 F
385 328 409 353 L
422 327 447 352 A
464 325 503 352 v,
534 326 561 351 A
576 325 602 349 v
616 326 655 351 G.
690 326 712 351 c
725 325 750 350 o
766 324 809 350 R.
845 308 1000 349 Colonia
1017 307 1158 348 Flavia
1172 306 1347 361 Augusta
1363 305 1580 347 Corinthus.
1622 302 1883 359 Bellerophon
1901 304 1942 344 in
1958 299 2102 359 Pegaso
2118 302 2249 345 decer-³

261 381 345 411 tans
362 379 496 409 contra
514 367 758 408 Chim-fferam.
1427 366 1431 369 “

201 448 370 490 Summae‘
394 445 688 487 Corinthiorum
713 447 803 498 erga
829 442 1099 483 Domitianum
1123 440 1353 482 adulationis
1377 441 1431 481 est
1452 439 1516 481 hic
1536 444 1715 480 nummus
1735 452 1742 477 :
1769 437 1821 477 illi
1842 439 1945 478 enim
1961 436 2107 476 sublato
2126 435 2249 487 Juliae

148 503 366 552 fundatoris
384 502 563 542 Coloniae
578 500 735 540 nomine
747 527 759 546 ‚
789 499 921 539 urbem
939 499 1042 538 suam
1060 499 1082 538 a
1104 497 1331 538 Domitiano
1349 495 1555 551 privilegiis
1570 522 1581 541 ‚
1610 493 1913 535 immunitatibus
1933 497 1970 532 ὃς
1990 492 2161 532 libertate
2178 490 2249 531 do.²

149 572 260 607 nata,
277 560 468 600 Coloniam
478 555 656 596 Flavium
667 554 876 610 Augustam
892 555 914 594 a
924 554 1057 594 Flavio
1065 553 1294 593 Domitiano
1311 565 1494 605 tanquam
1512 551 1632 592 altero
1649 549 1733 603 ejus
1748 547 1951 588 fundatore
1965 556 2246 600 nuncuparunt.

151 614 409 668 Bellerophon
434 612 483 652 ad
498 611 763 665 antiquitatem
779 610 881 651 urbis
900 609 1146 650 indicandam
1163 609 1204 647 in
1220 621 1383 648 nummo
1399 606 1565 662 signatus
1584 606 1660 645 est:
1688 603 1808 657 idque
1824 602 2103 643 observandum
2119 602 2157 640 in
2170 601 2252 661 CO*-

149 669 379 711 rinthiorum
395 668 582 713 nummis,
602 668 624 706 a
637 666 866 706 Domitiano
883 663 932 706 ad
945 664 1165 705 Gallienum
1183 662 1303 717 usque
1318 675 1399 702 non
1416 662 1578 717 amplius
1589 660 1893 702 Duumvirorum
1905 658 2061 699 nomina
2073 656 2223 712 signari.

204 748 286 788 Hic
300 761 471 789 nummus
485 745 790 800 minimaeformae
805 745 907 784 inter
923 740 1205 797 eleganttffimos
1221 739 1458 794 reponendus.

958 826 1442 874 PATRQAE

149 1424 258 1470 fiir.
291 1437 434 1464 CAES.
463 1422 770 1462 Domum.
802 1424 924 1462 Avo.
955 1434 1074 1460 GER.
1105 1434 1184 1461 ΤΚ.
1214 1435 1249 1460 Ρ.
1277 1434 1316 1460 v.
1355 1420 1488 1475 Caput
1505 1420 1721 1461 Domitiani
1737 1409 1961 1461 laureatum.
2168 1461 2170 1464 ,

207 1493 313 1520 COL.
346 1493 386 1518 A.
421 1493 462 1519 A.
494 1491 760 1518 PATRENs.
791 1478 946 1517 Colonia
958 1477 1060 1517 Aroe
1071 1475 1243 1533 Augusta
1258 1476 1465 1528 Patrenfis.
1495 1475 1542 1516 In
1557 1476 1637 1517 aliis
1655 1490 1770 1517 voces
1800 1489 1916 1516 LEG.
1936 1487 2025 1515 xxl
2044 1486 2077 1514 1.
2095 1471 2252 1529 additae}

260 1534 440 1575 Colonus
457 1548 573 1589 agens
591 1534 718 1573 boves.

202 1612 314 1654 Nulli
336 1613 514 1654 Coloniae
538 1611 725 1652 Patrenfis
748 1611 928 1652 Achaicae
951 1612 1053 1652 urbis
1079 1612 1264 1667 primariae
1289 1612 1437 1653 nummi
1459 1610 1696 1665 Vespafiano
1720 1613 1758 1650 ὃς
1777 1609 1875 1651 Tito
1900 1609 1985 1663 eju's
2011 1608 2091 1649 filio
2112 1609 2227 1650 dicati
2236 1614 2253 1657 ,³

147 1669 330 1710 haetenus
348 1668 535 1709 observati
553 1668 638 1708 sunt
647 1688 658 1714 3
691 1681 739 1708 an
757 1668 867 1721 quod
887 1668 1138 1722 Vespasianus
1151 1668 1309 1709 Graeciae
1325 1667 1538 1708 libertatem
1555 1666 1762 1712 ademerit,
1790 1677 1832 1707 ut
1847 1676 1973 1706 narrat
1990 1665 2196 1706 Suetonius
2212 1665 2254 1706 in

149 1725 233 1779 ejus
253 1725 329 1766 vita
346 1739 428 1779 cap.
452 1727 486 1765 8.
523 1724 716 1763 Achaiam
731 1750 742 1770 ‚
774 1723 935 1766 Lyciam
953 1752 964 1770 ‚
994 1724 1172 1764 Rhodum
1187 1752 1199 1770 ,
1227 1725 1469 1775 Byzantium
1485 1750 1496 1769 ‚
1524 1722 1720 1762 Safinium
1737 1721 1915 1763 libertate
1933 1720 2121 1775 ademptd.
2211 1722 2254 1761 in

136 1782 427 1836 provinciarum
440 1779 611 1832 fhrmam
633 1778 788 1833 redegit.
824 1778 899 1819 Sed
920 1780 1072 1833 plurimi
1096 1794 1184 1819 curn
1202 1779 1416 1820 Domitiani
1438 1777 1565 1833 effigie
1588 1787 1794 1818 occurrunt
1811 1804 1824 1824 ,
1854 1790 1902 1816 an
1919 1775 2030 1829 quod
2047 1776 2254 1829 provinciae

146 1835 359 1881 libertatem
379 1835 579 1876 restituerit
595 1863 606 1880 ,
637 1846 703 1874 aut
720 1834 881 1887 plurima
900 1834 1105 1876 contulerit
1124 1835 1164 1875 in
1182 1836 1315 1876 urbem
1336 1833 1523 1875 beneficia
1535 1861 1546 1879 ‚
1576 1846 1693 1887 quam
1713 1832 1907 1886 Augustus
1923 1832 2095 1872 libertate
2113 1834 2154 1871 &
2170 1831 2253 1885 plu-

147 1891 252 1941 rimis
272 1904 451 1945 praeterea
469 1891 549 1945 jam
565 1890 812 1931 decoraverat
829 1891 1064 1935 honoribus,
1091 1891 1185 1932 teste
1206 1890 1387 1931 Pausania
1407 1891 1446 1930 in
1465 1889 1643 1930 Achaicis
1660 1902 1748 1943 pag.
1763 1900 1854 1941 432.
1884 1890 1939 1928 Kal
1955 1891 2043 1926 ἔδωκε
2059 1887 2114 1936 μὲἰιὶ
2133 1890 2256 1936 ἐλώθέῆ

148 1965 202 1995 ραις
217 1952 338 1995 Ἀχαιῶν
353 1950 445 1994 μόνοις
460 1958 511 1984 τοῖς
526 1949 685 1988 nostem-w
700 1949 779 1986 εἶναι.
809 1946 868 1985 Et
873 1946 973 1998 sblis
986 1945 1088 1985 certe
1105 1945 1354 1993 Patrenfibus
1370 1958 1419 1984 ex
1436 1944 1594 1984 Achaez's
1609 1944 1780 1983 omnibus
1795 1969 1808 1989 ‚
1836 1942 1964 1995 utfiaa
1978 1942 2154 1983 libertate
2169 1951 2256 1992 ute-q

147 2010 278 2042 rentur
301 2001 476 2052 concfft.
524 2001 646 2042 Unde
669 2001 732 2040 illa
754 2014 924 2048 memor,
953 2000 1134 2056 Augustae
1150 2014 1295 2042 nomen
1311 2000 1469 2055 accepit.
1509 1999 1686 2040 Colonus
1702 1998 1742 2038 in
1759 1997 1837 2038 hoc
1857 2012 2044 2045 nummo,
2072 1999 2123 2038 ad
2139 1998 2255 2053 origi-

146 2070 238 2105 nem
253 2057 430 2101 Coloniae
446 2056 691 2098 indicandam
704 2056 815 2097 cusus
831 2057 910 2101 est3
938 2057 978 2096 in
996 2057 1076 2096 aliis
1096 2058 1190 2097 vero
1208 2056 1419 2110 epigraphe
1448 2069 1475 2095 L
1486 2069 1511 2094 E
1523 2068 1564 2095 G.
1590 2063 1649 2095 xx
1661 2067 1678 2092 1
1698 2067 1732 2093 1.
1761 2052 1981 2095 Veteranos
1995 2053 2180 2107 Legionis
2196 2067 2253 2095 Vl-

145 2111 297 2170 gefimae
313 2112 486 2153 secundae
494 2140 508 2161 ,
537 2111 772 2167 cognomine
788 2110 1039 2166 Primigeniae
1049 2136 1063 2157 ‚
1091 2124 1180 2152 cum
1193 2109 1360 2150 Colonis
1375 2109 1568 2150 Romanis
1584 2112 1624 2150 &
1639 2108 1796 2150 aliarum
1813 2109 1967 2152 urbium
1981 2109 2023 2152 in
2037 2122 2125 2150 eam
2139 2108 2257 2163 trans:

145 2167 274 2214 missos
289 2176 330 2215 ar·
359 2169 423 2210 uit.
613 2212 615 2214 ,
1443 2205 1445 2207 .

199 2237 284 2279 Hic
302 2183 475 2279 nffmmus
490 2236 814 2346 fi’ffcndpfhrmae
823 2263 837 2285 ,
865 2235 890 2278 ὰ
908 2236 1060 2278 Patina
1071 2241 1163 2292 pag.
1185 2238 1276 2291 163.
1294 2235 1479 2292 vussatus
1493 2262 1508 2285 ,
1522 2235 1712 2293 frequens
1729 2235 1781 2297 est
1795 2255 1812 2286 5
1840 2236 1910 2295 nli}
1932 2237 1975 2295 in
1990 2234 2128 2295 quibus
2142 2238 2254 2293 213qu

147 2305 260 2335 LEG.
289 2307 372 2336 xm
391 2308 424 2335 1.
453 2308 530 2335 rarz
559 2308 624 2334 imi
665 2301 746 2335 anti

149 2835 258 2875 tMP.
289 2840 312 2866 c
324 2835 351 2866 A
364 2839 387 2865 E
399 2838 432 2865 s.
461 2839 488 2865 D
500 2839 525 2865 o
539 2839 599 2865 MI
611 2839 650 2866 T.
683 2839 707 2868 A
723 2841 750 2866 v
763 2841 803 2867 G.
835 2841 860 2867 c,
874 2842 897 2868 E
913 2842 943 2868 R
955 2832 1004 2869 M.
1038 2843 1063 2870 T
1075 2844 1119 2871 R.
1148 2845 1181 2871 P.
1209 2844 1249 2872 v.
1288 2830 1420 2887 Caput
1436 2831 1654 2874 Domitiani
1669 2832 1890 2873 laureatum.

203 2895 264 2921 co
277 2896 315 2921 L.
346 2896 388 2943 {³⁰
420 2895 462 2921 A.
493 2896 553 2942 pfl
567 2896 591 2921 τ
604 2896 651 2943 Β...
678 2896 735 2922 xx
751 2897 766 2923 1
786 2897 818 2922 1.
854 2884 1010 2925 Colonia
1035 2885 1209 2941 Augusta
1232 2887 1336 2927 Aroe
1362 2887 1558 2941 ’Patrenfis
1574 2915 1587 2936 ‚
1613 2887 1967 2943 vzgefima-secunda
1984 2916 1998 2937 ,
2026 2887 2249 2936 subauditur

255 2937 388 2992 Legio.
423 2936 566 2991 Aquila
580 2937 786 2993 legionaria
805 2940 904 2980 inter
920 2940 1002 2982 duo
1016 2940 1122 2997 figna
1136 2941 1323 2983 militaria.

198 3012 278 3057 Hic
297 3029 475 3078 nummus
494 3030 597 3057 anno
617 3017 756 3072 quinto
776 3017 933 3073 Imperii
950 3019 1163 3061 Domitiani
1180 3022 1202 3061 a
1218 3020 1386 3063 Patrenfi
1404 3022 1572 3064 Colonia
1587 3024 1780 3078 perculsus
1795 3022 1851 3065 est
1862 3051 1875 3071 ‚
1902 3025 1992 3066 cium
2004 3024 2054 3067 de
2066 3014 2194 3068 Cattis
2205 3030 2245 3069 &

145 3068 348 3133 Germanis
367 3071 616 3126 triumphavit
628 3100 640 3119 ‚
668 3074 706 3113 in
725 3073 834 3128 cujus
851 3075 1018 3116 victoriae
1034 3077 1260 3117 memoriam
1277 3077 1381 3134 figna
1400 3078 1571 3120 militaria
1583 3079 1868 3122 Veteranorum
1884 3080 2097 3136 symbolum
2116 3083 2248 3135 potins

143 3127 262 3222 guam
277 3127 392 3189 alium
413 3139 548 3182 typum
564 3129 720 3189 caelavit.
755 3129 832 3170 Sed
852 3131 944 3184 quia
959 3132 1232 3187 quamplurimi
1248 3134 1490 3188 reperiuntur
1504 3136 1544 3175 in
1561 3135 1775 3178 Consulatu
1791 3149 1828 3176 v.
1847 3136 1995 3177 nummi
2015 3136 2245 3180 Domitiano

172 3181 310 3223 edicati
325 3207 337 3229 ‚
365 3197 459 3245 num
482 3183 534 3224 ob
556 3183 768 3226 hbertatem
786 3186 858 3226 toti
879 3186 1038 3227 Graeciae
1055 3188 1103 3228 ab
1121 3187 1206 3242 ipso
1224 3187 1300 3229 hoc
1315 3196 1420 3230 anno
1439 3190 1651 3233 restitutam
1663 3219 1675 3239 ,
1703 3204 1770 3233 aut
1785 3191 2046 3232 immunitates
2062 3191 2243 3235 Coloniae

141 3237 334 3282 concessas
344 3262 356 3284 ,
378 3238 418 3278 1d
433 3238 581 3300 faetum·
591 3239 724 3287 fuerit,
746 3240 920 3295 suspicati
935 3241 1024 3295 quis
1037 3242 1172 3297 posset.
1205 3243 1268 3284 De
1282 3243 1458 3300 Legione
1473 3246 1836 3301 vigesima-secunda
1856 3246 1895 3287 in
1911 3245 2082 3288 Claudio
2095 3247 2244 3291 distum

140 3292 205 3332 est.
233 3292 300 3354 Illa
316 3293 365 3355 ah
379 3295 555 3355 Augusto
569 3308 610 3356 ‚¹¹¹
625 3295 803 3351 AEgypto
819 3296 1004 3337 collocata
1023 3298 1098 3346 est,
1128 3299 1237 3351 cujus
1256 3302 1426 3342 veterani
1444 3302 1580 3344 milites
1595 3302 1723 3343 Patras
1736 3302 1882 3343 Coloni
1896 3301 2053 3344 deduffi
2068 3302 2166 3346 sunt.
2194 3304 2242 3346 In

139 3349 330 3408 yeteribus
345 3349 650 3404 inscriptionibus
666 3350 839 3406 Augusta
857 3352 939 3391 Pia
954 3352 1099 3393 Fidelis
1115 3355 1337 3396 nominatur
1348 3383 1360 3403 ,
1388 3357 1410 3397 a
1424 3356 1660 3411 Vespafiano
1672 3358 1723 3399 ad
1735 3356 2092 3411 bellumJuda'i'cum
2103 3359 2219 3403 dueta
2227 3378 2245 3411 5

138 3401 230 3443 ldeo
241 3404 386 3445 Coloni
398 3406 446 3445 ab
458 3419 502 3446 ea
514 3406 700 3462 originem
713 3407 898 3448 ducentes
907 3434 919 3453 ,
947 3408 1177 3450 Domitiano
1195 3409 1317 3450 forsan
1335 3412 1513 3468 gratulati
1528 3413 1623 3453 sunt.

193 3481 275 3521 Hic
288 3496 459 3525 nummus
462 3484 642 3537 secundae
661 3486 935 3541 magnitudinis
949 3500 1016 3529 nec
1033 3502 1141 3529 rarus
1156 3502 1224 3529 nec
1239 3489 1377 3531 obvius
1394 3489 1452 3542 est.
