2491 4219
186 111 282 172 με
838 113 1667 166 ςΑιοΝι,ΝΑῐ

243 175 390 230 Tripus
405 177 445 217 in
461 176 558 232 Tyri
573 179 742 220 nummis
757 179 807 220 ad
823 181 1046 234 Apollinem
1065 181 1231 235 spectat,
1259 184 1292 223 is
1308 197 1408 225 unus
1427 199 1475 226 ex
1490 186 1712 227 tutelaribus
1726 186 1831 228 urbis
1847 189 2068 231 numinibus
2084 202 2185 240 erat,
2208 206 2300 236 nam

192 232 281 271 cum
302 232 520 274 Alexander
542 234 602 273 M.
622 234 772 288 Tyrum
798 236 1019 283 obsideret,
1047 250 1173 279 narrat
1194 237 1421 280 Plutarchus
1445 242 1486 281 in
1509 243 1592 295 ejus
1616 242 1694 282 vita
1719 242 1902 297 plurimos
1919 245 2063 299 Tyrios
2084 247 2123 286 in
2143 247 2300 291 somniis

193 287 414 340 Apollinem
434 288 565 329 vidisse
579 289 629 328 ad
650 289 912 332 Alexandrum
929 291 967 332 se
983 292 1226 333 transiturum
1245 293 1460 342 dicentem,
1488 310 1578 337 curn
1598 296 1666 337 sibi
1682 297 1791 338 cordi
1811 313 1890 339 non
1911 301 1986 342 esse
2005 315 2051 342 ea
2070 316 2157 356 quae
2175 303 2214 344 in
2238 319 2300 346 ur-
2348 303 2352 310 “

193 341 241 382 be
257 356 460 397 agerentur
482 360 489 384 :
517 346 646 398 itaque
666 345 718 385 illi
738 345 832 388 ficut
852 347 1056 404 transfugae
1072 349 1218 390 sceleris
1233 350 1423 403 comperti
1439 352 1630 404 Apollinis
1649 352 1886 395 simulacrum
1905 355 2111 398 devinxere
2133 360 2299 409 catenis,

190 397 381 453 clavisque
400 399 474 440 basi
491 399 646 441 affixere
661 427 673 447 ‚
702 401 909 442 Alexandri
924 402 1114 446 fautorem
1131 406 1368 459 appellantes
1384 433 1396 452 ,
1426 405 1491 447 sed
1508 407 1618 461 Tyro
1635 410 1747 464 capta
1767 409 1986 451 Alexander
2003 412 2039 452 ci
2059 424 2210 454 catenas
2228 414 2302 455 de·

192 454 304 495 traxit
320 482 331 502 ,
362 459 398 494 &
419 455 749 496 Philalexandrum
774 459 904 499 vocari
927 459 1040 512 jussit.
1084 460 1232 514 Tripus
1253 473 1382 502 autem
1408 462 1581 515 Apollini
1605 474 1787 518 tanquam
1809 464 1901 507 Vati
1926 467 2114 509 tribuitur.
2152 470 2299 524 Apollo

192 509 307 549 etiam
327 525 398 564 pro
415 511 647 552 Citharoedo
667 513 870 565 accipitur,
899 517 936 553 &
955 527 1048 555 tunc
1068 516 1186 571 lyram
1203 518 1321 572 gerit;
1349 517 1473 557 modo
1489 531 1561 572 pro
1570 517 1790 572 jaculatore
1807 524 1847 560 δε
1862 521 2084 576 Sagittario,
2113 527 2152 563 δε
2168 539 2299 567 arcum

191 575 317 611 tenet,
347 565 411 605 sed
424 566 564 620 Tripus
580 568 600 606 a
618 567 795 609 machina
811 570 871 609 illa
889 581 995 609 terroe
1014 571 1213 626 imposita,
1242 571 1347 612 unde
1363 573 1516 613 oracula
1531 575 1781 628 petebantur,
1809 590 1895 629 quae
1914 578 2032 618 tribus
2049 577 2175 621 fulcris
2191 581 2296 622 susti-

190 621 376 666 nebatur,
404 635 547 662 nomen
565 623 712 676 accepit
724 645 736 672 3
766 625 854 665 vide
875 624 992 665 Diod.
1007 627 1176 667 Siculum
1196 628 1256 668 lib.
1282 633 1341 669 16.
1363 642 1451 683 pag.
1474 642 1562 680 524.
1593 633 1665 670 Εῖνακ
1685 633 1703 679 ξῗ
1721 632 1775 669 ’λαὶ
1789 636 1942 681 μηχαινῖυ)
1957 641 2030 684 τρεῖς
2045 637 2155 683 ’ἔχων
2172 639 2298 682 βάσεις,

188 681 250 720 ,ἐφ’
263 678 298 712 ὧν
313 679 409 714 adala>
427 681 561 722 mimam
576 685 723 722 mrffivas.
753 679 950 720 Machina?
966 689 1044 721 tres
1060 692 1170 723 erant
1188 682 1312 736 basts,
1331 683 1430 724 unde
1442 684 1596 739 Trt'podi
1612 685 1672 726 illi
1687 700 1817 729 nomen
1835 689 2002 731 obvenit.
2033 690 2296 746 Conchylium

190 732 346 773 solenne
362 734 416 773 est
433 734 529 788 Tyri
545 733 703 788 insigne.

244 811 329 853 Hic
344 826 516 855 nummus
523 812 704 865 secundae
722 810 769 858 ὠ·
785 813 1094 868 minimaefhrmae
1104 826 1176 871 pro
1191 831 1276 858 raro
1295 816 1344 861 <VJ
1362 816 1494 873 insigni
1513 817 1718 861 habendus.

188 1440 197 1447 ·
247 1430 275 1472 'c
287 1445 312 1471 o
326 1442 363 1471 L.
396 1444 422 1470 τ
435 1435 461 1471 Y
473 1443 503 1471 R
516 1444 557 1471 o.
589 1444 625 1470 M
635 1445 658 1470 E
672 1443 697 1470 τ
710 1445 753 1470 R.
788 1444 814 1470 Λ
829 1444 852 1471 c
864 1443 888 1469 T
902 1443 916 1469 1
932 1443 974 1469 A.
1003 1443 1028 1469 n
1042 1443 1071 1469 R
1087 1443 1112 1469 A
1127 1444 1149 1469 c
1161 1443 1199 1468 L.
1236 1428 1392 1470 Colonia
1415 1426 1527 1472 Tyros
1543 1426 1768 1481 Metropolis
1784 1427 1907 1468 Affia
1923 1425 2122 1468 Heraclia.
2162 1426 2301 1471 Mensa

199 1488 201 1490 ’
305 1486 414 1539 supra
433 1501 551 1540 quam
568 1486 651 1526 duo
668 1485 751 1526 vasa
767 1485 830 1526 seu
847 1485 939 1526 disci
959 1498 1047 1525 cum
1064 1484 1224 1539 palmis,
1252 1484 1321 1523 sub
1339 1482 1467 1523 mensa
1484 1483 1758 1537 Conchylium.

246 1570 377 1625 Tyrus
393 1573 643 1613 certaminum
664 1572 860 1612 Aetiorum
882 1576 919 1611 ὃ(
939 1571 1210 1613 Heracliorum
1232 1569 1529 1610 celebrationem
1549 1570 1617 1610 sub
1634 1569 1815 1610 Gallieno
1833 1568 1978 1631 editam
1997 1569 2036 1609 in
2054 1570 2221 1632 nummis
2241 1569 2307 1611 Sa·

192 1625 335 1666 loninae
351 1628 433 1679 ejus
450 1629 576 1668 uxoris
593 1627 851 1682 consignavit,
880 1628 940 1667 illa
953 1628 993 1667 in
1014 1627 1222 1681 Apollinis,
1250 1625 1332 1666 haec
1348 1626 1388 1665 in
1406 1625 1582 1666 Herculis
1603 1625 1818 1687 tutelarium
1838 1626 1940 1687 urbis
1955 1638 2160 1687 numinum
2175 1625 2304 1667 hono-

192 1694 274 1721 rem
294 1683 462 1724 instituta
479 1684 585 1729 sunt,
613 1684 663 1723 de
681 1682 820 1736 quibus
837 1682 922 1723 fuse
937 1683 977 1722 in
995 1682 1190 1723 Caracalla
1207 1696 1242 1736 p.
1261 1694 1326 1733 49.
1345 1685 1383 1720 &
1400 1680 1566 1722 Otacilia
1583 1680 1648 1722 fol.
1672 1684 1757 1734 183.
1779 1681 1958 1741 diximus.
1992 1681 2213 1741 Apollinem
2237 1695 2306 1743 au3

194 1746 274 1776 tem
301 1741 338 1777 &
370 1738 581 1779 Herculem
610 1739 718 1779 Deos
737 1738 848 1792 Tyrii
872 1739 1048 1779 tutelares
1072 1736 1180 1778 fuisse
1205 1737 1350 1777 docent
1377 1735 1577 1777 Diodorus
1603 1741 1640 1776 &
1670 1735 1897 1797 l'lutarchus
1919 1748 1960 1774 m
1987 1747 2066 1795 vita
2094 1735 2304 1798 Alexandri

194 1792 346 1848 Magni.
386 1795 481 1835 Duo
504 1794 586 1835 haec
606 1795 813 1836 certamina
841 1793 995 1834 duobus
1018 1793 1113 1835 vasis
1138 1792 1374 1838 indicantur,
1406 1806 1494 1846 quae
1514 1792 1651 1831 mensa:
1670 1791 1849 1844 imposita
1869 1790 1975 1851 sunt,
2002 1789 2167 1850 adinstar
2182 1791 2303 1838 illius,

193 1849 306 1903 super
333 1865 411 1904 qua
440 1851 478 1891 in
505 1851 605 1891 ludis
629 1849 848 1906 Olympicis
872 1851 1079 1891 vistotibus
1107 1863 1270 1890 coronas
1294 1848 1402 1889 fuisse
1425 1847 1620 1902 depositas
1645 1858 1771 1887 narrat
1787 1844 1988 1885 Pausanias
2002 1845 2067 1913 lib.
2089 1857 2122 1895 5.
2141 1859 2177 1900 p.
2211 1859 2258 1909 3}
2270 1860 2304 1896 5.

194 1919 314 1959 quam
337 1920 383 1947 ex
407 1907 523 1947 ebore
545 1910 583 1946 δε
605 1920 699 1947 auro
715 1907 896 1947 fabricata
914 1906 952 1945 in
973 1907 1057 1961 ipso
1077 1906 1202 1948 tradit.
1234 1917 1259 1943 Η
1274 1908 1418 1956 τςρὲφιῖζοι
1435 1908 1453 1952 {3
1469 1912 1628 1948 ὲλέφοωπς
1645 1905 1698 1951 μύω
1714 1907 1857 1966 m-nvssnzuff
1876 1907 1901 1955 ,ᾖ
1917 1918 2036 1963 zum..
2070 1899 2205 1951 Mensa
2221 1901 2307 1956 tpsa

184 1963 334 2015 partim
354 1976 403 2001 ex
423 1963 545 2010 ebore,
567 1965 714 2017 partim
734 1976 782 2003 ex
801 1976 892 2002 auro
899 1961 1105 2015 fabricata
1124 1961 1185 2011 eli.
1216 1961 1353 2003 Mensa
1379 1963 1416 2002 in
1443 1962 1577 2002 medio
1597 1960 1705 2001 stadii
1719 1960 1886 2021 vistoriae
1908 1970 2062 2014 praemia
2078 1956 2307 2021 asseryabat,

195 2017 236 2057 in
251 2017 323 2057 hac
339 2017 420 2057 duo
436 2017 526 2059 disci
542 2019 606 2059 seu
628 2019 715 2059 vasa
733 2018 869 2072 palmae
886 2031 1034 2059 ramum
1050 2017 1234 2060 exhibent
1248 2018 1401 2059 victoris
1418 2017 1566 2072 insigne
1584 2032 1592 2056 :
1619 2016 1864 2079 palma-enim
1892 2025 2028 2069 praeter
2050 2025 2249 2066 praemium
2267 2015 2308 2054 &

194 2086 383 2113 coronam
399 2087 470 2126 pro
487 2074 663 2125 quolibet
679 2075 887 2115 certamine
902 2073 1088 2115 diversam
1106 2073 1328 2115 Hieronicae
1342 2074 1408 2115 seu
1425 2072 1607 2115 ludorum
1624 2072 1761 2114 victori
1784 2069 2082 2113 concedebatur.
2118 2068 2306 2124 Conchyf

193 2127 288 2169 lium
304 2140 534 2181 perpetuum
549 2129 648 2182 Tyri
663 2129 766 2167 urbis
782 2129 1010 2180 symbolum.

251 2204 334 2248 Hic
347 2218 518 2248 nummus
524 2205 689 2256 secundi
709 2204 851 2244 moduli
865 2205 968 2243 inter
982 2204 1262 2256 praestantiores
1277 2204 1558 2257 computandus.

2039 3927 2311 3972 INDEX
