<?xml version="1.0" encoding="UTF-8"?>
<!DOCTYPE html PUBLIC "-//W3C//DTD XHTML 1.0 Transitional//EN"
    "http://www.w3.org/TR/xhtml1/DTD/xhtml1-transitional.dtd">
<html xmlns="http://www.w3.org/1999/xhtml" xml:lang="en" lang="en">
 <head>
  <title>
</title>
<meta http-equiv="Content-Type" content="text/html;charset=utf-8" />
  <meta name='ocr-system' content='tesseract 3.04.00' />
  <meta name='ocr-capabilities' content='ocr_page ocr_carea ocr_par ocr_line ocrx_word'/>
</head>
<body>
  <div class='ocr_page' id='page_1' title='image "./numismatareaim00foyv_0408.png"; bbox 0 0 2491 4219; ppageno 0'>
   <div class='ocr_carea' id='block_1_1' title="bbox 218 153 310 208">
    <p class='ocr_par' dir='ltr' id='par_1_1' title="bbox 218 153 310 208">
     <span class='ocr_line' id='line_1_1' title="bbox 218 153 310 208; baseline -0.022 -13"><span class='ocrx_word' id='word_1_1' title='bbox 218 153 310 208; x_wconf 79' lang='lat'>138</span> 
     </span>
    </p>
   </div>
   <div class='ocr_carea' id='block_1_2' title="bbox 219 240 2313 319">
    <p class='ocr_par' dir='ltr' id='par_1_2' title="bbox 219 240 2313 319">
     <span class='ocr_line' id='line_1_2' title="bbox 219 240 2313 319; baseline 0 -3"><span class='ocrx_word' id='word_1_2' title='bbox 219 240 2313 319; x_wconf 36' lang='lat' dir='ltr'>assmfflffisw:sess-..ua&amp;sasasasessssffiffissffissnssffisssffie</span> 
     </span>
    </p>
   </div>
   <div class='ocr_carea' id='block_1_3' title="bbox 219 316 2312 396">
    <p class='ocr_par' dir='ltr' id='par_1_3' title="bbox 219 316 2312 396">
     <span class='ocr_line' id='line_1_3' title="bbox 219 316 2312 396; baseline 0.002 -6"><span class='ocrx_word' id='word_1_3' title='bbox 219 316 2312 396; x_wconf 42' lang='lat' dir='ltr'>QffssffiffffffTafflffffffffrffiswffifflfffflffas‘fffflsffi‘⁹⁹⁰²</span> 
     </span>
    </p>
   </div>
   <div class='ocr_carea' id='block_1_4' title="bbox 568 455 1968 546">
    <p class='ocr_par' dir='ltr' id='par_1_4' title="bbox 568 455 1968 546">
     <span class='ocr_line' id='line_1_4' title="bbox 568 455 1968 546; baseline 0 0"><span class='ocrx_word' id='word_1_4' title='bbox 568 455 1680 546; x_wconf 87' lang='lat' dir='ltr'>GORDIANUS</span> <span class='ocrx_word' id='word_1_5' title='bbox 1791 460 1968 546; x_wconf 90' lang='lat' dir='ltr'>III-</span> 
     </span>
    </p>
   </div>
   <div class='ocr_carea' id='block_1_5' title="bbox 1149 638 1524 1014">
    <p class='ocr_par' dir='ltr' id='par_1_5' title="bbox 1149 638 1524 1014">
     <span class='ocr_line' id='line_1_5' title="bbox 1149 638 1524 1014; baseline 0 3205"><span class='ocrx_word' id='word_1_6' title='bbox 1149 638 1524 1014; x_wconf 95' lang='lat' dir='ltr'> </span> 
     </span>
    </p>
   </div>
   <div class='ocr_carea' id='block_1_6' title="bbox 218 1112 2322 1448">
    <p class='ocr_par' dir='ltr' id='par_1_6' title="bbox 309 1112 2318 1170">
     <span class='ocr_line' id='line_1_6' title="bbox 309 1112 2318 1170; baseline 0.003 -17"><span class='ocrx_word' id='word_1_7' title='bbox 309 1159 325 1161; x_wconf 29' lang='lat'><em>⁴</em></span> <span class='ocrx_word' id='word_1_8' title='bbox 356 1167 357 1170; x_wconf 11' lang='grc' dir='ltr'><strong>Ἴ</strong></span> <span class='ocrx_word' id='word_1_9' title='bbox 407 1139 414 1149; x_wconf 64' lang='lat'>.</span> <span class='ocrx_word' id='word_1_10' title='bbox 442 1159 449 1161; x_wconf 28' lang='lat'><em>⁷</em></span> <span class='ocrx_word' id='word_1_11' title='bbox 475 1137 520 1167; x_wconf 45' lang='lat' dir='ltr'><em>g</em></span> <span class='ocrx_word' id='word_1_12' title='bbox 551 1114 738 1155; x_wconf 64' lang='lat' dir='ltr'>Onera</span> <span class='ocrx_word' id='word_1_13' title='bbox 753 1127 858 1155; x_wconf 82' lang='lat' dir='ltr'>Nus</span> <span class='ocrx_word' id='word_1_14' title='bbox 887 1113 970 1154; x_wconf 93' lang='lat' dir='ltr'>III.</span> <span class='ocrx_word' id='word_1_15' title='bbox 1000 1113 1191 1154; x_wconf 86' lang='lat' dir='ltr'>Gordiani</span> <span class='ocrx_word' id='word_1_16' title='bbox 1214 1113 1385 1156; x_wconf 87' lang='lat' dir='ltr'>Africani</span> <span class='ocrx_word' id='word_1_17' title='bbox 1407 1112 1574 1155; x_wconf 91' lang='lat' dir='ltr'>Senioris</span> <span class='ocrx_word' id='word_1_18' title='bbox 1599 1127 1744 1169; x_wconf 90' lang='lat' dir='ltr'>nepos,</span> <span class='ocrx_word' id='word_1_19' title='bbox 1773 1127 1862 1155; x_wconf 90' lang='lat' dir='ltr'>cum</span> <span class='ocrx_word' id='word_1_20' title='bbox 1889 1114 2051 1156; x_wconf 87' lang='lat' dir='ltr'>Balbino</span> <span class='ocrx_word' id='word_1_21' title='bbox 2077 1118 2116 1156; x_wconf 68' lang='grc' dir='ltr'>ὃς</span> <span class='ocrx_word' id='word_1_22' title='bbox 2141 1115 2318 1170; x_wconf 84' lang='lat' dir='ltr'>Pupieno</span> 
     </span>
    </p>

    <p class='ocr_par' dir='ltr' id='par_1_7' title="bbox 380 1167 2319 1245">
     <span class='ocr_line' id='line_1_7' title="bbox 380 1167 2319 1245; baseline 0.002 -36"><span class='ocrx_word' id='word_1_23' title='bbox 380 1169 385 1175; x_wconf 87' lang='lat'>&#39;</span> <span class='ocrx_word' id='word_1_24' title='bbox 414 1167 443 1227; x_wconf 59' lang='lat' dir='ltr'>“j</span> <span class='ocrx_word' id='word_1_25' title='bbox 490 1194 531 1245; x_wconf 44' lang='lat' dir='ltr'>A}</span> <span class='ocrx_word' id='word_1_26' title='bbox 553 1170 735 1225; x_wconf 87' lang='lat' dir='ltr'>Augustis</span> <span class='ocrx_word' id='word_1_27' title='bbox 761 1171 783 1210; x_wconf 73' lang='lat' dir='ltr'>a</span> <span class='ocrx_word' id='word_1_28' title='bbox 808 1169 962 1224; x_wconf 92' lang='lat' dir='ltr'>Populo</span> <span class='ocrx_word' id='word_1_29' title='bbox 987 1169 1173 1210; x_wconf 90' lang='lat' dir='ltr'>Romano</span> <span class='ocrx_word' id='word_1_30' title='bbox 1195 1169 1322 1210; x_wconf 83' lang='lat' dir='ltr'>Caesar</span> <span class='ocrx_word' id='word_1_31' title='bbox 1348 1181 1504 1225; x_wconf 82' lang='lat' dir='ltr'>rogatus</span> <span class='ocrx_word' id='word_1_32' title='bbox 1519 1196 1532 1217; x_wconf 88' lang='lat'>‚</span> <span class='ocrx_word' id='word_1_33' title='bbox 1569 1169 1657 1224; x_wconf 89' lang='lat' dir='ltr'>ipfis</span> <span class='ocrx_word' id='word_1_34' title='bbox 1680 1171 1700 1210; x_wconf 78' lang='lat' dir='ltr'>a</span> <span class='ocrx_word' id='word_1_35' title='bbox 1726 1170 1906 1211; x_wconf 85' lang='lat' dir='ltr'>militibus</span> <span class='ocrx_word' id='word_1_36' title='bbox 1929 1170 2061 1226; x_wconf 92' lang='lat' dir='ltr'>postea</span> <span class='ocrx_word' id='word_1_37' title='bbox 2087 1171 2319 1219; x_wconf 70' lang='lat' dir='ltr'>interfeffls,</span> 
     </span>
    </p>

    <p class='ocr_par' dir='ltr' id='par_1_8' title="bbox 218 1225 2322 1448">
     <span class='ocr_line' id='line_1_8' title="bbox 235 1225 2319 1283; baseline 0.003 -21"><span class='ocrx_word' id='word_1_38' title='bbox 235 1235 274 1281; x_wconf 34' lang='grc' dir='ltr'>ιβ</span> <span class='ocrx_word' id='word_1_39' title='bbox 375 1225 385 1234; x_wconf 64' lang='grc'><strong>“</strong></span> <span class='ocrx_word' id='word_1_40' title='bbox 433 1251 446 1275; x_wconf 21' lang='grc' dir='ltr'>,χ</span> <span class='ocrx_word' id='word_1_41' title='bbox 462 1246 479 1265; x_wconf 20' lang='grc'>1,·</span> <span class='ocrx_word' id='word_1_42' title='bbox 494 1232 532 1283; x_wconf 58' lang='grc' dir='ltr'>’ἒξ</span> <span class='ocrx_word' id='word_1_43' title='bbox 549 1225 760 1280; x_wconf 84' lang='lat' dir='ltr'>Imperium</span> <span class='ocrx_word' id='word_1_44' title='bbox 780 1226 943 1280; x_wconf 89' lang='lat' dir='ltr'>adeptus</span> <span class='ocrx_word' id='word_1_45' title='bbox 958 1225 1014 1266; x_wconf 91' lang='lat' dir='ltr'>est</span> <span class='ocrx_word' id='word_1_46' title='bbox 1033 1225 1153 1266; x_wconf 83' lang='lat' dir='ltr'>aetatis</span> <span class='ocrx_word' id='word_1_47' title='bbox 1172 1239 1275 1266; x_wconf 88' lang='lat' dir='ltr'>anno</span> <span class='ocrx_word' id='word_1_48' title='bbox 1298 1231 1357 1266; x_wconf 91' lang='lat'>16.</span> <span class='ocrx_word' id='word_1_49' title='bbox 1389 1225 1517 1266; x_wconf 83' lang='lat' dir='ltr'>Persas</span> <span class='ocrx_word' id='word_1_50' title='bbox 1536 1226 1862 1280; x_wconf 86' lang='lat' dir='ltr'>Mesopotamiam</span> <span class='ocrx_word' id='word_1_51' title='bbox 1879 1230 1918 1266; x_wconf 90' lang='lat'>&amp;</span> <span class='ocrx_word' id='word_1_52' title='bbox 1934 1227 2078 1281; x_wconf 84' lang='lat' dir='ltr'>Syriam</span> <span class='ocrx_word' id='word_1_53' title='bbox 2093 1227 2319 1269; x_wconf 78' lang='lat' dir='ltr'>invadentes</span> 
     </span>
     <span class='ocr_line' id='line_1_9' title="bbox 234 1279 2320 1340; baseline 0.002 -21"><span class='ocrx_word' id='word_1_54' title='bbox 234 1291 249 1339; x_wconf 63' lang='grc' dir='ltr'>Ξ</span> <span class='ocrx_word' id='word_1_55' title='bbox 274 1309 290 1324; x_wconf 46' lang='lat' dir='ltr'>f</span> <span class='ocrx_word' id='word_1_56' title='bbox 316 1279 330 1332; x_wconf 53' lang='lat' dir='ltr'><strong><em>ff</em></strong></span> <span class='ocrx_word' id='word_1_57' title='bbox 376 1332 389 1340; x_wconf 29' lang='grc' dir='ltr'><em>κ</em></span> <span class='ocrx_word' id='word_1_58' title='bbox 449 1287 485 1331; x_wconf 45' lang='lat' dir='ltr'>[ita]</span> <span class='ocrx_word' id='word_1_59' title='bbox 503 1285 531 1338; x_wconf 69' lang='grc' dir='ltr'>ξι</span> <span class='ocrx_word' id='word_1_60' title='bbox 548 1280 696 1337; x_wconf 87' lang='lat' dir='ltr'>fugavit</span> <span class='ocrx_word' id='word_1_61' title='bbox 711 1309 724 1329; x_wconf 90' lang='lat'>‚</span> <span class='ocrx_word' id='word_1_62' title='bbox 755 1281 1006 1322; x_wconf 89' lang='lat' dir='ltr'>Antiochiam</span> <span class='ocrx_word' id='word_1_63' title='bbox 1022 1309 1035 1329; x_wconf 85' lang='lat'>‚</span> <span class='ocrx_word' id='word_1_64' title='bbox 1064 1282 1229 1322; x_wconf 86' lang='lat' dir='ltr'>Carrhas</span> <span class='ocrx_word' id='word_1_65' title='bbox 1253 1285 1292 1322; x_wconf 73' lang='grc' dir='ltr'>δε</span> <span class='ocrx_word' id='word_1_66' title='bbox 1312 1281 1467 1322; x_wconf 81' lang='lat' dir='ltr'>Nisibin</span> <span class='ocrx_word' id='word_1_67' title='bbox 1492 1283 1758 1336; x_wconf 86' lang='lat' dir='ltr'>recuperavit;</span> <span class='ocrx_word' id='word_1_68' title='bbox 1787 1281 1851 1322; x_wconf 92' lang='lat' dir='ltr'>sed</span> <span class='ocrx_word' id='word_1_69' title='bbox 1874 1294 1962 1323; x_wconf 91' lang='lat' dir='ltr'>ante</span> <span class='ocrx_word' id='word_1_70' title='bbox 1985 1282 2061 1322; x_wconf 91' lang='lat' dir='ltr'>hoc</span> <span class='ocrx_word' id='word_1_71' title='bbox 2086 1283 2225 1324; x_wconf 89' lang='lat' dir='ltr'>bellum</span> <span class='ocrx_word' id='word_1_72' title='bbox 2246 1283 2320 1324; x_wconf 91' lang='lat' dir='ltr'>sus-</span> 
     </span>
     <span class='ocr_line' id='line_1_10' title="bbox 249 1336 2322 1397; baseline 0.002 -22.959"><span class='ocrx_word' id='word_1_73' title='bbox 249 1343 252 1352; x_wconf 80' lang='grc'><strong>’</strong></span> <span class='ocrx_word' id='word_1_74' title='bbox 292 1344 403 1397; x_wconf 37' lang='lat'>5(</span> <span class='ocrx_word' id='word_1_75' title='bbox 489 1339 530 1393; x_wconf 65' lang='grc' dir='ltr'>,ξ’</span> <span class='ocrx_word' id='word_1_76' title='bbox 547 1350 726 1392; x_wconf 89' lang='lat' dir='ltr'>ceptum,</span> <span class='ocrx_word' id='word_1_77' title='bbox 754 1337 847 1378; x_wconf 86' lang='lat' dir='ltr'>fecit</span> <span class='ocrx_word' id='word_1_78' title='bbox 863 1338 932 1378; x_wconf 89' lang='lat' dir='ltr'>iter</span> <span class='ocrx_word' id='word_1_79' title='bbox 949 1337 990 1378; x_wconf 91' lang='lat' dir='ltr'>in</span> <span class='ocrx_word' id='word_1_80' title='bbox 1012 1337 1207 1384; x_wconf 85' lang='lat' dir='ltr'>Maefiam,</span> <span class='ocrx_word' id='word_1_81' title='bbox 1235 1340 1274 1377; x_wconf 90' lang='lat'>&amp;</span> <span class='ocrx_word' id='word_1_82' title='bbox 1291 1336 1486 1391; x_wconf 89' lang='lat' dir='ltr'>quidquid</span> <span class='ocrx_word' id='word_1_83' title='bbox 1503 1337 1672 1378; x_wconf 88' lang='lat' dir='ltr'>hostium</span> <span class='ocrx_word' id='word_1_84' title='bbox 1693 1338 1733 1377; x_wconf 93' lang='lat' dir='ltr'>in</span> <span class='ocrx_word' id='word_1_85' title='bbox 1751 1337 1919 1379; x_wconf 87' lang='lat' dir='ltr'>Thracia</span> <span class='ocrx_word' id='word_1_86' title='bbox 1935 1338 2007 1378; x_wconf 90' lang='lat' dir='ltr'>fuit</span> <span class='ocrx_word' id='word_1_87' title='bbox 2022 1365 2035 1385; x_wconf 91' lang='lat'><strong><em>,</em></strong></span> <span class='ocrx_word' id='word_1_88' title='bbox 2064 1338 2228 1386; x_wconf 88' lang='lat' dir='ltr'>delevit,</span> <span class='ocrx_word' id='word_1_89' title='bbox 2255 1351 2322 1380; x_wconf 87' lang='lat' dir='ltr'>ex-</span> 
     </span>
     <span class='ocr_line' id='line_1_11' title="bbox 218 1386 2322 1448; baseline 0.002 -17"><span class='ocrx_word' id='word_1_90' title='bbox 218 1400 222 1407; x_wconf 82' lang='grc'><em>·</em></span> <span class='ocrx_word' id='word_1_91' title='bbox 270 1412 274 1421; x_wconf 87' lang='grc'><strong><em>·</em></strong></span> <span class='ocrx_word' id='word_1_92' title='bbox 317 1411 326 1423; x_wconf 86' lang='lat'>=·</span> <span class='ocrx_word' id='word_1_93' title='bbox 377 1414 392 1431; x_wconf 71' lang='grc' dir='ltr'><em>ω</em></span> <span class='ocrx_word' id='word_1_94' title='bbox 409 1386 457 1431; x_wconf 45' lang='lat' dir='ltr'>⁰12ss</span> <span class='ocrx_word' id='word_1_95' title='bbox 487 1395 519 1434; x_wconf 52' lang='grc' dir='ltr'>’ἒ</span> <span class='ocrx_word' id='word_1_96' title='bbox 546 1394 643 1446; x_wconf 84' lang='lat' dir='ltr'>pulit</span> <span class='ocrx_word' id='word_1_97' title='bbox 666 1405 785 1448; x_wconf 88' lang='lat' dir='ltr'>atque</span> <span class='ocrx_word' id='word_1_98' title='bbox 809 1393 1043 1440; x_wconf 83' lang='lat' dir='ltr'>summovit;</span> <span class='ocrx_word' id='word_1_99' title='bbox 1077 1393 1118 1433; x_wconf 88' lang='lat' dir='ltr'>in</span> <span class='ocrx_word' id='word_1_100' title='bbox 1135 1393 1342 1434; x_wconf 88' lang='lat' dir='ltr'>Coloniam</span> <span class='ocrx_word' id='word_1_101' title='bbox 1361 1393 1580 1447; x_wconf 84' lang='lat' dir='ltr'>Legionum</span> <span class='ocrx_word' id='word_1_102' title='bbox 1603 1407 1718 1434; x_wconf 89' lang='lat'>1111.</span> <span class='ocrx_word' id='word_1_103' title='bbox 1737 1396 1775 1433; x_wconf 91' lang='lat'>&amp;</span> <span class='ocrx_word' id='word_1_104' title='bbox 1795 1407 1889 1434; x_wconf 77' lang='lat' dir='ltr'>vu.</span> <span class='ocrx_word' id='word_1_105' title='bbox 1917 1394 2134 1435; x_wconf 87' lang='lat' dir='ltr'>Veteranos</span> <span class='ocrx_word' id='word_1_106' title='bbox 2161 1393 2322 1435; x_wconf 88' lang='lat' dir='ltr'>V1M1-</span> 
     </span>
    </p>
   </div>
   <div class='ocr_carea' id='block_1_7' title="bbox 216 1447 2321 1558">
    <p class='ocr_par' dir='ltr' id='par_1_9' title="bbox 216 1447 2321 1558">
     <span class='ocr_line' id='line_1_12' title="bbox 216 1447 2321 1543; baseline 0.004 -59"><span class='ocrx_word' id='word_1_107' title='bbox 216 1457 355 1541; x_wconf 50' lang='lat' dir='ltr'>{halm</span> <span class='ocrx_word' id='word_1_108' title='bbox 370 1460 447 1508; x_wconf 46' lang='grc' dir='ltr'>ΝΜ</span> <span class='ocrx_word' id='word_1_109' title='bbox 466 1448 620 1543; x_wconf 35' lang='grc' dir='ltr'>Ιὲίοείῑεε</span> <span class='ocrx_word' id='word_1_110' title='bbox 636 1448 851 1511; x_wconf 34' lang='lat' dir='ltr'>&#39;superioris</span> <span class='ocrx_word' id='word_1_111' title='bbox 873 1448 1008 1490; x_wconf 88' lang='lat' dir='ltr'>urbem</span> <span class='ocrx_word' id='word_1_112' title='bbox 1031 1447 1193 1490; x_wconf 90' lang='lat' dir='ltr'>deduxit</span> <span class='ocrx_word' id='word_1_113' title='bbox 1210 1475 1223 1496; x_wconf 87' lang='lat'>‚</span> <span class='ocrx_word' id='word_1_114' title='bbox 1252 1449 1512 1489; x_wconf 88' lang='lat' dir='ltr'>Tribunitiam</span> <span class='ocrx_word' id='word_1_115' title='bbox 1536 1449 1768 1503; x_wconf 87' lang='lat' dir='ltr'>potestatem</span> <span class='ocrx_word' id='word_1_116' title='bbox 1792 1464 1839 1491; x_wconf 84' lang='lat' dir='ltr'>vl</span> <span class='ocrx_word' id='word_1_117' title='bbox 1851 1464 1884 1492; x_wconf 87' lang='lat'>1.</span> <span class='ocrx_word' id='word_1_118' title='bbox 1912 1450 2075 1505; x_wconf 89' lang='lat' dir='ltr'>adeptus</span> <span class='ocrx_word' id='word_1_119' title='bbox 2091 1477 2104 1498; x_wconf 87' lang='lat'>‚</span> <span class='ocrx_word' id='word_1_120' title='bbox 2131 1463 2234 1491; x_wconf 89' lang='lat' dir='ltr'>anno</span> <span class='ocrx_word' id='word_1_121' title='bbox 2256 1463 2321 1492; x_wconf 78' lang='lat'><strong>22·-</strong></span> 
     </span>
     <span class='ocr_line' id='line_1_13' title="bbox 278 1515 697 1558; baseline 0.014 -19"><span class='ocrx_word' id='word_1_122' title='bbox 278 1515 384 1555; x_wconf 83' lang='lat' dir='ltr'>1ipp1</span> <span class='ocrx_word' id='word_1_123' title='bbox 403 1515 473 1544; x_wconf 78' lang='lat' dir='ltr'>arti</span> <span class='ocrx_word' id='word_1_124' title='bbox 505 1517 546 1544; x_wconf 89' lang='lat' dir='ltr'>us</span> <span class='ocrx_word' id='word_1_125' title='bbox 563 1517 697 1558; x_wconf 83' lang='lat' dir='ltr'>pernt..</span> 
     </span>
    </p>
   </div>
   <div class='ocr_carea' id='block_1_8' title="bbox 213 1119 536 1338">
    <p class='ocr_par' dir='ltr' id='par_1_10' title="bbox 213 1119 536 1338">
     <span class='ocr_line' id='line_1_14' title="bbox 213 1119 536 1338; baseline 0 -87"><span class='ocrx_word' id='word_1_126' title='bbox 213 1119 503 1338; x_wconf 95' lang='lat' dir='ltr'>   </span> <span class='ocrx_word' id='word_1_127' title='bbox 522 1119 536 1251; x_wconf 95' lang='lat' dir='ltr'> </span> 
     </span>
    </p>
   </div>
   <div class='ocr_carea' id='block_1_9' title="bbox 273 1578 1513 1638">
    <p class='ocr_par' dir='ltr' id='par_1_11' title="bbox 273 1578 1513 1638">
     <span class='ocr_line' id='line_1_15' title="bbox 273 1578 1513 1638; baseline 0.002 -19"><span class='ocrx_word' id='word_1_128' title='bbox 273 1578 314 1619; x_wconf 94' lang='lat' dir='ltr'>G</span> <span class='ocrx_word' id='word_1_129' title='bbox 324 1594 349 1620; x_wconf 94' lang='lat' dir='ltr'>o</span> <span class='ocrx_word' id='word_1_130' title='bbox 359 1593 389 1621; x_wconf 82' lang='lat' dir='ltr'>R</span> <span class='ocrx_word' id='word_1_131' title='bbox 399 1595 426 1621; x_wconf 89' lang='lat' dir='ltr'>D</span> <span class='ocrx_word' id='word_1_132' title='bbox 438 1595 454 1621; x_wconf 85' lang='lat'>1</span> <span class='ocrx_word' id='word_1_133' title='bbox 467 1596 494 1622; x_wconf 85' lang='lat' dir='ltr'><strong>A</strong></span> <span class='ocrx_word' id='word_1_134' title='bbox 507 1596 537 1622; x_wconf 99' lang='lat' dir='ltr'>N</span> <span class='ocrx_word' id='word_1_135' title='bbox 550 1597 565 1623; x_wconf 90' lang='lat'>1</span> <span class='ocrx_word' id='word_1_136' title='bbox 595 1586 738 1624; x_wconf 81' lang='lat' dir='ltr'>nummi</span> <span class='ocrx_word' id='word_1_137' title='bbox 753 1597 802 1624; x_wconf 84' lang='lat' dir='ltr'>ex</span> <span class='ocrx_word' id='word_1_138' title='bbox 819 1585 919 1624; x_wconf 80' lang='lat' dir='ltr'>omni</span> <span class='ocrx_word' id='word_1_139' title='bbox 936 1581 1083 1623; x_wconf 83' lang='lat' dir='ltr'>modulo</span> <span class='ocrx_word' id='word_1_140' title='bbox 1098 1581 1203 1622; x_wconf 79' lang='lat' dir='ltr'>obvii</span> <span class='ocrx_word' id='word_1_141' title='bbox 1223 1579 1271 1626; x_wconf 61' lang='grc' dir='ltr'><strong><em>ὠ</em></strong></span> <span class='ocrx_word' id='word_1_142' title='bbox 1276 1581 1513 1638; x_wconf 83' lang='lat' dir='ltr'>frequentes.</span> 
     </span>
    </p>
   </div>
   <div class='ocr_carea' id='block_1_10' title="bbox 889 1685 1667 1740">
    <p class='ocr_par' dir='ltr' id='par_1_12' title="bbox 889 1685 1667 1740">
     <span class='ocr_line' id='line_1_16' title="bbox 889 1685 1667 1740; baseline -0.001 -12"><span class='ocrx_word' id='word_1_143' title='bbox 889 1685 1450 1729; x_wconf 88' lang='lat' dir='ltr'><em>ANTIOCHIA</em></span> <span class='ocrx_word' id='word_1_144' title='bbox 1502 1686 1667 1740; x_wconf 73' lang='lat' dir='ltr'>Pistdiae.</span> 
     </span>
    </p>
   </div>
   <div class='ocr_carea' id='block_1_11' title="bbox 1082 1799 1532 2248">
    <p class='ocr_par' dir='ltr' id='par_1_13' title="bbox 1082 1799 1532 2248">
     <span class='ocr_line' id='line_1_17' title="bbox 1082 1799 1532 2248; baseline 0 1971"><span class='ocrx_word' id='word_1_145' title='bbox 1082 1799 1532 2248; x_wconf 95' lang='lat' dir='ltr'> </span> 
     </span>
    </p>
   </div>
   <div class='ocr_carea' id='block_1_12' title="bbox 221 2329 2338 2444">
    <p class='ocr_par' dir='ltr' id='par_1_14' title="bbox 221 2329 2338 2444">
     <span class='ocr_line' id='line_1_18' title="bbox 221 2329 2338 2388; baseline -0.005 -9"><span class='ocrx_word' id='word_1_146' title='bbox 221 2350 334 2380; x_wconf 76' lang='grc' dir='ltr'>ῙΜΡ.</span> <span class='ocrx_word' id='word_1_147' title='bbox 367 2348 516 2377; x_wconf 68' lang='lat' dir='ltr'>cans.</span> <span class='ocrx_word' id='word_1_148' title='bbox 545 2349 597 2376; x_wconf 88' lang='lat' dir='ltr'>M.</span> <span class='ocrx_word' id='word_1_149' title='bbox 630 2348 754 2376; x_wconf 72' lang='lat' dir='ltr'>ANT.</span> <span class='ocrx_word' id='word_1_150' title='bbox 786 2347 1117 2376; x_wconf 71' lang='lat' dir='ltr'>Gonn1Ast</span> <span class='ocrx_word' id='word_1_151' title='bbox 1151 2347 1272 2376; x_wconf 70' lang='lat' dir='ltr'>Avo.</span> <span class='ocrx_word' id='word_1_152' title='bbox 1302 2333 1437 2388; x_wconf 87' lang='lat' dir='ltr'>Caput</span> <span class='ocrx_word' id='word_1_153' title='bbox 1459 2329 1653 2374; x_wconf 85' lang='lat' dir='ltr'>Gordiani</span> <span class='ocrx_word' id='word_1_154' title='bbox 1670 2332 1897 2374; x_wconf 74' lang='lat' dir='ltr'>laureatum.</span> <span class='ocrx_word' id='word_1_155' title='bbox 2046 2376 2049 2380; x_wconf 48' lang='grc'><em>,</em></span> <span class='ocrx_word' id='word_1_156' title='bbox 2089 2380 2100 2382; x_wconf 28' lang='lat'>..</span> <span class='ocrx_word' id='word_1_157' title='bbox 2126 2368 2128 2370; x_wconf 79' lang='grc'>,</span> <span class='ocrx_word' id='word_1_158' title='bbox 2166 2375 2169 2377; x_wconf 53' lang='grc'><em>,</em></span> <span class='ocrx_word' id='word_1_159' title='bbox 2276 2376 2278 2380; x_wconf 94' lang='lat'>.</span> <span class='ocrx_word' id='word_1_160' title='bbox 2329 2361 2338 2377; x_wconf 68' lang='grc'>,.</span> 
     </span>
     <span class='ocr_line' id='line_1_19' title="bbox 279 2386 2337 2444; baseline -0.003 -10"><span class='ocrx_word' id='word_1_161' title='bbox 279 2407 303 2434; x_wconf 88' lang='lat' dir='ltr'>c</span> <span class='ocrx_word' id='word_1_162' title='bbox 315 2407 341 2434; x_wconf 90' lang='lat' dir='ltr'>o</span> <span class='ocrx_word' id='word_1_163' title='bbox 353 2407 391 2434; x_wconf 75' lang='lat' dir='ltr'>L.</span> <span class='ocrx_word' id='word_1_164' title='bbox 422 2406 445 2434; x_wconf 92' lang='lat' dir='ltr'>c</span> <span class='ocrx_word' id='word_1_165' title='bbox 459 2406 485 2432; x_wconf 88' lang='lat' dir='ltr'>A</span> <span class='ocrx_word' id='word_1_166' title='bbox 498 2407 521 2432; x_wconf 84' lang='lat' dir='ltr'>E</span> <span class='ocrx_word' id='word_1_167' title='bbox 535 2406 567 2432; x_wconf 92' lang='lat' dir='ltr'>s.</span> <span class='ocrx_word' id='word_1_168' title='bbox 602 2405 628 2432; x_wconf 84' lang='lat' dir='ltr'>A</span> <span class='ocrx_word' id='word_1_169' title='bbox 642 2405 672 2431; x_wconf 92' lang='lat' dir='ltr'>N</span> <span class='ocrx_word' id='word_1_170' title='bbox 685 2405 709 2432; x_wconf 88' lang='lat' dir='ltr'>T</span> <span class='ocrx_word' id='word_1_171' title='bbox 722 2405 774 2432; x_wconf 91' lang='lat'>10</span> <span class='ocrx_word' id='word_1_172' title='bbox 789 2406 821 2432; x_wconf 94' lang='lat' dir='ltr'>c.</span> <span class='ocrx_word' id='word_1_173' title='bbox 851 2392 891 2432; x_wconf 90' lang='lat' dir='ltr'>in</span> <span class='ocrx_word' id='word_1_174' title='bbox 911 2389 992 2432; x_wconf 91' lang='lat' dir='ltr'>imo</span> <span class='ocrx_word' id='word_1_175' title='bbox 1011 2404 1044 2431; x_wconf 79' lang='lat' dir='ltr'>s,</span> <span class='ocrx_word' id='word_1_176' title='bbox 1068 2404 1110 2432; x_wconf 77' lang='lat' dir='ltr'>R.</span> <span class='ocrx_word' id='word_1_177' title='bbox 1146 2391 1302 2432; x_wconf 89' lang='lat' dir='ltr'>Colonia</span> <span class='ocrx_word' id='word_1_178' title='bbox 1326 2388 1498 2442; x_wconf 83' lang='lat' dir='ltr'>Caefizrea</span> <span class='ocrx_word' id='word_1_179' title='bbox 1521 2388 1746 2435; x_wconf 82' lang='lat' dir='ltr'>Antiochia.</span> <span class='ocrx_word' id='word_1_180' title='bbox 1785 2389 1885 2429; x_wconf 87' lang='lat' dir='ltr'>Duae</span> <span class='ocrx_word' id='word_1_181' title='bbox 1912 2386 2043 2444; x_wconf 75' lang='lat' dir='ltr'>figurae</span> <span class='ocrx_word' id='word_1_182' title='bbox 2070 2387 2214 2437; x_wconf 76' lang='lat' dir='ltr'>stantes,</span> <span class='ocrx_word' id='word_1_183' title='bbox 2232 2387 2337 2436; x_wconf 53' lang='lat' dir='ltr'>dein..</span> 
     </span>
    </p>
   </div>
   <div class='ocr_carea' id='block_1_13' title="bbox 332 2436 2331 2560">
    <p class='ocr_par' dir='ltr' id='par_1_15' title="bbox 332 2436 2331 2560">
     <span class='ocr_line' id='line_1_20' title="bbox 332 2436 2331 2544; baseline -0.001 -55"><span class='ocrx_word' id='word_1_184' title='bbox 332 2460 429 2513; x_wconf 76' lang='lat' dir='ltr'>tram</span> <span class='ocrx_word' id='word_1_185' title='bbox 446 2446 519 2544; x_wconf 70' lang='lat' dir='ltr'>1sibi</span> <span class='ocrx_word' id='word_1_186' title='bbox 535 2448 598 2488; x_wconf 73' lang='lat' dir='ltr'>ara</span> <span class='ocrx_word' id='word_1_187' title='bbox 609 2446 836 2489; x_wconf 58' lang='lat' dir='ltr'>intermedia</span> <span class='ocrx_word' id='word_1_188' title='bbox 851 2447 1073 2503; x_wconf 87' lang='lat' dir='ltr'>porrigunt,</span> <span class='ocrx_word' id='word_1_189' title='bbox 1101 2446 1216 2489; x_wconf 90' lang='lat' dir='ltr'>virilis</span> <span class='ocrx_word' id='word_1_190' title='bbox 1233 2445 1393 2501; x_wconf 91' lang='lat' dir='ltr'>quidem</span> <span class='ocrx_word' id='word_1_191' title='bbox 1412 2443 1506 2486; x_wconf 65' lang='lat' dir='ltr'>laevzi</span> <span class='ocrx_word' id='word_1_192' title='bbox 1522 2444 1739 2486; x_wconf 87' lang='lat' dir='ltr'>concordiae</span> <span class='ocrx_word' id='word_1_193' title='bbox 1757 2436 1909 2500; x_wconf 70' lang='lat' dir='ltr'>signum</span> <span class='ocrx_word' id='word_1_194' title='bbox 1923 2445 2080 2488; x_wconf 76' lang='lat' dir='ltr'>sustinet</span> <span class='ocrx_word' id='word_1_195' title='bbox 2090 2471 2104 2492; x_wconf 91' lang='lat'>,</span> <span class='ocrx_word' id='word_1_196' title='bbox 2130 2444 2331 2493; x_wconf 64' lang='lat' dir='ltr'>muliebris</span> 
     </span>
     <span class='ocr_line' id='line_1_21' title="bbox 333 2515 643 2560; baseline -0.003 -15"><span class='ocrx_word' id='word_1_197' title='bbox 333 2518 428 2545; x_wconf 85' lang='lat' dir='ltr'>vero</span> <span class='ocrx_word' id='word_1_198' title='bbox 461 2515 643 2560; x_wconf 87' lang='lat' dir='ltr'>ceptrum.</span> 
     </span>
    </p>
   </div>
   <div class='ocr_carea' id='block_1_14' title="bbox 223 2577 2335 3083">
    <p class='ocr_par' dir='ltr' id='par_1_16' title="bbox 223 2577 2335 3083">
     <span class='ocr_line' id='line_1_22' title="bbox 278 2577 2335 2637; baseline -0.002 -13"><span class='ocrx_word' id='word_1_199' title='bbox 278 2583 486 2624; x_wconf 88' lang='lat' dir='ltr'>Antiochia</span> <span class='ocrx_word' id='word_1_200' title='bbox 505 2582 672 2629; x_wconf 65' lang='lat' dir='ltr'>Pisidiae,</span> <span class='ocrx_word' id='word_1_201' title='bbox 701 2582 873 2623; x_wconf 86' lang='lat' dir='ltr'>Caesarea</span> <span class='ocrx_word' id='word_1_202' title='bbox 889 2581 939 2622; x_wconf 90' lang='lat' dir='ltr'>ab</span> <span class='ocrx_word' id='word_1_203' title='bbox 958 2581 1137 2637; x_wconf 86' lang='lat' dir='ltr'>Augusto</span> <span class='ocrx_word' id='word_1_204' title='bbox 1155 2580 1335 2621; x_wconf 86' lang='lat' dir='ltr'>Coloniae</span> <span class='ocrx_word' id='word_1_205' title='bbox 1355 2579 1558 2621; x_wconf 83' lang='lat' dir='ltr'>fundatore</span> <span class='ocrx_word' id='word_1_206' title='bbox 1574 2591 1731 2626; x_wconf 88' lang='lat' dir='ltr'>vocata,</span> <span class='ocrx_word' id='word_1_207' title='bbox 1760 2579 1966 2620; x_wconf 82' lang='lat' dir='ltr'>Gordiano</span> <span class='ocrx_word' id='word_1_208' title='bbox 1979 2592 2162 2624; x_wconf 86' lang='lat' dir='ltr'>nummos</span> <span class='ocrx_word' id='word_1_209' title='bbox 2176 2577 2335 2626; x_wconf 75' lang='lat' dir='ltr'>dedica-i</span> 
     </span>
     <span class='ocr_line' id='line_1_23' title="bbox 223 2635 2333 2692; baseline -0.001 -14"><span class='ocrx_word' id='word_1_210' title='bbox 223 2639 301 2685; x_wconf 88' lang='lat' dir='ltr'>vit,</span> <span class='ocrx_word' id='word_1_211' title='bbox 331 2638 357 2679; x_wconf 91' lang='lat' dir='ltr'>s1</span> <span class='ocrx_word' id='word_1_212' title='bbox 376 2639 471 2679; x_wconf 90' lang='lat' dir='ltr'>mihi</span> <span class='ocrx_word' id='word_1_213' title='bbox 487 2640 714 2692; x_wconf 66' lang='lat' dir='ltr'>conjecturae</span> <span class='ocrx_word' id='word_1_214' title='bbox 731 2638 857 2685; x_wconf 87' lang='lat' dir='ltr'>locus,</span> <span class='ocrx_word' id='word_1_215' title='bbox 886 2639 976 2677; x_wconf 79' lang='lat' dir='ltr'>cum</span> <span class='ocrx_word' id='word_1_216' title='bbox 1000 2637 1178 2692; x_wconf 28' lang='lat' dir='ltr'>illeahanc</span> <span class='ocrx_word' id='word_1_217' title='bbox 1203 2637 1356 2683; x_wconf 89' lang='lat' dir='ltr'>urbem,</span> <span class='ocrx_word' id='word_1_218' title='bbox 1386 2637 1425 2675; x_wconf 88' lang='lat' dir='ltr'>in</span> <span class='ocrx_word' id='word_1_219' title='bbox 1447 2636 1593 2690; x_wconf 86' lang='lat' dir='ltr'>Syriam</span> <span class='ocrx_word' id='word_1_220' title='bbox 1617 2648 1750 2677; x_wconf 87' lang='lat' dir='ltr'>contra</span> <span class='ocrx_word' id='word_1_221' title='bbox 1774 2635 1903 2676; x_wconf 86' lang='lat' dir='ltr'>Persas</span> <span class='ocrx_word' id='word_1_222' title='bbox 1923 2635 2182 2681; x_wconf 85' lang='lat' dir='ltr'>contendens,</span> <span class='ocrx_word' id='word_1_223' title='bbox 2211 2635 2333 2676; x_wconf 60' lang='lat' dir='ltr'>cornia</span> 
     </span>
     <span class='ocr_line' id='line_1_24' title="bbox 225 2690 2330 2749; baseline -0.002 -15"><span class='ocrx_word' id='word_1_224' title='bbox 225 2705 330 2734; x_wconf 84' lang='lat' dir='ltr'>tante</span> <span class='ocrx_word' id='word_1_225' title='bbox 348 2709 466 2735; x_wconf 79' lang='lat' dir='ltr'>uxore</span> <span class='ocrx_word' id='word_1_226' title='bbox 481 2694 747 2748; x_wconf 82' lang='lat' dir='ltr'>Tranquillina</span> <span class='ocrx_word' id='word_1_227' title='bbox 757 2721 768 2740; x_wconf 85' lang='lat'>,</span> <span class='ocrx_word' id='word_1_228' title='bbox 795 2693 980 2749; x_wconf 77' lang='lat' dir='ltr'>ingressus</span> <span class='ocrx_word' id='word_1_229' title='bbox 999 2693 1054 2733; x_wconf 92' lang='lat' dir='ltr'>est</span> <span class='ocrx_word' id='word_1_230' title='bbox 1064 2719 1076 2739; x_wconf 84' lang='lat'>,</span> <span class='ocrx_word' id='word_1_231' title='bbox 1103 2692 1195 2733; x_wconf 93' lang='lat' dir='ltr'>ideo</span> <span class='ocrx_word' id='word_1_232' title='bbox 1214 2691 1459 2746; x_wconf 87' lang='lat' dir='ltr'>Imperatoris</span> <span class='ocrx_word' id='word_1_233' title='bbox 1475 2695 1514 2731; x_wconf 89' lang='lat'>&amp;</span> <span class='ocrx_word' id='word_1_234' title='bbox 1530 2691 1712 2747; x_wconf 79' lang='lat' dir='ltr'>Augustae</span> <span class='ocrx_word' id='word_1_235' title='bbox 1729 2690 1866 2746; x_wconf 88' lang='lat' dir='ltr'>figuras</span> <span class='ocrx_word' id='word_1_236' title='bbox 1882 2691 1935 2732; x_wconf 93' lang='lat' dir='ltr'>ob</span> <span class='ocrx_word' id='word_1_237' title='bbox 1952 2704 2083 2731; x_wconf 89' lang='lat' dir='ltr'>recens</span> <span class='ocrx_word' id='word_1_238' title='bbox 2100 2704 2234 2731; x_wconf 89' lang='lat' dir='ltr'>eorum</span> <span class='ocrx_word' id='word_1_239' title='bbox 2250 2705 2330 2731; x_wconf 88' lang='lat' dir='ltr'>ma-</span> 
     </span>
     <span class='ocr_line' id='line_1_25' title="bbox 227 2744 2329 2803; baseline -0.003 -12"><span class='ocrx_word' id='word_1_240' title='bbox 227 2751 449 2792; x_wconf 87' lang='lat' dir='ltr'>trimonium</span> <span class='ocrx_word' id='word_1_241' title='bbox 468 2750 617 2790; x_wconf 85' lang='lat' dir='ltr'>dextras</span> <span class='ocrx_word' id='word_1_242' title='bbox 634 2750 700 2789; x_wconf 83' lang='lat' dir='ltr'>fibi</span> <span class='ocrx_word' id='word_1_243' title='bbox 718 2750 882 2790; x_wconf 88' lang='lat' dir='ltr'>invicem</span> <span class='ocrx_word' id='word_1_244' title='bbox 900 2749 1136 2803; x_wconf 86' lang='lat' dir='ltr'>porrigentes</span> <span class='ocrx_word' id='word_1_245' title='bbox 1152 2748 1347 2803; x_wconf 76' lang='lat' dir='ltr'>signarunt</span> <span class='ocrx_word' id='word_1_246' title='bbox 1367 2768 1379 2794; x_wconf 78' lang='lat'>3</span> <span class='ocrx_word' id='word_1_247' title='bbox 1408 2746 1633 2788; x_wconf 89' lang='lat' dir='ltr'>Gordianus</span> <span class='ocrx_word' id='word_1_248' title='bbox 1653 2748 1756 2788; x_wconf 89' lang='lat' dir='ltr'>enim</span> <span class='ocrx_word' id='word_1_249' title='bbox 1775 2747 1893 2802; x_wconf 79' lang='lat' dir='ltr'>paulo</span> <span class='ocrx_word' id='word_1_250' title='bbox 1915 2757 2005 2786; x_wconf 89' lang='lat' dir='ltr'>ante</span> <span class='ocrx_word' id='word_1_251' title='bbox 2021 2760 2068 2786; x_wconf 89' lang='lat' dir='ltr'>ex</span> <span class='ocrx_word' id='word_1_252' title='bbox 2085 2747 2178 2786; x_wconf 89' lang='lat' dir='ltr'>urbe</span> <span class='ocrx_word' id='word_1_253' title='bbox 2196 2744 2329 2786; x_wconf 87' lang='lat' dir='ltr'>disces-</span> 
     </span>
     <span class='ocr_line' id='line_1_26' title="bbox 227 2800 2330 2858; baseline -0.002 -12"><span class='ocrx_word' id='word_1_254' title='bbox 227 2806 307 2847; x_wconf 90' lang='lat' dir='ltr'>sum</span> <span class='ocrx_word' id='word_1_255' title='bbox 327 2805 499 2846; x_wconf 78' lang='lat' dir='ltr'>Misithei</span> <span class='ocrx_word' id='word_1_256' title='bbox 518 2805 630 2845; x_wconf 85' lang='lat' dir='ltr'>filiam</span> <span class='ocrx_word' id='word_1_257' title='bbox 654 2806 693 2844; x_wconf 90' lang='lat' dir='ltr'>in</span> <span class='ocrx_word' id='word_1_258' title='bbox 711 2818 870 2844; x_wconf 84' lang='lat' dir='ltr'>uxorem</span> <span class='ocrx_word' id='word_1_259' title='bbox 887 2804 1017 2850; x_wconf 85' lang='lat' dir='ltr'>duxit,</span> <span class='ocrx_word' id='word_1_260' title='bbox 1046 2805 1140 2844; x_wconf 91' lang='lat' dir='ltr'>teste</span> <span class='ocrx_word' id='word_1_261' title='bbox 1157 2805 1287 2858; x_wconf 85' lang='lat' dir='ltr'>Capit.</span> <span class='ocrx_word' id='word_1_262' title='bbox 1320 2803 1538 2843; x_wconf 77' lang='lat' dir='ltr'>Gordianus</span> <span class='ocrx_word' id='word_1_263' title='bbox 1546 2802 1656 2857; x_wconf 79' lang='lat' dir='ltr'>priics</span> <span class='ocrx_word' id='word_1_264' title='bbox 1671 2803 1783 2858; x_wconf 69' lang='lat' dir='ltr'>qudm</span> <span class='ocrx_word' id='word_1_265' title='bbox 1799 2803 1853 2842; x_wconf 86' lang='lat' dir='ltr'>ad</span> <span class='ocrx_word' id='word_1_266' title='bbox 1867 2801 2002 2842; x_wconf 88' lang='lat' dir='ltr'><em>bellum</em></span> <span class='ocrx_word' id='word_1_267' title='bbox 2010 2800 2330 2856; x_wconf 47' lang='lat' dir='ltr'>proficiscessetur,</span> 
     </span>
     <span class='ocr_line' id='line_1_27' title="bbox 226 2856 2328 2915; baseline -0.001 -14"><span class='ocrx_word' id='word_1_268' title='bbox 226 2862 342 2902; x_wconf 75' lang='lat' dir='ltr'>duxit</span> <span class='ocrx_word' id='word_1_269' title='bbox 360 2875 512 2901; x_wconf 75' lang='lat' dir='ltr'>uxorem</span> <span class='ocrx_word' id='word_1_270' title='bbox 521 2860 646 2910; x_wconf 77' lang='lat' dir='ltr'>filiam</span> <span class='ocrx_word' id='word_1_271' title='bbox 665 2859 845 2908; x_wconf 74' lang='lat' dir='ltr'>Mifitloei.</span> <span class='ocrx_word' id='word_1_272' title='bbox 891 2859 1084 2914; x_wconf 84' lang='lat' dir='ltr'>Augustus</span> <span class='ocrx_word' id='word_1_273' title='bbox 1109 2863 1147 2899; x_wconf 86' lang='lat'>&amp;</span> <span class='ocrx_word' id='word_1_274' title='bbox 1173 2859 1347 2915; x_wconf 85' lang='lat' dir='ltr'>Augusta</span> <span class='ocrx_word' id='word_1_275' title='bbox 1368 2858 1479 2912; x_wconf 91' lang='lat' dir='ltr'>super</span> <span class='ocrx_word' id='word_1_276' title='bbox 1497 2872 1601 2899; x_wconf 87' lang='lat' dir='ltr'>aram</span> <span class='ocrx_word' id='word_1_277' title='bbox 1618 2858 1769 2900; x_wconf 88' lang='lat' dir='ltr'>dextras</span> <span class='ocrx_word' id='word_1_278' title='bbox 1783 2858 1952 2914; x_wconf 89' lang='lat' dir='ltr'>jungunt</span> <span class='ocrx_word' id='word_1_279' title='bbox 1972 2857 2011 2897; x_wconf 91' lang='lat' dir='ltr'>in</span> <span class='ocrx_word' id='word_1_280' title='bbox 2030 2856 2141 2902; x_wconf 89' lang='lat' dir='ltr'>fidei,</span> <span class='ocrx_word' id='word_1_281' title='bbox 2169 2856 2328 2898; x_wconf 85' lang='lat' dir='ltr'>testibus</span> 
     </span>
     <span class='ocr_line' id='line_1_28' title="bbox 227 2914 2329 2969; baseline -0.002 -14"><span class='ocrx_word' id='word_1_282' title='bbox 227 2917 334 2963; x_wconf 86' lang='lat' dir='ltr'>Diis,</span> <span class='ocrx_word' id='word_1_283' title='bbox 348 2928 664 2962; x_wconf 86' lang='lat' dir='ltr'>monumentum,</span> <span class='ocrx_word' id='word_1_284' title='bbox 681 2929 771 2954; x_wconf 85' lang='lat' dir='ltr'>nam</span> <span class='ocrx_word' id='word_1_285' title='bbox 786 2927 826 2955; x_wconf 90' lang='lat' dir='ltr'>ut</span> <span class='ocrx_word' id='word_1_286' title='bbox 836 2914 1033 2955; x_wconf 90' lang='lat' dir='ltr'>Diodorus</span> <span class='ocrx_word' id='word_1_287' title='bbox 1047 2914 1098 2955; x_wconf 86' lang='lat' dir='ltr'>ait</span> <span class='ocrx_word' id='word_1_288' title='bbox 1116 2915 1175 2955; x_wconf 90' lang='lat' dir='ltr'>lib.</span> <span class='ocrx_word' id='word_1_289' title='bbox 1191 2920 1250 2956; x_wconf 90' lang='lat'>16.</span> <span class='ocrx_word' id='word_1_290' title='bbox 1265 2929 1350 2969; x_wconf 89' lang='lat' dir='ltr'>pag.</span> <span class='ocrx_word' id='word_1_291' title='bbox 1368 2927 1458 2967; x_wconf 85' lang='lat'>533.</span> <span class='ocrx_word' id='word_1_292' title='bbox 1478 2923 1525 2955; x_wconf 74' lang='grc' dir='ltr'>Εςι</span> <span class='ocrx_word' id='word_1_293' title='bbox 1542 2918 1580 2959; x_wconf 77' lang='lat' dir='ltr'>dL&#39;</span> <span class='ocrx_word' id='word_1_294' title='bbox 1596 2919 1612 2955; x_wconf 75' lang='grc' dir='ltr'><em>ἦ</em></span> <span class='ocrx_word' id='word_1_295' title='bbox 1627 2920 1703 2956; x_wconf 79' lang='grc' dir='ltr'><strong><em>πίςις</em></strong></span> <span class='ocrx_word' id='word_1_296' title='bbox 1719 2916 1794 2953; x_wconf 61' lang='grc' dir='ltr'>αὕτη</span> <span class='ocrx_word' id='word_1_297' title='bbox 1810 2915 1995 2960; x_wconf 62' lang='grc' dir='ltr'>βεζαιοπίτη</span> <span class='ocrx_word' id='word_1_298' title='bbox 2011 2914 2101 2961; x_wconf 57' lang='grc' dir='ltr'>περὶ</span> <span class='ocrx_word' id='word_1_299' title='bbox 2117 2922 2174 2951; x_wconf 78' lang='grc' dir='ltr'><em>τοῖς</em></span> <span class='ocrx_word' id='word_1_300' title='bbox 2190 2917 2329 2963; x_wconf 62' lang='grc' dir='ltr'>Πέρσαις.</span> 
     </span>
     <span class='ocr_line' id='line_1_29' title="bbox 230 2967 2328 3026; baseline -0.002 -13"><span class='ocrx_word' id='word_1_301' title='bbox 230 2974 329 3014; x_wconf 84' lang='lat' dir='ltr'>Haec</span> <span class='ocrx_word' id='word_1_302' title='bbox 351 2971 547 3021; x_wconf 69' lang='lat' dir='ltr'>certiffi&#39;ma</span> <span class='ocrx_word' id='word_1_303' title='bbox 559 2970 655 3023; x_wconf 84' lang='lat' dir='ltr'>fidei</span> <span class='ocrx_word' id='word_1_304' title='bbox 672 2972 775 3024; x_wconf 85' lang='lat' dir='ltr'>apud</span> <span class='ocrx_word' id='word_1_305' title='bbox 797 2970 943 3020; x_wconf 63' lang='lat' dir='ltr'>‘Persas</span> <span class='ocrx_word' id='word_1_306' title='bbox 966 2969 1083 3009; x_wconf 83' lang='lat' dir='ltr'>arrha</span> <span class='ocrx_word' id='word_1_307' title='bbox 1105 2971 1165 3020; x_wconf 70' lang='lat' dir='ltr'>cst.</span> <span class='ocrx_word' id='word_1_308' title='bbox 1197 2970 1421 3010; x_wconf 85' lang='lat' dir='ltr'>Gordianus</span> <span class='ocrx_word' id='word_1_309' title='bbox 1439 2968 1656 3009; x_wconf 88' lang='lat' dir='ltr'>concordiae</span> <span class='ocrx_word' id='word_1_310' title='bbox 1674 2969 1824 3026; x_wconf 81' lang='lat' dir='ltr'>signum</span> <span class='ocrx_word' id='word_1_311' title='bbox 1844 2968 1962 3025; x_wconf 88' lang='lat' dir='ltr'>gerit,</span> <span class='ocrx_word' id='word_1_312' title='bbox 1992 2967 2040 3008; x_wconf 89' lang='lat' dir='ltr'>ad</span> <span class='ocrx_word' id='word_1_313' title='bbox 2060 2968 2328 3009; x_wconf 90' lang='lat' dir='ltr'>denotandum</span> 
     </span>
     <span class='ocr_line' id='line_1_30' title="bbox 230 3021 2329 3083; baseline -0.002 -14"><span class='ocrx_word' id='word_1_314' title='bbox 230 3028 415 3083; x_wconf 86' lang='lat' dir='ltr'>conjuges</span> <span class='ocrx_word' id='word_1_315' title='bbox 432 3028 529 3067; x_wconf 84' lang='lat' dir='ltr'>inter</span> <span class='ocrx_word' id='word_1_316' title='bbox 545 3028 580 3066; x_wconf 92' lang='lat' dir='ltr'>se</span> <span class='ocrx_word' id='word_1_317' title='bbox 600 3024 811 3066; x_wconf 90' lang='lat' dir='ltr'>concordes</span> <span class='ocrx_word' id='word_1_318' title='bbox 828 3024 902 3064; x_wconf 87' lang='lat' dir='ltr'>esse</span> <span class='ocrx_word' id='word_1_319' title='bbox 923 3023 1091 3070; x_wconf 86' lang='lat' dir='ltr'>debere;</span> <span class='ocrx_word' id='word_1_320' title='bbox 1119 3023 1385 3077; x_wconf 86' lang='lat' dir='ltr'>Tranquillina</span> <span class='ocrx_word' id='word_1_321' title='bbox 1410 3023 1622 3077; x_wconf 88' lang='lat' dir='ltr'>sceptrum,</span> <span class='ocrx_word' id='word_1_322' title='bbox 1650 3025 1702 3064; x_wconf 92' lang='lat' dir='ltr'>ob</span> <span class='ocrx_word' id='word_1_323' title='bbox 1727 3025 2048 3065; x_wconf 89' lang='lat' dir='ltr'>communicatam</span> <span class='ocrx_word' id='word_1_324' title='bbox 2071 3021 2141 3077; x_wconf 87' lang='lat' dir='ltr'>ipfi</span> <span class='ocrx_word' id='word_1_325' title='bbox 2164 3037 2232 3078; x_wconf 92' lang='lat' dir='ltr'>per</span> <span class='ocrx_word' id='word_1_326' title='bbox 2248 3037 2329 3064; x_wconf 86' lang='lat' dir='ltr'>ma-</span> 
     </span>
    </p>
   </div>
   <div class='ocr_carea' id='block_1_15' title="bbox 230 3077 2328 3180">
    <p class='ocr_par' dir='ltr' id='par_1_17' title="bbox 230 3077 2328 3180">
     <span class='ocr_line' id='line_1_31' title="bbox 230 3077 2328 3177; baseline -0.002 -53"><span class='ocrx_word' id='word_1_327' title='bbox 230 3085 450 3125; x_wconf 79' lang='lat' dir='ltr'>trimonium</span> <span class='ocrx_word' id='word_1_328' title='bbox 468 3082 623 3177; x_wconf 77' lang='lat' dir='ltr'>Irsnperii</span> <span class='ocrx_word' id='word_1_329' title='bbox 639 3080 875 3136; x_wconf 86' lang='lat' dir='ltr'>dignitatem.</span> <span class='ocrx_word' id='word_1_330' title='bbox 906 3079 1058 3120; x_wconf 89' lang='lat' dir='ltr'>Litterae</span> <span class='ocrx_word' id='word_1_331' title='bbox 1077 3092 1110 3120; x_wconf 89' lang='lat' dir='ltr'>s.</span> <span class='ocrx_word' id='word_1_332' title='bbox 1129 3093 1170 3120; x_wconf 78' lang='lat' dir='ltr'>R.</span> <span class='ocrx_word' id='word_1_333' title='bbox 1188 3079 1348 3120; x_wconf 88' lang='lat' dir='ltr'>Senatus</span> <span class='ocrx_word' id='word_1_334' title='bbox 1363 3079 1535 3120; x_wconf 85' lang='lat' dir='ltr'>Romani</span> <span class='ocrx_word' id='word_1_335' title='bbox 1551 3078 1760 3121; x_wconf 87' lang='lat' dir='ltr'>Coloniam</span> <span class='ocrx_word' id='word_1_336' title='bbox 1778 3079 1828 3121; x_wconf 87' lang='lat' dir='ltr'>ab</span> <span class='ocrx_word' id='word_1_337' title='bbox 1843 3079 2022 3135; x_wconf 88' lang='lat' dir='ltr'>Augusto</span> <span class='ocrx_word' id='word_1_338' title='bbox 2035 3077 2174 3121; x_wconf 61' lang='lat' dir='ltr'>faffitam</span> <span class='ocrx_word' id='word_1_339' title='bbox 2188 3093 2328 3135; x_wconf 73' lang='lat' dir='ltr'>appro-⁴</span> 
     </span>
     <span class='ocr_line' id='line_1_32' title="bbox 231 3140 582 3180; baseline -0.009 0"><span class='ocrx_word' id='word_1_340' title='bbox 231 3140 353 3180; x_wconf 85' lang='lat' dir='ltr'>bantis</span> <span class='ocrx_word' id='word_1_341' title='bbox 371 3150 472 3179; x_wconf 87' lang='lat' dir='ltr'>notae</span> <span class='ocrx_word' id='word_1_342' title='bbox 502 3148 582 3178; x_wconf 91' lang='lat' dir='ltr'>unt.</span> 
     </span>
    </p>
   </div>
   <div class='ocr_carea' id='block_1_16' title="bbox 284 3212 1625 3270">
    <p class='ocr_par' dir='ltr' id='par_1_18' title="bbox 284 3212 1625 3270">
     <span class='ocr_line' id='line_1_33' title="bbox 284 3212 1625 3270; baseline -0.001 -13"><span class='ocrx_word' id='word_1_343' title='bbox 284 3216 367 3257; x_wconf 83' lang='lat' dir='ltr'>Hic</span> <span class='ocrx_word' id='word_1_344' title='bbox 383 3228 554 3257; x_wconf 86' lang='lat' dir='ltr'>nummus</span> <span class='ocrx_word' id='word_1_345' title='bbox 559 3216 695 3270; x_wconf 87' lang='lat' dir='ltr'>primae</span> <span class='ocrx_word' id='word_1_346' title='bbox 708 3212 982 3270; x_wconf 82' lang='lat' dir='ltr'>magnitudinis</span> <span class='ocrx_word' id='word_1_347' title='bbox 997 3214 1098 3255; x_wconf 83' lang='lat' dir='ltr'>inter</span> <span class='ocrx_word' id='word_1_348' title='bbox 1112 3212 1355 3269; x_wconf 86' lang='lat' dir='ltr'>elegantiores</span> <span class='ocrx_word' id='word_1_349' title='bbox 1368 3212 1625 3266; x_wconf 67' lang='lat' dir='ltr'>recenfi’ndus.</span> 
     </span>
    </p>
   </div>
   <div class='ocr_carea' id='block_1_17' title="bbox 1019 3315 1481 3782">
    <p class='ocr_par' dir='ltr' id='par_1_19' title="bbox 1019 3315 1481 3782">
     <span class='ocr_line' id='line_1_34' title="bbox 1019 3315 1481 3782; baseline 0 437"><span class='ocrx_word' id='word_1_350' title='bbox 1019 3315 1481 3782; x_wconf 95' lang='lat' dir='ltr'> </span> 
     </span>
    </p>
   </div>
   <div class='ocr_carea' id='block_1_18' title="bbox 297 3850 2332 3967">
    <p class='ocr_par' dir='ltr' id='par_1_20' title="bbox 297 3850 2332 3967">
     <span class='ocr_line' id='line_1_35' title="bbox 297 3850 2332 3907; baseline -0.002 -10"><span class='ocrx_word' id='word_1_351' title='bbox 297 3870 321 3897; x_wconf 92' lang='lat' dir='ltr'>c</span> <span class='ocrx_word' id='word_1_352' title='bbox 333 3870 358 3896; x_wconf 92' lang='lat'><em>0</em></span> <span class='ocrx_word' id='word_1_353' title='bbox 371 3870 409 3896; x_wconf 78' lang='lat' dir='ltr'>L.</span> <span class='ocrx_word' id='word_1_354' title='bbox 442 3871 465 3896; x_wconf 85' lang='lat' dir='ltr'>c</span> <span class='ocrx_word' id='word_1_355' title='bbox 479 3869 504 3895; x_wconf 81' lang='lat' dir='ltr'>A</span> <span class='ocrx_word' id='word_1_356' title='bbox 520 3870 543 3895; x_wconf 70' lang='grc' dir='ltr'>ιε</span> <span class='ocrx_word' id='word_1_357' title='bbox 557 3869 590 3895; x_wconf 89' lang='lat' dir='ltr'>s.</span> <span class='ocrx_word' id='word_1_358' title='bbox 623 3868 649 3894; x_wconf 78' lang='lat' dir='ltr'>A</span> <span class='ocrx_word' id='word_1_359' title='bbox 663 3868 694 3894; x_wconf 89' lang='lat' dir='ltr'>N</span> <span class='ocrx_word' id='word_1_360' title='bbox 708 3868 731 3894; x_wconf 80' lang='lat' dir='ltr'>r</span> <span class='ocrx_word' id='word_1_361' title='bbox 745 3869 760 3894; x_wconf 96' lang='lat'>1</span> <span class='ocrx_word' id='word_1_362' title='bbox 771 3869 796 3894; x_wconf 96' lang='lat'><em>0</em></span> <span class='ocrx_word' id='word_1_363' title='bbox 811 3870 846 3895; x_wconf 92' lang='lat' dir='ltr'>c.</span> <span class='ocrx_word' id='word_1_364' title='bbox 876 3870 911 3897; x_wconf 82' lang='lat' dir='ltr'>s.</span> <span class='ocrx_word' id='word_1_365' title='bbox 940 3870 984 3897; x_wconf 69' lang='lat' dir='ltr'>R.</span> <span class='ocrx_word' id='word_1_366' title='bbox 1014 3856 1170 3897; x_wconf 88' lang='lat' dir='ltr'>Colonia</span> <span class='ocrx_word' id='word_1_367' title='bbox 1189 3855 1360 3906; x_wconf 77' lang='lat' dir='ltr'>Caefhrea</span> <span class='ocrx_word' id='word_1_368' title='bbox 1374 3852 1599 3895; x_wconf 86' lang='lat' dir='ltr'>Antiochia.</span> <span class='ocrx_word' id='word_1_369' title='bbox 1636 3852 1738 3893; x_wconf 84' lang='lat' dir='ltr'>Duae</span> <span class='ocrx_word' id='word_1_370' title='bbox 1758 3850 1887 3907; x_wconf 78' lang='lat' dir='ltr'>figurae</span> <span class='ocrx_word' id='word_1_371' title='bbox 1903 3850 2025 3906; x_wconf 90' lang='lat' dir='ltr'>cippis</span> <span class='ocrx_word' id='word_1_372' title='bbox 2039 3850 2225 3906; x_wconf 85' lang='lat' dir='ltr'>impofitae</span> <span class='ocrx_word' id='word_1_373' title='bbox 2240 3850 2332 3893; x_wconf 52' lang='lat' dir='ltr'>dex-¹</span> 
     </span>
     <span class='ocr_line' id='line_1_36' title="bbox 349 3906 2302 3967; baseline -0.002 -14"><span class='ocrx_word' id='word_1_374' title='bbox 349 3923 423 3953; x_wconf 88' lang='lat' dir='ltr'>tras</span> <span class='ocrx_word' id='word_1_375' title='bbox 440 3911 508 3952; x_wconf 86' lang='lat' dir='ltr'>fibi</span> <span class='ocrx_word' id='word_1_376' title='bbox 519 3911 746 3967; x_wconf 86' lang='lat' dir='ltr'>jungentes,</span> <span class='ocrx_word' id='word_1_377' title='bbox 774 3910 887 3953; x_wconf 88' lang='lat' dir='ltr'>virilis</span> <span class='ocrx_word' id='word_1_378' title='bbox 902 3911 1060 3967; x_wconf 87' lang='lat' dir='ltr'>quidem</span> <span class='ocrx_word' id='word_1_379' title='bbox 1075 3912 1169 3954; x_wconf 61' lang='lat' dir='ltr'>laevfi</span> <span class='ocrx_word' id='word_1_380' title='bbox 1184 3910 1422 3954; x_wconf 66' lang='lat' dir='ltr'>vistoriolam</span> <span class='ocrx_word' id='word_1_381' title='bbox 1436 3909 1554 3966; x_wconf 84' lang='lat' dir='ltr'>gerit,</span> <span class='ocrx_word' id='word_1_382' title='bbox 1580 3907 1773 3949; x_wconf 87' lang='lat' dir='ltr'>muliebris</span> <span class='ocrx_word' id='word_1_383' title='bbox 1788 3907 1881 3950; x_wconf 76' lang='lat' dir='ltr'>vero</span> <span class='ocrx_word' id='word_1_384' title='bbox 1896 3906 2036 3950; x_wconf 66' lang='lat' dir='ltr'>sinistra</span> <span class='ocrx_word' id='word_1_385' title='bbox 2049 3909 2302 3965; x_wconf 83' lang='lat' dir='ltr'>cornucopiae.</span> 
     </span>
    </p>
   </div>
   <div class='ocr_carea' id='block_1_19' title="bbox 2270 3984 2333 4026">
    <p class='ocr_par' dir='ltr' id='par_1_21' title="bbox 2270 3984 2333 4026">
     <span class='ocr_line' id='line_1_37' title="bbox 2270 3984 2333 4026; baseline 0 0"><span class='ocrx_word' id='word_1_386' title='bbox 2270 3984 2333 4026; x_wconf 88' lang='lat' dir='ltr'>En</span> 
     </span>
    </p>
   </div>
   <div class='ocr_carea' id='block_1_20' title="bbox 2374 0 2491 2564">
    <p class='ocr_par' dir='ltr' id='par_1_22' title="bbox 2374 0 2491 2564">
     <span class='ocr_line' id='line_1_38' title="bbox 2374 0 2491 2564; baseline 0 0"><span class='ocrx_word' id='word_1_387' title='bbox 2374 0 2491 2564; x_wconf 95' lang='lat' dir='ltr'> </span> 
     </span>
    </p>
   </div>
  </div>
 </body>
</html>
