2574 4214
730 180 1403 238 ANTONINUS
1485 177 1739 239 Flu&
2184 203 2286 259 ‘mg

1051 308 1394 350 DIUM.

157 912 219 952 1M'
233 922 263 948 p.
295 923 317 949 c
334 912 356 949 Α
372 922 395 947 E
410 920 442 948 s.
474 921 501 948 A
516 921 547 947 N
561 920 585 948 τ
596 921 622 948 0
634 919 665 947 N
677 919 692 948 1
704 921 734 947 N
747 909 774 948 v
787 920 821 948 S.
857 903 992 962 Caput
1009 897 1200 949 Antonini
1218 903 1275 948 Pii
1291 903 1511 950 laureatum.
1717 951 1719 954 ,
1902 960 1905 961 ⁷
2187 950 2189 952 .
2218 949 2222 955 ,

211 980 234 1005 c
246 981 271 1005 ο
282 976 318 1004 L.
350 977 365 1003 1
378 977 404 1003 v
416 978 454 1003 L.
486 977 511 1002 A
526 977 551 1003 v
564 977 603 1002 G.
633 978 661 1003 D
672 977 688 1002 1
700 978 723 1003 E
736 977 767 1003 N
778 977 796 1004 s
807 978 821 1003 1
835 977 868 1004 s,
900 978 936 1003 D.
957 978 994 1003 D.
1024 963 1181 1004 Colonia
1188 963 1307 1016 Julia
1318 965 1493 1020 Augusta
1505 962 1674 1016 Dienfi's'.
1690 964 1864 1005 ‘Decreta
1875 962 2149 1004 Decurionum.
2180 958 2261 1013 Mi÷

264 1033 380 1059 nerva
392 1018 538 1073 galeata
553 1019 653 1059 stans
663 1043 677 1066 ‚
704 1018 836 1059 dextra
856 1031 1048 1073 pateram,
1076 1019 1219 1060 sinistra
1235 1020 1382 1061 hastam
1399 1021 1510 1076 gerit.

163 1153 167 1159 1
206 1105 325 1146 Dium
339 1132 351 1151 ,
380 1105 469 1145 urbs
486 1103 729 1145 Macedoniae
744 1105 917 1145 littoralis
933 1132 944 1150 ‚
972 1106 1071 1147 inter
1089 1106 1331 1147 Halicmonis
1349 1109 1387 1146 &
1410 1105 1580 1160 Baphyri
1601 1106 1695 1147 ostia
1721 1105 1788 1147 fita
1807 1106 1862 1147 est
1878 1132 1890 1152 ,
1919 1105 1970 1146 de
1987 1112 2064 1159 qua
2081 1104 2253 1158 loquitur

150 1161 281 1203 Livius
295 1160 440 1200 Decad.
460 1172 493 1210 5.
507 1160 569 1200 lib.
587 1173 622 1213 3.
649 1159 729 1200 Sed
738 1159 823 1200 cnm
840 1161 895 1200 ad
901 1162 1030 1201 Dium
1037 1172 1108 1215 per
1123 1161 1256 1201 littora
1272 1176 1356 1202 cum
1372 1162 1562 1217 equitibus
1573 1170 1782 1216 vagaretur
1792 1162 1883 1202 Rex
1894 1161 2069 1213 Perseus.
2101 1160 2255 1200 Urbem

149 1215 383 1270 hancJulius
393 1215 519 1255 Caesar
531 1215 738 1256 Coloniam
756 1215 972 1262 constituit,
1002 1229 1046 1258 ut
1061 1231 1206 1258 nomen
1218 1216 1342 1268 Jult'ae
1358 1218 1519 1257 denotat
1528 1244 1541 1263 ‚
1569 1230 1686 1270 quam
1699 1214 1843 1257 deinde
1856 1217 2074 1271 Augustum
2086 1215 2254 1256 Colonis

150 1272 288 1314 iterum
307 1270 561 1324 frequentasse
577 1271 758 1324 Augustae
772 1270 978 1325 appellatio
993 1272 1136 1325 arguit,
1155 1273 1260 1312 unde
1278 1272 1431 1313 Colonia
1446 1271 1564 1324 Julia
1581 1272 1754 1326 Augusta
1771 1273 1927 1321 Diensis
1943 1272 2042 1312 dieta
2060 1270 2123 1310 est.
2153 1271 2253 1311 Haec

147 1328 353 1369 Antonino
369 1326 440 1366 Pio
455 1327 494 1365 in
511 1325 685 1380 obsequii
704 1327 985 1366 monimentum
1005 1341 1187 1367 nummos
1205 1326 1381 1374 dedicat,
1399 1327 1438 1366 in
1453 1328 1595 1381 quibus
1611 1328 1853 1373 Minervam,
1874 1340 1991 1380 quam
2009 1325 2253 1367 Macedones

145 1382 382 1438 cognomine
401 1381 582 1421 Alcidam
600 1382 773 1428 coluere,
800 1381 959 1422 fionaffe
974 1381 1137 1422 videtur.
1166 1382 1270 1422 Illius
1285 1382 1460 1423 meminit
1480 1382 1612 1422 Livius
1632 1382 1713 1423 ead.
1735 1382 1883 1423 Decad.
1901 1382 1962 1422 lib.
1985 1396 2021 1421 2.
2043 1382 2092 1421 de
2111 1381 2251 1421 Perseo

143 1451 272 1494 agens.
303 1436 385 1490 Ipse
404 1445 552 1477 centum
573 1437 699 1492 hastas
706 1437 814 1489 sacri
841 1439 898 1477 cio
912 1437 1090 1492 regaliter
1106 1437 1300 1478 ,Minervae
1310 1465 1322 1484 ,
1349 1451 1461 1493 quam
1473 1445 1617 1477 vocant
1635 1438 1836 1485 Alcidum,
1854 1436 2042 1491 conficto,
2060 1450 2143 1475 cum
2150 1448 2247 1490 pur-

137 1502 360 1550 puratorum
373 1491 644 1543 &satellitum
663 1506 775 1533 manu
784 1492 979 1547 prafhetus
996 1493 1144 1532 Citium
1159 1492 1220 1544 est.
1250 1491 1430 1533 Minerva
1449 1492 1593 1533 hastam
1610 1494 1708 1547 gerit
1719 1512 1734 1542 >¹
1760 1492 1866 1533 unde
1875 1492 1995 1533 Pallas
2009 1494 2071 1530 5221?
2093 1493 2114 1535 Ξ
2134 1495 2248 1543 mimae

144 1553 173 1591 τὲ
187 1551 272 1598 δόρυ,-
300 1547 340 1588 id
360 1548 435 1595 est,
463 1548 484 1588 a
499 1548 683 1589 vibranda
699 1548 763 1589 seu
781 1547 1037 1588 concutienda
1051 1547 1155 1588 hasta
1167 1575 1180 1595 ,
1209 1547 1398 1602 appellata
1411 1548 1476 1589 est.

199 1627 280 1670 Hic
297 1640 469 1669 nummus
487 1626 795 1681 minimaefhrmae
809 1628 910 1667 inter
925 1628 1085 1667 rariores
1099 1625 1322 1678 recensetur.

1064 1729 1308 1772 OEAs

130 2344 149 2377 1
161 2345 196 2373 M
207 2347 242 2374 P.
274 2346 301 2374 A
316 2346 347 2374 Ν
360 2345 422 2373 το
436 2343 466 2373 Ν
479 2343 537 2372 1N
550 2345 576 2372 v
587 2344 606 2371 s
635 2345 661 2371 A
679 2333 702 2372 ν’
713 2344 753 2372 G.
782 2344 816 2370 Ρ.
846 2331 880 2372 p‘.
911 2345 944 2371 P.
973 2329 1108 2385 Ca'put‘
1124 2331 1316 2373 Antonini
1330 2331 1387 2372 Pii
1402 2329 1628 2382 laureatumf'
1833 2371 1836 2375 .

187 2404 221 2431 c.
253 2403 293 2429 A.
323 2403 363 2430 o.
395 2403 435 2428 Α.
466 2402 503 2429 F.
535 2387 691 2428 Colonia
711 2386 859 2434 <stitia
876 2388 981 2433 Oea,
1008 2387 1070 2427 vel
1087 2386 1236 2440 Oeenfis
1251 2387 1428 2442 Augusta
1442 2381 1568 2429 Feli'x.
1608 2383 1747 2443 Caput
1757 2384 1912 2429 mulieb.
1932 2386 2117 2431 turritum.

185 2468 300 2508 Hanc
326 2466 678 2520 interpretationem
703 2480 791 2506 cum
823 2465 865 2505 P.
890 2463 1100 2506 Harduino
1119 2465 1460 2513 communicatam,
1488 2470 1528 2506 &
1556 2466 1606 2507 ab
1635 2480 1687 2508 eo
1709 2478 1893 2521 tanquam
1910 2480 1957 2507 ex
1972 2467 2011 2507 se
2024 2482 2111 2523 pag.
2135 2467 2226 2522 368.

128 2523 341 2579 Vulgarum,
370 2523 481 2562 nobis
497 2522 559 2562 hic
578 2521 782 2562 vendicare
803 2521 924 2562 liceat.
956 2521 1044 2560 Oea
1062 2521 1200 2567 Meiae,
1226 2520 1338 2561 Oeea
1356 2532 1486 2562 autem
1509 2521 1656 2569 Plinio,
1684 2523 1889 2563 Antonino
1913 2521 2007 2570 Pio,
2034 2527 2074 2564 δε
2096 2526 2226 2565 Amm.

128 2579 377 2623 Marcellino,
407 2577 495 2616 urbs
516 2575 651 2616 Africae
665 2576 857 2623 littoralis,
886 2576 1055 2616 Colonia
1070 2577 1252 2618 Romana
1275 2576 1367 2623 fuit,
1396 2589 1440 2618 ut
1454 2577 1593 2633 legitur
1615 2578 1655 2617 in
1671 2578 1801 2619 Itiner.
1819 2579 1911 2618 Ant.
1931 2577 1999 2619 Pii.
2030 2579 2075 2618 A
2090 2580 2228 2620 Maco-

126 2633 300 2674 madibus
321 2634 362 2671 in
378 2631 660 2671 Alexandriam
681 2633 782 2671 Oeea
799 2631 953 2670 Colonia
972 2644 1019 2670 M.
1051 2645 1086 2671 P.
1117 2644 1142 2672 x
1155 2645 1179 2672 x
1191 2646 1240 2672 v1
1254 2646 1269 2671 1
1281 2647 1309 2672 1.
1339 2631 1504 2673 Nomen
1524 2633 1678 2680 QAEliae
1690 2661 1704 2680 ,
1732 2635 1781 2673 ab
1796 2633 1999 2674 Hadriano
2017 2645 2086 2674 aut
2101 2638 2227 2676 Anto-

127 2689 222 2729 nino
237 2688 328 2732 Pio,
356 2686 495 2739 quibus
512 2686 635 2741 gentis
651 2686 733 2726 haec
759 2685 965 2739 appellatio
988 2687 1204 2727 communis
1232 2687 1307 2733 est,
1334 2686 1540 2728 dedunam
1565 2689 1734 2734 indicat·,
1761 2688 1827 2728 sed
1844 2687 2069 2728 Holstenius
2083 2689 2123 2730 in
2139 2691 2222 2731 An-

127 2756 206 2785 not.
224 2742 274 2783 ad
291 2742 482 2782 Ortelium
502 2755 585 2796 pag.
612 2754 696 2794 134.
717 2754 919 2781 nummum
935 2740 1082 2794 profert
1099 2755 1180 2780 rem
1196 2742 1351 2795 penitus
1369 2742 1634 2789 dirimentem,
1663 2744 1723 2782 cui
1743 2756 1832 2783 cum
1848 2743 2003 2788 QAElt'ae
2020 2746 2222 2799 cognomi-

125 2813 176 2840 ne
199 2797 402 2851 conjunfita
426 2797 481 2836 est
512 2799 720 2837 Antoninae
743 2795 949 2850 appellatio
969 2810 976 2835 :
1005 2807 1048 2836 ut
1067 2796 1223 2836 testatur
1245 2800 1446 2844 nummus,
1476 2799 1515 2837 in
1533 2812 1614 2853 quo
1629 2797 1711 2838 duo
1729 2798 1848 2838 boves
1868 2810 2007 2839 terram
2023 2812 2222 2842 exarantes

125 2868 212 2896 cum
231 2855 303 2894 hac
319 2852 582 2906 inscriptione,
614 2865 787 2892 COLON
803 2865 859 2891 1A
894 2865 995 2891 Am,
1011 2865 1027 2890 1
1045 2864 1071 2889 A
1105 2853 1408 2892 ANTONINA
1442 2867 1540 2893 OEA
1574 2868 1600 2893 A
1617 2867 1682 2893 vo
1698 2867 1787 2893 vsT
1802 2868 1843 2893 A.
1902 2853 2061 2907 Qanta
2076 2854 2140 2896 lux
2156 2857 2217 2895 hi-

124 2909 246 2951 storiae
261 2922 308 2948 ex
325 2907 490 2948 nummis
507 2907 666 2961 affulget
684 2908 693 2946 Ξ
721 2905 893 2948 Oeenses
911 2905 1087 2947 beneficii
1100 2919 1291 2948 memores
1306 2907 1338 2948 F
1340 2907 1519 2949 undatori
1536 2922 1718 2949 nummos
1734 2920 1822 2949 curn
1839 2910 1964 2963 capite
1981 2911 2139 2958 turrito,
2158 2922 2220 2953 ιιι-4

125 2965 181 3006 bis
194 2964 333 3005 scilicet
355 2963 507 3010 Genio,
535 2962 803 3018 percusserunt.

176 3042 260 3082 Hic
277 3055 449 3082 nummus·
467 3040 662 3081 mediocris
663 3041 823 3095 sormae‚
850 3053 959 3095 quem
977 3039 1098 3095 Regio
1116 3040 1306 3092 Thesauro
1322 3040 1540 3082 addidimus
1555 3055 1638 3082 cam
1645 3042 1844 3094 sexcentas
1864 3041 1952 3082 alas
1963 3070 1975 3089 ,
2001 3043 2026 3082 d
2046 3043 2107 3082 D.
2126 3044 2213 3084 Clo-

121 3106 261 3160 totnont
290 3096 391 3160 Nab.
425 3096 535 3205 ,δα-ΞΟ
562 3095 804 3139 Alexandria
832 3096 1027 3151 dAEgypti
1051 3096 1251 3144 redeunte,
1281 3094 1330 3141 ἂ
1362 3108 1477 3153 nuper
1493 3100 1518 3139 a'
1533 3097 1574 3139 T
1567 3100 1667 3139 arcas
1683 3107 1815 3153 capto,
1844 3097 1939 3138 dono
1954 3098 2057 3139 nobis
2073 3098 2214 3149 datm,

120 3159 269 3195 exzmtae
283 3161 458 3193 rarttatts
472 3167 490 3191 e
524 3183 533 3193 .

887 3220 1409 3273 ‚PATRQAL

120 3837 135 3863 1
152 3837 186 3862 M
199 3836 234 3862 ι’.
266 3837 292 3864 A
306 3837 336 3863 N
349 3837 373 3863 τ
385 3838 412 3864 0
425 3825 455 3864 Ν
470 3838 486 3865 1
505 3837 535 3865 N
549 3838 575 3865 v
591 3838 610 3865 s
643 3840 670 3865 A
689 3839 714 3865 v
727 3839 767 3866 G.
797 3839 820 3865 Ρ
839 3839 853 3865 1
872 3839 898 3865 v
911 3839 943 3866 S.
974 3826 1108 3880 Caput
1121 3826 1309 3868 Antonini
1327 3826 1383 3867 Pii
1399 3827 1617 3869 laureatum.

167 3891 277 3918 con.
308 3893 349 3918 A.
382 3894 424 3919 A.
453 3893 514 3919 ΡΛ
529 3894 608 3920 Ta.
637 3881 792 3920 Colonia
816 3880 988 3935 Augusta
1015 3882 1119 3923 Aroe
1144 3881 1350 3934 Patrenfis.
1384 3884 1530 3937 Apollo
1559 3882 1684 3923 nudus
1707 3883 1825 3930 stans,
1854 3882 1984 3923 dextra
1998 3893 2190 3937 pateram,

220 3931 360 3975 sinistra
379 3933 467 3990 lyrae
482 3935 598 3990 cippo
613 3935 798 3992 impolitae
812 3937 952 3977 innixa.

165 3987 272 4029 Tam.
301 3988 335 4028 J.
1239 3991 1277 4032 Y
1310 4006 1329 4032 2
2003 3991 2197 4032 patrenses
