2574 4214
170 228 279 278 soror
295 261 307 282 ,
344 240 445 288 quos
465 244 511 272 ex
530 222 728 272 Messalina
746 227 935 270 Claudius
950 227 1116 273 sustulit3
1146 227 1167 266 a
1183 225 1325 267 dextris
1336 225 1507 265 Antonia
1526 223 1581 264 est
1593 250 1604 270 ,
1633 236 1751 278 quam
1770 236 1817 263 ex
1830 223 1933 263 AElia
1946 222 2078 265 Petina
2095 227 2184 264 ante
2202 225 2271 265 ha-

172 292 326 333 buerat:
354 301 557 341 utramque
573 287 661 327 viris
677 284 853 327 traditam
873 297 977 324 anno
997 283 1050 323 U.
1065 283 1113 323 C.
1135 295 1228 334 795.
1248 293 1374 321 narrat
1392 281 1471 320 Dio
1488 281 1526 319 in
1544 279 1700 320 Claudii
1717 278 1793 318 vita
1810 294 1895 334 pag.
1913 281 2006 319 668.
2036 283 2099 318 *nic
2114 287 2169 328 yffv
2186 288 2272 327 θνμ.

174 351 265 395 τέϋις
284 354 316 384 ὸν
330 352 374 394 τῷ
395 348 443 388 ’ἐπι
458 346 538 391 τέτῳ
553 369 563 385 ,
590 343 644 379 vlu>
660 343 714 390 (Ab)
729 342 860 389 iylbn‘mc
876 346 972 387 Δεκίῳ
991 344 1069 386 lausqi
1091 344 1214 386 Σιλανῷ
1230 367 1240 379 ,
1269 338 1323 374 σία)
1339 340 1371 373 δὲ
1386 338 1480 374 ἀιδὲς
1504 338 1593 383 Γναλῳ
1612 340 1756 383 Πομπηΐῳ
1777 338 1908 382 Μάγνῳ.
1950 332 2073 373 Filias
2096 336 2193 374 duas·
2214 349 2272 374 eo-

171 403 254 443 dem
277 401 346 440 hoc
371 413 468 440 anno
487 426 498 445 ,
526 412 640 438 unam
663 397 713 438 L.
734 396 858 450 Junio
881 394 1011 434 Silano
1027 421 1039 439 ,
1067 394 1230 434 alteram
1252 394 1323 433 Cn.
1343 392 1523 445 Pompeio
1543 390 1690 446 Magno
1714 397 1872 445 nuptum
1892 389 2061 429 tradens.
2103 391 2275 431 Antonia

170 459 247 498 Cn.
266 457 457 510 Pompeio
475 454 627 510 Magno
644 480 656 499 ,
686 451 828 492 deinde
849 450 989 491 Fausto
1009 450 1118 504 Syllae
1143 448 1273 503 nuplit
1287 475 1298 494 ,
1327 461 1428 502 quos
1445 447 1633 487 Claudius
1658 447 1818 486 interum
1834 444 1937 497 juffit
1959 460 1966 483 z
1996 444 2160 485 Ostavia
2179 447 2272 485 vero

169 512 298 554 Silano
323 509 546 565 desponsata
571 508 729 561 quidem
743 534 755 554 ,
785 506 850 546 sed
872 505 938 546 illo
958 508 978 546 a
992 500 1155 546 Vitellio
1171 504 1344 545 Censore
1371 504 1393 544 ὲ
1412 503 1553 543 Senatu
1578 502 1631 541 ob
1657 501 1793 541 sororis
1814 514 1962 540 amores
1985 499 2080 539 falso
2099 500 2275 550 objee‘los

170 579 303 614 moto,
331 566 508 619 morique
530 565 662 619 postea
683 562 819 603 coasto
836 589 848 608 ,
877 561 1032 601 Neroni
1050 573 1153 602 anno
1172 561 1225 601 U.
1245 560 1294 600 C.
1315 562 1407 609 805.
1436 571 1532 597 uxor
1552 556 1640 597 data
1656 557 1711 597 est
1726 583 1739 603 ,
1767 569 1902 597 omnes
1919 556 1960 595 hi
1978 555 2084 596 liberi
2103 554 2274 595 Claudio

169 624 291 678 patri,
320 636 367 663 ex
380 621 520 662 Tacuo
538 619 674 660 Annal.
691 618 752 658 lib.
774 630 832 658 12.
849 616 1075 671 superstites.

222 701 306 741 Hic
324 713 494 741 nummus
502 697 681 750 secunda>
696 695 996 750 magnitudinis,
1022 692 1070 734 ab
1091 692 1260 733 ottavio
1276 689 1420 733 strada
1436 689 1630 744 Rudolphi
1649 689 1678 728 I
1681 688 1711 728 1.
1732 688 1828 740 Imp.
1849 687 2083 741 Antiquario
2100 693 2187 744 pag.
2208 699 2272 741 37.

166 755 220 796 ,ab
236 757 295 796 Ill.
313 755 535 810 Spanhemio
553 754 692 805 differt.
709 766 745 804 7.
753 762 845 805 pag.
861 756 953 802 647.
971 750 995 789 (ὶ
1011 749 1159 790 Patina
1167 760 1257 803 pag.
1269 762 1332 798 99.
1353 746 1401 791 dy
1417 745 1511 797 aJo.
1524 747 1647 787 Petro
1656 743 1818 786 Bellorio
1836 745 1877 783 in
1889 744 2098 798 Angelonio
2110 756 2196 800 pag.
2207 757 2274 797 42·

170 811 352 867 vu4gatus
361 836 373 859 ,
403 813 504 852 inter
521 808 718 861 rariſjt'mos
732 806 993 847 numerandas.

171 1407 545 1438 11.cLAvn1vs
579 1401 802 1436 CAESAR.
837 1401 956 1434 Avo.
986 1405 1377 1436 GERMANICVS.
1417 1386 1958 1448 CaputClaudiilaur'eatum.
2099 1436 2102 1443 ,
2215 1433 2219 1440 ,

221 1466 245 1493 c
257 1465 283 1492 o
297 1467 335 1493 L.
367 1463 406 1492 A.
439 1462 481 1491 A.
511 1464 533 1490 P
547 1464 574 1489 A
589 1463 613 1489 τ
627 1463 669 1490 a.
701 1464 726 1490 x
738 1463 763 1490 x
776 1462 791 1489 1
804 1463 831 1489 1.
863 1450 1019 1490 Colonia
1028 1449 1201 1504 Augusta
1212 1451 1318 1490 Aroe
1329 1447 1529 1502 ‘Patrensts
1536 1477 1549 1497 ,
1566 1449 1919 1502 vicefima-Jecunda
1927 1476 1940 1496 ,
1959 1445 2182 1488 subauditur
2195 1445 2273 1488 Les.

266 1509 344 1563 gio.
375 1505 518 1561 Aquila
535 1505 742 1562 legionaria
761 1506 860 1547 inter
877 1505 958 1546 duo
976 1505 1081 1562 signa
1095 1505 1280 1546 militaria.

217 1585 374 1626 Patinus
391 1598 474 1641 pag.
490 1589 557 1635 96.
573 1595 698 1625 narrat
709 1584 923 1639 Legionem
939 1584 1155 1625 vicefimam
1174 1583 1379 1625 secundam
1395 1584 1443 1624 ab
1460 1582 1636 1638 Augusto
1651 1582 1691 1622 in
1703 1581 1882 1637 AEgypto
1898 1579 2143 1623 constitutam
2154 1606 2166 1626 ,
2194 1578 2273 1621 hoc

163 1642 445 1682 monimentum
466 1639 520 1681 sui
539 1655 629 1695 erga
648 1640 866 1695 Principem
879 1640 1091 1681 Claudium
1111 1641 1251 1680 amoris
1268 1638 1433 1679 erexiss‘e.
1471 1638 1639 1692 Sponius
1655 1638 1742 1679 Itin.
1762 1650 1856 1678 tom.
1874 1651 1910 1677 2.
1928 1651 2015 1692 pag.
2034 1650 2095 1689 17.
2117 1634 2274 1676 Claudii

164 1710 248 1738 aevo
267 1697 367 1737 hanc
384 1694 598 1752 Legionem
618 1694 739 1738 Patris
756 1708 1033 1737 commoratam
1052 1708 1164 1748 putat
1180 1723 1192 1742 ,
1220 1696 1303 1737 hoec
1321 1695 1471 1749 inquit:
1501 1696 1554 1735 Ce
1569 1695 1635 1749 qui
1655 1695 1829 1748 m'apprit
1847 1706 1918 1749 que
1931 1692 1970 1732 la
1986 1692 2275 1746 vingt-deuxie-

164 1766 222 1792 me
241 1752 388 1808 Legion
407 1754 501 1793 etoit
512 1763 606 1808 pour
623 1752 698 1794 lors
713 1752 738 1792 a
758 1752 924 1792 Patras.
954 1751 1031 1793 Sed
1046 1750 1242 1793 Patrenses
1262 1750 1312 1791 ad
1333 1749 1513 1791 Coloniae
1531 1750 1719 1804 originem
1736 1763 1784 1789 ex
1798 1748 2003 1790 veteranis
2017 1743 2201 1803 Legionis
2221 1746 2274 1786 vi-

162 1807 507 1863 gefimae-secundae
519 1835 530 1856 ,
558 1809 793 1865 cognomine
814 1807 1084 1864 Primigeniae‚
1113 1807 1162 1848 ab
1182 1807 1362 1862 Augusto
1382 1805 1558 1846 dedustae
1578 1803 1824 1846 indicandam
1844 1817 2049 1844 nummum
2068 1802 2270 1844 cuderunt.

163 1863 349 1905 Eusebius
376 1864 416 1905 in
441 1863 646 1906 Chronico
672 1878 776 1906 anno
801 1860 855 1904 U.
876 1864 925 1904 C.
945 1876 1037 1916 740.
1068 1862 1191 1903 Corn.
1213 1861 1382 1904 Lentulo
1400 1865 1439 1902 ὃ(
1457 1861 1606 1901 Licinio
1622 1859 1758 1901 Crasso
1776 1859 1883 1901 Coss
1897 1859 2027 1900 Patras
2046 1858 2272 1899 constitutas

162 1919 289 1962 tradit.
319 1926 449 1961 Ammine
463 1926 502 1960 ἀς
517 1924 640 1964 ndum
654 1922 702 1969 υἱ,
718 1923 832 1970 Βηρυαόν
848 1931 976 1970 Ρωμαῖοι
991 1920 1181 1967 ἐξέπεμψαν.
1208 1916 1387 1959 colonias·
1402 1917 1556 1957 Patras
1572 1916 1619 1960 ό
1636 1915 1819 1964 Berytum
1834 1915 2003 1956 Romani
2019 1912 2272 1954 deduxerunt.

160 1974 361 2030 Augustus
373 1975 590 2017 veteranos
604 1974 987 2032 vigefimae—secundae
999 1999 1010 2021 ‚
1038 1988 1158 2028 quam
1173 1974 1213 2014 in
1232 1972 1412 2027 AEgypto
1428 1971 1701 2018 collocaverat,
1724 1968 1887 2012 colonos
1902 1970 2034 2011 Patras
2051 1967 2272 2010 transmifitz

161 2029 288 2084 Legio
307 2031 409 2071 enim
427 2031 468 2070 in
485 2031 665 2086 AEgypto
685 2030 807 2085 usque
822 2030 873 2072 ad
890 2029 1115 2084 Vespasiani
1135 2041 1312 2083 tempora
1329 2039 1477 2069 morata
1492 2028 1571 2074 est,
1599 2027 1668 2080 qui
1686 2039 1732 2067 ea
1747 2024 1834 2066 usus
1851 2025 1905 2066 est
1921 2025 1962 2066 in
1978 2023 2080 2067 bello
2097 2018 2273 2077 Iudaico,

159 2084 304 2126 deinde
327 2086 375 2126 ab
393 2085 621 2133 Hadriano,
651 2097 695 2126 ut
714 2084 866 2126 videtur
881 2112 894 2132 ,
922 2085 962 2124 in
983 2085 1235 2124 Germaniam
1259 2083 1435 2123 tradusta
1459 2081 1541 2123 fuit.
1586 2081 1808 2136 Spartianus
1826 2080 1868 2123 in
1887 2081 1966 2123 vita
1986 2079 2095 2121 Didii
2106 2079 2252 2134 Juliani
2258 2093 2274 2129 ,ι

160 2139 258 2193 Post
273 2139 496 2181 Praeturam
512 2141 673 2196 Legioni
683 2141 844 2196 praefuit
860 2141 903 2181 in
921 2140 1131 2181 Germania
1149 2136 1520 2193 vigefimae-fi’cundae
1540 2136 1801 2192 Primigeniae.

216 2218 302 2316 Hibe
320 2232 494 2329 uum-mlus
514 2219 710 2260 mediocris
730 2217 870 2260 moduli
885 2245 900 2268 ,
927 2217 977 2260 ab
994 2216 1156 2259 Erizzo
1167 2226 1260 2272 pag.
1279 2218 1341 2258 88.
1366 2212 1416 2260 (J
1432 2215 1457 2256 a
1477 2214 1629 2258 Patina
1638 2226 1732 2272 pag.
1745 2229 1815 2267 99.
1836 2214 2045 2272 affligatur,
2071 2227 2141 2257 nec
2159 2214 2273 2269 raruql

163 2288 231 2316 uec
248 2289 269 2315 o
296 2288 386 2316 vim
403 2289 422 2314 e
456 2307 464 2317 .

875 2344 1570 2391 PHILIPPI.

166 2979 190 3006 ‘r
206 2979 234 3006 1.
264 2973 541 3005 cnavmvs
573 2973 792 3002 CAESAR
824 2975 946 3003 Ave.
977 2975 1011 3003 Ρ.
1041 2977 1089 3004 Μ.
1123 2977 1205 3005 Ta.
1236 2978 1271 3005 P.
1303 2977 1413 3006 ΙΜΡ.
1451 2966 1585 3021 Caput
1603 2959 1760 3007 Claudii
1776 2964 1938 3006 nudum.

217 3035 242 3061 c
251 3034 278 3060 o
291 3034 330 3060 L.
361 3032 388 3058 A
402 3032 429 3058 v
441 3031 492 3078 G..
509 3030 526 3057 1
539 3031 566 3057 v
578 3032 614 3058 L.
647 3031 669 3057 P
680 3032 710 3058 Η
721 3031 736 3057 1
748 3033 774 3058 L
785 3031 802 3057 1
813 3031 834 3057 P
847 3031 882 3058 P.
914 3018 1072 3059 Colonia
1083 3020 1258 3075 Augusta
1269 3020 1386 3073 Julia
1400 3021 1663 3076 Philippenszk.
1695 3023 1794 3062 Duae
1807 3022 1937 3076 figurae
1950 3020 2026 3063 bafi
2038 3021 2260 3075 insistentes,

269 3074 384 3115 altera
399 3073 514 3114 virilis
530 3072 711 3127 paludata
722 3100 735 3120 ,
762 3073 936 3114 dextram
954 3074 1106 3115 elevans
1115 3092 1128 3121 5
1149 3077 1242 3116 laeva
1257 3077 1308 3117 ad
1324 3077 1446 3123 latus,
1473 3077 1588 3118 altera
1606 3078 1798 3118 muliebris
1814 3078 2011 3118 seminuda
2027 3092 2115 3118 cum
2127 3081 2258 3134 pallio,

270 3129 406 3170 dextra
419 3142 603 3169 coronam
618 3128 730 3183 supra
749 3140 865 3183 caput
880 3129 1260 3185 priorisaimponens3
1287 3132 1328 3172 in
1347 3132 1424 3173 bafi
1452 3147 1478 3173 D
1491 3146 1506 3172 1
1520 3147 1545 3173 v
1559 3147 1585 3174 v
1598 3147 1617 3173 s
1649 3147 1677 3173 A
1691 3147 1718 3174 v
1730 3147 1771 3173 G.
2232 3141 2259 3171 ο

214 3208 421 3263 Philippi,
449 3207 539 3248 urbs
561 3211 601 3247 &
627 3206 795 3248 Colonia
820 3208 1066 3248 Macedoniae
1093 3209 1144 3249 ad
1168 3209 1322 3264 Pangaei
1347 3210 1491 3252 inontis
1513 3211 1683 3259 radices,
1711 3212 1816 3266 prins
1836 3210 2014 3250 Crenides
2031 3236 2043 3256 ‚
2071 3210 2216 3254 deinde
2233 3215 2255 3257 ὲ

156 3264 338 3318 Philippo
355 3263 466 3318 Rege
481 3262 532 3304 de
553 3263 711 3303 nomine
732 3263 800 3303 suo
817 3264 1007 3317 appellata
1023 3264 1077 3304 est
1087 3291 1101 3311 ,
1128 3265 1224 3306 teste
1241 3265 1422 3307 Diodoro
1439 3267 1501 3307 lib.
1524 3271 1584 3307 16.
1605 3282 1692 3322 pag.
1710 3279 1802 3318 413.
1835 3270 1922 3304 Mem*
1938 3270 1969 3302 δὲ
1985 3274 2083 3304 ταῦτα
2097 3274 2257 3318 παρελθών

157 3327 204 3357 ἐπὶ
218 3323 294 3356 πόλιν
309 3321 461 3369 Kglw'iai’ooe
477 3346 487 3362 ,
510 3320 619 3357 ταύτίω
636 3320 689 3367 ⁹2⁴>
703 3320 866 3364 ἑπαυξῆσκς
882 3321 1022 3368 οἰκητόρων
1037 3323 1136 3363 πλῆᾓά
1151 3350 1161 3364 ,
1187 3324 1378 3371 μετωνόμασε
1395 3329 1549 3362 Φιλίππω
1564 3353 1573 3366 ,
1599 3330 1659 3371 ἀφ’
1686 3329 1779 3360 {aar}
1794 3326 2040 3371 ωασκγορόῧσκς.
2076 3324 2188 3365 Hinc
2203 3327 2258 3366 ad

155 3374 542 3429 Crenidasprofi’t‘t'us
557 3375 684 3416 urbem
699 3375 958 3416 habitatorum
965 3377 1190 3432 frequentia
1207 3376 1477 3431 amplificatam
1489 3406 1501 3425 ,
1532 3379 1576 3419 de
1594 3380 1738 3418 nomine
1750 3377 1825 3430 suo
1844 3377 2047 3432 Philippos
2064 3392 2255 3435 nuncupa-

154 3434 227 3472 vit.
267 3430 429 3471 Nomen
448 3430 573 3483 Juliae
586 3458 598 3477 ,
626 3429 835 3471 Coloniam
854 3431 993 3486 aJulio
1010 3433 1255 3473 constitutam
1272 3459 1285 3479 ,
1314 3444 1358 3473 ut
1373 3434 1554 3487 Augusiae
1570 3460 1581 3479 ‚
1610 3434 1657 3472 ab
1674 3433 1851 3487 Augusto
1866 3432 2013 3474 colonis
2029 3434 2168 3475 iterum
2186 3436 2254 3477 de·

157 3486 311 3527 dustam
326 3486 459 3541 arguit.
488 3487 569 3527 Dio
588 3486 720 3526 auftor
739 3486 794 3526 est
810 3486 915 3526 hunc
931 3498 1100 3527 extorres
1116 3487 1155 3527 in
1171 3502 1256 3528 eam
1271 3487 1506 3528 transmifiss‘e
1523 3488 1544 3526 l.
1565 3501 1623 3538 51.
1641 3496 1678 3541 p.
1689 3500 1781 3538 445.
1812 3490 1871 3527 τές
1886 3493 1917 3536 ᾧ
1932 3491 2027 3539 &Apage
2043 3497 2074 3529 ὸν
2089 3499 2127 3541 τῇ
2144 3499 2249 3539 imma

155 3541 209 3577 τές
222 3539 260 3574 τοὶ
271 3539 293 3579 Ξ
305 3544 426 3575 Αντωνίε
440 3541 655 3588 φρονήσαντας,
680 3542 820 3583 ἐξοικίσας
835 3549 888 3577 τοῖς
903 3538 955 3585 f⁴2²>
971 3540 1154 3586 5&mdrmc
1170 3564 1181 3581 ‚
1206 3542 1258 3578 τοῖς
1271 3556 1300 3576 π
1313 3541 1405 3578 πέλας
1418 3541 1466 3588 ω),
1484 3543 1521 3575 τοὶ
1535 3542 1644 3587 χῶμα.
1660 3545 1755 3576 αὐτῶν
1771 3543 1934 3586 ἐχαωίσαπ
1945 3571 1954 3583 ,
1979 3544 2093 3579 &telvm
2111 3546 2130 3591 {J
2145 3547 2180 3585 <m
2194 3555 2247 3583 τοῖς

156 3590 210 3639 μὴ)
225 3593 339 3629 πλείω
353 3593 399 3633 016,
424 3608 454 3628 π
466 3594 624 3642 Δυρραίχον
636 3621 645 3634 ,
670 3593 718 3640 ’tei
733 3595 786 3631 τὲς
799 3597 953 3630 Φιλίππη
964 3618 975 3633 ,
999 3593 1074 3628 dmi
1089 3607 1117 3628 π
1135 3597 1243 3628 ἐπιχεῖν
1257 3593 1421 3628 amictam.
1457 3589 1567 3629 Nam
1582 3605 1642 3630 eos
1660 3600 1870 3630 conventus
1888 3592 2017 3632 Italiae
2033 3619 2046 3640 ,
2073 3597 2138 3648 qui
2155 3595 2244 3633 An-

118 3683 124 3688 .
157 3647 254 3688 tonii
270 3644 374 3685 rebus
379 3645 608 3699 studuiffent
617 3675 630 3694 ,
658 3656 828 3687 extorres
844 3654 991 3701 egerat,
1018 3645 1275 3701 militibusque
1290 3660 1398 3700 agros
1414 3658 1537 3684 eorum
1551 3645 1788 3686 donaverat:
1815 3650 2022 3687 extorrium
2037 3657 2165 3688 autem
2167 3648 2249 3702 ple-

156 3699 280 3761 risque
293 3699 579 3749 Dyrrachium,
606 3702 830 3756 Philippos,
858 3699 905 3745 ὠ·
921 3701 1000 3741 alia
1019 3700 1152 3755 oppida
1166 3701 1379 3741 habitanda
1397 3699 1574 3749 concfft.
1611 3699 1772 3741 Nomen
1788 3701 1910 3754 Juliae
1926 3703 2075 3742 tantum
2091 3714 2134 3742 ut
2148 3705 2245 3744 anti-

159 3756 274 3810 quius
288 3754 328 3794 in
343 3756 462 3797 veteri
476 3756 604 3811 lapide
619 3757 772 3811 praefert
787 3757 891 3811 apud
905 3756 1094 3810 Sponium
1111 3755 1268 3796 Miscell.
1290 3768 1322 3806 5.
1341 3769 1427 3810 pag.
1447 3768 1533 3808 173.
1563 3755 1719 3796 Patinus
1736 3770 1822 3812 pag.
1833 3770 1896 3807 99.
1915 3758 2010 3796 duas
2026 3754 2163 3812 figura&
2178 3771 2245 3811 pa-

159 3810 306 3851 ludatas
329 3809 370 3850 in
392 3824 554 3852 nummo
583 3812 698 3867 scalpi
721 3812 867 3854 curavit
881 3839 893 3859 ,
914 3812 1062 3866 Julium
1086 3811 1275 3851 Caesarem
1297 3814 1336 3850 ὅ(
1356 3810 1569 3866 Augustum
1588 3811 1663 3851 effe
1682 3825 1729 3851 ex
1746 3813 1957 3866 epigraphe
1976 3811 2051 3850 basi
2066 3812 2244 3866 impolita

159 3865 374 3907 existimans
390 3880 398 3905 :
426 3866 524 3906 Duo
540 3867 600 3908 illi
622 3869 702 3908 viri
717 3868 880 3908 militari
893 3867 1027 3908 habitu
1047 3880 1120 3906 non
1136 3866 1205 3906 alii
1222 3866 1318 3906 mihi
1331 3865 1512 3906 videntur
1528 3892 1540 3912 ,
1567 3866 1678 3921 quam
1690 3866 1827 3919 Julius
1844 3866 1969 3918 Caesar
1981 3863 2029 3909 dy
2044 3868 2246 3921 Augustus.

159 3921 424 3977 Coujeituram
433 3920 572 3975 firmat
597 3935 732 3964 mvvs
765 3922 963 3974 nveustus
985 3921 1066 3975 bast
1081 3921 1293 3977 inscriptus.
1336 3920 1436 4016 Seck)
1432 3921 1646 3963 constanter
1661 3921 1796 3964 mulier
1811 3921 1921 3975 supra
1937 3920 2068 3975 figurae
2081 3922 2250 3962 militaris

1469 3989 1489 4030 3
2140 3988 2255 4030 caput
