2491 4219
206 100 227 136 ἲ
243 108 267 149 7
279 96 302 134 8
865 96 912 140 O
985 94 1031 141 T
1097 93 1141 141 Α
1213 99 1255 142 C
1325 100 1344 144 I
1418 99 1452 144 L
1523 101 1542 144 I
1612 96 1667 144 Α.

261 155 430 197 Similem
451 168 584 211 typum
599 185 609 204 ‚
636 158 876 213 similemque
893 159 1131 215 epigraphen
1149 160 1189 202 in
1207 161 1389 217 Philippo
1406 164 1572 205 vidimus
1584 192 1597 212 ,
1625 166 1714 205 cum
1735 164 1818 205 haec
1831 164 2026 220 inscriptio
2043 167 2203 210 minime
2217 168 2315 210 Otass

208 210 302 250 ciliae
320 214 546 259 conveniat,
576 213 794 254 Tribunitia
813 216 914 254 enirn
934 216 1102 269 potestas
1121 219 1160 255 ὅ(
1172 216 1354 258 Consulis
1370 219 1499 259 titulus
1518 220 1567 260 ad
1583 220 1800 274 Principem
1817 219 2016 262 foeminam
2033 236 2113 262 non
2131 224 2318 279 specstant,

210 264 249 304 id
272 268 571 308 monetariorum
600 269 743 308 incuria
768 270 898 323 potius
922 271 1040 324 quam
1064 270 1290 324 scriptorum
1313 274 1471 324 penuria
1495 274 1638 315 fafitum
1663 277 1910 316 arbitramur:
1940 275 2162 332 frequenter
2183 292 2314 320 autem

209 321 446 375 epigraphen
463 323 690 376 Imperatori
710 324 906 378 ascriptam
921 352 931 371 ,
960 326 998 365 in
1019 326 1186 365 nummis
1206 327 1465 380 Augustarum
1484 332 1524 368 &
1540 331 1734 371 Caesarum
1750 331 1904 385 reperiri
1923 335 2066 374 norunt
2085 335 2312 388 Antiquarii.

208 375 304 415 Hoc
321 388 448 417 tamen
465 379 679 418 notandum
694 406 707 426 ,
736 380 845 433 quod
861 381 960 420 inter
974 394 1156 421 nummos
1178 380 1246 421 sub
1263 382 1447 436 Philippo.
1463 384 1512 424 ab
1526 385 1851 429 Antiochensibus
1866 386 2032 442 signatos
2045 415 2057 435 ,
2085 390 2147 430 alii
2165 390 2316 432 solitam

206 431 416 473 exhibeant
433 432 717 487 inscriptionem
748 449 774 474 A
790 449 821 475 N
832 450 855 476 T
870 449 921 476 10
932 449 957 476 x
970 450 994 476 r,
1004 446 1033 472 Ω
1044 451 1073 477 N
1105 449 1140 477 M
1154 450 1181 476 H
1194 451 1218 476 T
1232 451 1253 477 P
1265 452 1302 477 0.
1335 452 1361 477 K
1374 452 1435 478 oA
1448 451 1475 477 Ω
1485 452 1530 478 N.
1563 453 1597 480 s.
1616 456 1651 481 c.
1673 455 1706 480 Δ.
1719 456 1754 481 Ε.
1784 442 1848 482 alii
1861 445 1955 484 vero
1969 457 2109 485 novam
2120 448 2160 486 δε
2170 446 2315 486 nudam

210 500 238 524 A
253 500 283 526 N
295 502 319 527 τ
334 502 347 528 1
359 502 420 528 ox
433 502 447 528 1
460 502 500 528 A.
533 502 566 529 s.
586 506 622 531 c.
651 490 730 531 fine
748 491 926 531 nimirum
945 492 1180 548 Metropolis
1196 495 1235 532 ὃς
1253 493 1432 534 Coloniae
1450 494 1564 535 titulo
1581 522 1592 542 ,
1620 509 1736 537 an-ne
1757 496 1838 538 haec
1854 498 2108 554 inscriptionis
2125 500 2316 541 distinstio

205 555 255 581 ex
273 543 422 584 duabus
437 545 539 585 urbis
556 573 568 592 ,
595 546 647 587 de
669 561 746 600 qua
770 547 867 602 saepe
890 548 1062 610 egimus,
1093 550 1292 589 monetarii
1316 549 1482 591 officinis
1505 552 1667 592 oriretur
1684 580 1696 600 ,
1723 553 1763 593 in
1780 549 1950 607 quarum'
1960 556 2072 595 altera
2088 556 2203 610 Syriae
2218 556 2316 596 Prae-

206 596 329 639 sestus
346 614 432 639 curn
450 601 757 650 Antiochensium
776 602 1032 657 appellatione
1049 619 1230 646 nummos
1247 607 1417 653 caelaret,
1432 606 1486 657 ,in
1502 607 1617 648 altera
1633 608 1722 649 urbs
1736 623 1783 649 ex
1795 609 1974 651 facultate
1990 624 2156 653 monetae
2168 611 2315 666 fignanff

206 653 267 693 dac
285 657 305 694 a
321 655 462 696 Senatu
480 657 548 698 fibi
565 658 758 705 concessa,
787 661 1008 701 Antiochiae
1024 675 1168 702 nomen
1184 662 1412 703 inscriberet.

259 731 344 772 Hic
363 748 536 777 nummus
543 736 707 788 secundi
726 737 867 778 modali
875 764 887 784 ,
914 752 981 779 nec
1000 754 1110 782 rarus
1125 755 1192 781 nec
1207 741 1342 781 obvius
1358 741 1417 793 cst.

1049 829 1483 900 DAchlA.

210 1468 286 1495 MA
305 1467 436 1495 Rc1A
468 1467 566 1494 orA
586 1469 608 1495 c
622 1467 674 1495 IL
688 1469 744 1495 1A
780 1467 799 1494 s
813 1468 956 1495 EVER
971 1469 1012 1496 A.
1043 1454 1178 1510 Caput
1198 1455 1375 1496 Otacilia:
1391 1454 1552 1501 Severae.

265 1523 596 1550 PROVINCIA.
627 1524 694 1550 DA
711 1524 816 1550 c1A.
850 1523 934 1550 AN.
970 1525 1003 1552 1.
1031 1511 1072 1550 in
1096 1511 1177 1551 aliis
1204 1524 1291 1551 AN.
1330 1525 1396 1550 11.
1426 1514 1465 1551 ὃ(
1489 1525 1514 1551 A
1531 1525 1576 1552 N.
1604 1526 1620 1552 1
1641 1525 1657 1552 1
1678 1525 1710 1551 1.
1742 1510 1887 1552 Mulier
1906 1512 2005 1553 stans
2022 1511 2127 1566 pileo
2146 1514 2332 1569 &patrio

323 1565 460 1606 vestitu
476 1578 630 1612 ornata,
659 1566 793 1607 dextra
811 1566 982 1621 gladium
999 1567 1208 1615 Dacicum,
1238 1582 1357 1623 quem
1374 1569 1513 1608 lituum
1532 1568 1722 1608 existimat
1738 1568 1854 1608 Com.
1876 1568 2158 1608 Mediobarbus
2178 1583 2217 1623 p.
2237 1582 2329 1623 349,

323 1621 389 1661 fin.
409 1621 588 1662 vexillum
609 1623 649 1662 in
666 1637 747 1677 quo
765 1637 802 1662 D.
827 1636 861 1662 F.
892 1621 1029 1664 Dacia
1044 1622 1180 1672 Felix,
1208 1638 1281 1679 pro
1297 1624 1463 1679 pedibus
1480 1624 1573 1665 hinc
1591 1624 1737 1678 Aquila
1754 1623 1876 1664 rostro
1891 1637 2074 1664 coronam
2086 1651 2099 1671 ,
2127 1624 2218 1666 inde
2229 1626 2329 1669 Leo.

321 1677 472 1718 Diversi
489 1676 575 1719 sunt
593 1689 636 1719 ut
650 1679 690 1719 in
705 1677 891 1733 Philippo
908 1679 1003 1734 typi.

266 1756 429 1798 Daciam
447 1757 686 1810 provinciam
702 1757 723 1797 a
742 1757 925 1812 Philippo
940 1757 1095 1799 liberam
1115 1758 1410 1813 pronunciatam
1433 1755 1545 1798 fuiffe
1571 1757 1682 1812 supra
1708 1757 1898 1803 diximus,
1927 1771 2046 1811 quare
2070 1758 2131 1798 illa
2151 1758 2334 1804 Otaciliae

211 1811 513 1868 gratulabunda,
542 1813 770 1867 numismata
787 1814 903 1854 etiam
920 1814 956 1854 ei
974 1815 1175 1856 consecrat.
1204 1814 1361 1855 Patinus
1385 1827 1472 1868 pag.
1495 1816 1588 1867 385.
1607 1814 1660 1855 ob
1675 1812 1758 1853 haec
1783 1812 2009 1854 numismata
2029 1812 2207 1854 Otaciliae
2229 1813 2337 1862 dica-7

212 1881 272 1915 ta,
299 1881 385 1908 eam
413 1882 460 1908 ex
486 1869 609 1909 Dacia
636 1869 841 1910 oriundam
863 1870 1031 1924 conjicit.
1072 1870 1195 1911 Dacia
1217 1882 1346 1910 autem
1368 1870 1421 1909 ob
1446 1869 1632 1910 libertatis
1656 1880 1824 1923 acceptae
1848 1869 2074 1910 memoriam
2098 1869 2138 1909 in
2162 1870 2338 1918 nummis

210 1938 324 1965 aeram
341 1924 472 1980 signat.
501 1924 623 1966 Porro
641 1925 724 1966 haec
742 1925 853 1966 libert
876 1939 893 1966 s
909 1927 930 1966 a
948 1926 1130 1982 Philippo
1148 1925 1324 1967 concessa
1338 1925 1492 1966 videtur
1504 1952 1517 1973 ,
1546 1936 1590 1966 ut
1607 1925 1668 1966 illa
1687 1924 1885 1978 provincia
1901 1939 1989 1979 quae
2005 1924 2260 1966 Barbarorum
2276 1926 2336 1968 in-

210 1980 450 2021 curfionibus
467 1978 690 2036 frequenter
708 1981 853 2037 impete
874 1993 978 2029 etur,
1007 1982 1157 2024 fortiter
1174 1995 1243 2022 eos
1263 1981 1509 2036 reprimeret,
1536 1982 1627 2022 cum
1643 1982 1723 2036 jam
1743 1980 1950 2036 privilegiis
1966 1981 2108 2022 civium
2131 1980 2338 2039 Romanon'

212 2050 298 2078 rum
316 2036 523 2091 gauderet:
552 2036 659 2092 figna
677 2038 771 2078 vero
787 2037 849 2078 illa
863 2038 1057 2086 militaria,
1088 2052 1176 2094 quae
1195 2052 1274 2093 prae
1295 2037 1473 2078 manibus
1488 2048 1596 2079 tenet
1614 2037 1761 2078 Mulier
1784 2037 2022 2092 provinciam
2039 2036 2338 2093 repraesentans3

212 2093 373 2134 nomina
395 2092 618 2146 Legionum
632 2107 669 2132 v.
698 2094 957 2134 Macedonica
973 2099 1013 2136 &
1029 2110 1053 2136 x
1068 2109 1084 2136 1
1104 2111 1119 2137 1
1140 2109 1174 2137 1.
1199 2094 1370 2135 Geminae
1393 2093 1599 2142 exhibent,
1629 2106 1792 2149 quarum
1816 2092 2003 2134 Veterani
2025 2093 2066 2134 in
2090 2092 2337 2136 Coloniasin

140 2167 142 2169 ·
202 2148 338 2194 Dacia
354 2146 423 2187 sub
441 2147 615 2201 Trajano
633 2147 859 2188 constitutas
877 2150 898 2191 a
915 2149 1098 2202 Philippo
1114 2150 1310 2199 transmissi
1329 2150 1437 2196 sunt,
1465 2162 1509 2190 ut
1531 2150 1626 2190 novi
1649 2149 1787 2193 milites
1809 2149 1849 2193 in
1875 2149 2115 2204 Legionibus
2135 2149 2336 2204 adscripti,

215 2198 281 2246 eas
300 2202 504 2245 validiores
522 2203 572 2243 ad
588 2203 793 2257 provinciae
811 2202 1025 2243 custodiam
1045 2203 1262 2243 redderent.
1294 2203 1460 2256 Aquila,
1490 2204 1663 2248 Romani
1679 2203 1837 2257 Imperii
1855 2203 2003 2260 insigne
2018 2206 2094 2252 est,
2123 2205 2235 2259 quod
2249 2205 2336 2258 Da<

216 2262 274 2302 cia
293 2273 477 2314 tanquam
496 2259 678 2301 Romana
697 2257 796 2297 faEka
812 2256 965 2311 praefert
984 2277 996 2303 ;
1023 2258 1108 2298 Leo
1129 2258 1245 2303 vero',
1273 2258 1427 2309 solitum
1443 2258 1499 2298 est
1519 2259 1729 2312 provinciae
1745 2257 1975 2313 symbolum.

271 2338 334 2382 Hi
350 2338 430 2391 typi
445 2350 494 2376 ex
511 2337 612 2377 omni
627 2334 774 2375 modulo
795 2336 954 2376 rariores
958 2337 1057 2388 sunt
1077 2336 1191 2391 quam
1205 2337 1247 2375 in
1266 2334 1471 2390 Philippo,
1500 2338 1656 2393 majoris
1679 2335 1830 2392 quidem
1853 2337 1994 2379 moduli
2010 2338 2036 2379 ιὶ
2057 2338 2229 2392 Τνψαηο
2245 2336 2336 2390 ton}

221 2408 258 2434 2.
270 2404 362 2449 pag.
385 2398 474 2446 564.
485 2390 650 2443 secundi
665 2390 755 2432 verb
771 2390 796 2437 a
819 2391 969 2433 ‘Patina
983 2402 1070 2446 pag.
1093 2394 1183 2444 384.
1200 2392 1340 2432 editus.

1011 2494 1540 2543 DAMASCUS.

228 3156 265 3183 M
278 3157 305 3183 A
322 3156 366 3183 R.
394 3156 422 3183 o
434 3154 457 3181 τ
473 3154 500 3180 A
512 3153 536 3180 c
550 3152 611 3183 IL·
645 3151 665 3178 s
678 3151 703 3178 Ε
717 3151 742 3177 v
755 3152 778 3178 E
793 3151 823 3178 R
836 3150 878 3179 A.
912 3149 940 3176 A
954 3150 981 3177 v
994 3149 1035 3177 G.
1064 3134 1198 3190 Caput
1216 3133 1393 3175 Otacilia:
1409 3133 1567 3176 Severae.

221 3184 231 3195 ”
284 3213 307 3239 c
319 3213 343 3238 o
354 3212 393 3238 L.
422 3210 447 3236 Δ
458 3211 484 3236 A
499 3210 535 3236 M
550 3209 588 3236 A.
621 3208 658 3235 M
669 3209 693 3234 E
706 3208 730 3233 T
744 3208 773 3234 R
786 3208 826 3234 ο.
855 3192 1011 3233 Colonia
1028 3191 1255 3243 Damascus
1274 3189 1508 3245 Metropolis.
1537 3187 1684 3232 Mulier
1703 3187 1835 3234 turrita
1848 3186 1989 3234 inlidet
2003 3188 2220 3241 montibus,
2247 3201 2339 3247 ante

339 3267 458 3308 quam
477 3253 547 3293 stat
562 3251 710 3293 Silenus
728 3249 897 3290 humeris
913 3260 1038 3289 utrem
1056 3247 1246 3289 hircinum
1266 3260 1404 3302 gerens
1412 3273 1436 3296 ,⁴
1452 3246 1493 3286 in
1510 3246 1652 3286 vertice
1670 3244 1857 3300 Pegasus,
1884 3245 1925 3285 in
1947 3246 2030 3285 imo
2052 3246 2229 3301 quinque
2253 3260 2339 3288 mu.

338 3310 447 3350 lieres
464 3308 604 3350 turritae
623 3305 833 3348 sacrificant
848 3303 897 3346 ad
920 3318 1034 3345 aram.
1680 3313 1694 3330 t

288 3387 366 3427 Hic
383 3389 437 3429 est
454 3401 656 3435 nummus,
683 3399 802 3441 quem
818 3385 935 3426 Corn.
955 3382 1236 3424 Mcdiobarbus
1253 3395 1339 3436 pag.
1367 3393 1458 3434 349.
1482 3380 1537 3421 ita
1556 3378 1714 3435 profert.
1743 3377 1879 3419 Venus
1892 3378 2051 3426 sedens,
2076 3392 2203 3433 prope
2218 3392 2338 3433 quam

234 3442 396 3498 Cupido
422 3445 562 3490 alatus,
589 3447 629 3483 &
655 3453 823 3498 quatuor
850 3441 980 3497 figurae
1008 3440 1149 3480 stantes
1174 3458 1186 3485 3
1214 3437 1297 3478 haec
1320 3436 1528 3490 descriptio
1556 3435 1607 3476 ad
1634 3434 1739 3475 illum
1768 3433 1972 3475 transmissa
2000 3434 2256 3489 proculdubio
2282 3435 2340 3475 vi·
2382 3481 2386 3484 .

232 3501 357 3541 detur.
1965 3529 1970 3531 a

290 3552 497 3594 Damascus
514 3553 732 3609 Coelcsyriae
754 3552 1009 3606 Metropolis,
1039 3549 1209 3591 Colonia
1232 3549 1254 3587 a
1279 3547 1462 3601 Philippo
1488 3545 1609 3593 fafita,
1638 3544 1813 3586 Otaciliae
1836 3544 1919 3597 ejus
1934 3544 2043 3584 uxori
2063 3542 2237 3585 beneficii
2256 3558 2338 3586 me-

237 3624 323 3654 mor
354 3622 534 3649 nummos
561 3610 724 3651 dedicat.
775 3610 918 3664 Figura
947 3606 1142 3647 muliebris
1167 3603 1300 3644 urbem
1329 3602 1571 3657 repraesentat
1585 3629 1597 3648 ,
1635 3601 1768 3641 turrita
1794 3601 1849 3640 est
1877 3611 2060 3653 tanquam
2085 3599 2342 3655 Metropolis,

239 3679 357 3719 quam
374 3665 426 3706 ita
446 3663 620 3705 describit
636 3666 772 3707 Strabo
796 3665 816 3704 l.
843 3668 901 3704 16.
919 3678 955 3718 p.
975 3677 996 3716 7
1008 3668 1066 3715 56.
1099 3673 1145 3703 Εςι
1163 3664 1183 3711 {3
1198 3667 1222 3714 »ᾖ
1239 3664 1404 3710 Δοιμοισκός
1420 3662 1497 3698 nim
1512 3662 1663 3708 ἀξιόλογος
1677 3660 1774 3710 χεδάν
1790 3675 1816 3695 π
1833 3662 1857 3710 ’13
1877 3657 2084 3700 ὂὲηφαμεςείπ
2100 3662 2126 3693 ’τ’
2143 3659 2235 3699 riudam
2252 3661 2288 3707 ,ξς
2302 3660 2340 3694 πῖ

240 3725 385 3773 nega-mi.
413 3719 635 3771 Damascus
649 3722 740 3761 urbs
755 3720 805 3773 cst
822 3719 992 3775 inslgnis,
1020 3721 1182 3759 omnium
1189 3715 1280 3770 fir&
1298 3714 1519 3766 nobiliſjt'ma
1531 3741 1543 3762 ‚
1572 3727 1655 3769 quae
1672 3716 1717 3774 in.
1730 3712 1876 3774 easuqzt
1890 3712 2035 3767 regione
2052 3710 2178 3773 Perfis
2197 3714 2341 3773 viciaa,

242 3777 388 3818 Insidet
405 3775 618 3823 montibus,
647 3773 1084 3829 ipfiusfitumindicans,
1111 3774 1162 3819 ad
1178 3772 1321 3813 montis
1336 3771 1516 3811 nimirum
1525 3770 1738 3814 Hermonis
1757 3766 1903 3828 radices
1920 3780 1928 3804 :
1958 3778 2202 3821 cornucopiae
2222 3778 2343 3828 gerit,

234 3826 292 3874 ‘ad
308 3832 579 3873 abundantiam
597 3831 636 3871 in
653 3845 746 3887 agro
760 3830 829 3870 suo
844 3830 1104 3871 denotandam
1125 3845 1133 3870 ε
1160 3828 1271 3882 supra
1286 3827 1370 3880 ejus
1386 3837 1501 3880 caput
1516 3822 1682 3880 Pegasus
1697 3822 1800 3883 urbis
1816 3820 1962 3882 insigne
1973 3841 1984 3867 ·‚
1997 3833 2086 3862 ante
2102 3836 2188 3862 eam
2207 3823 2276 3863 stat
2285 3823 2342 3862 Si-

240 3889 349 3935 lenus
366 3888 543 3930 Damasci
559 3886 680 3928 cultus
691 3911 704 3933 ,
731 3897 772 3926 ut
788 3886 828 3925 in
845 3886 1011 3927 nummis
1024 3884 1194 3940 Philippi
1210 3883 1388 3924 diximus.
1417 3881 1465 3922 In
1480 3882 1562 3921 imo
1578 3879 1754 3935 quinque
1768 3876 1840 3917 111ae
1859 3876 2037 3917 mulieres
2057 3877 2108 3918 ad
2124 3891 2226 3919 aram
2246 3878 2346 3917 sacra

2206 3931 2348 3973 facien-

2482 3823 2491 3887 2:

2477 3891 2491 4020 l
