2491 4219
235 133 326 163 112

443 292 1774 374 “1ffiffffiffiaeffirffissffiffiffiiffiffffiffiffifflffi
1847 309 2328 379 annania&

548 435 1018 526 ALEX.
1163 443 1992 538 SEVERUS.

406 1116 441 1158 nc
457 1120 461 1129 ·
475 1115 533 1145 ρης
565 1095 633 1136 [ε
645 1111 671 1137 x
685 1111 712 1137 A
724 1109 826 1138 Non
839 1109 868 1137 ιι
885 1123 897 1144 ,
927 1096 948 1137 a
973 1097 1194 1152 parentibus
1216 1098 1342 1140 dietus
1358 1099 1576 1141 Alexianus
1589 1127 1600 1147 ,
1629 1100 1668 1141 in
1688 1101 1879 1142 Aureliam
1895 1102 1989 1143 vero
2006 1112 2160 1158 gentem
2178 1105 2225 1146 ab
2243 1099 2330 1147 Ela-

453 1195 457 1202 Ι
564 1152 702 1207 gabalo
725 1153 956 1207 adoptatus,
985 1154 1204 1195 Alexandri
1226 1169 1368 1196 nomen
1394 1156 1506 1202 tulit,
1535 1157 1643 1210 quod
1671 1156 1709 1196 in
1737 1157 1882 1212 templo
1908 1158 2112 1200 Alexandri
2133 1160 2192 1200 M.
2216 1173 2332 1202 natus

563 1207 654 1249 ess‘et
666 1235 678 1255 ,
706 1212 745 1249 &
761 1220 852 1249 tunc
873 1221 1031 1250 vocatus
1047 1209 1100 1250 est
1115 1210 1297 1250 Aurelius
1315 1210 1538 1251 Alexander
1555 1211 1679 1258 Caefar
1697 1228 1708 1250 .·
1736 1214 1825 1253 cum
1843 1215 1935 1254 vero
1954 1214 2166 1269 Imperator
2183 1217 2330 1270 procla·
2395 1234 2400 1241 ·

420 1317 426 1319 „
458 1276 489 1322 ¹)ss
515 1262 544 1315 ξι
563 1275 686 1303 matus
705 1263 760 1304 est
776 1291 788 1310 ,
817 1264 947 1304 Severi
963 1278 1182 1320 cognomen
1203 1266 1240 1306 in
1263 1267 1486 1307 memoriam
1510 1267 1569 1307 avi
1594 1268 1647 1307 sui
1670 1268 1772 1322 Sept.
1791 1269 1918 1309 Severi
1939 1269 2131 1325 assumpsit
2150 1297 2162 1317 ,
2188 1271 2329 1312 necilli

340 1358 354 1373 ο
391 1316 543 1375 ‚som-s}
563 1319 583 1358 a
604 1319 784 1359 militibus
809 1320 862 1360 ob
885 1320 1140 1361 austeritatem
1167 1321 1312 1362 datum.
1356 1321 1678 1377 Mesopotamiam
1701 1325 1721 1363 a
1736 1324 1884 1365 Parthis
1908 1323 2043 1381 fugato
2066 1340 2199 1366 eorum
2217 1327 2330 1382 Rege

297 1387 309 1402 u
328 1388 337 1403 a
363 1387 388 1405 'U
425 1388 470 1406 ου’
501 1375 544 1420 [Δ
567 1378 773 1415 Artaxerxe
791 1377 1028 1430 recuperavit
1044 1403 1055 1423 ,
1085 1376 1291 1417 Coloniam
1324 1377 1392 1417 Bo
1408 1392 1426 1418 s
1439 1393 1462 1417 τ
1476 1392 1503 1418 a
1519 1392 1543 1417 A
1561 1393 1593 1418 M
1628 1380 1777 1419 Arabiae
1797 1381 1928 1420 urbem
1947 1381 2108 1422 deduxit
2126 1407 2137 1427 ,
2165 1385 2331 1424 emeritis

230 1426 413 1486 militibus
436 1442 472 1466 m
497 1442 581 1469 eam
608 1431 744 1483 partim
768 1429 943 1472 dedustis
960 1458 971 1477 ,
1000 1433 1207 1472 exercitum
1231 1434 1322 1472 vero
1345 1433 1394 1473 ad
1412 1433 1551 1473 bellum
1573 1434 1847 1475 Germanicum
1867 1435 1999 1483 duxit,
2028 1437 2066 1476 in
2084 1451 2167 1492 quo
2185 1437 2329 1480 tumul-

230 1487 356 1518 tuario
375 1495 522 1536 impetu
538 1485 628 1526 cum
644 1485 901 1527 Tribunitiam
918 1487 1146 1540 potestatem
1166 1502 1255 1527 xiv.
1272 1487 1506 1543 suscepiffet,
1535 1491 1556 1529 a
1573 1489 1753 1530 militibus
1770 1492 2022 1547 interemptus
2038 1491 2103 1533 est.
2323 1483 2330 1492 ⁴

283 1556 321 1598 A
332 1572 358 1599 L
369 1571 394 1599 z
407 1575 431 1601 x
447 1576 473 1602 A
488 1576 517 1604 N
531 1578 557 1604 D
570 1578 622 1606 R1
650 1564 675 1607 S
686 1579 710 1605 Ε
721 1579 747 1607 v
760 1580 784 1606 Ε
794 1579 826 1607 R
838 1578 854 1605 1
881 1567 1023 1606 nummi
1039 1579 1088 1605 ex
1105 1567 1205 1606 omni
1221 1565 1366 1607 modulo
1373 1567 1598 1623 frequentes
1617 1566 1665 1612 ὅγ’
1682 1568 1800 1610 obvii.

890 1667 1449 1713 ANT1ocH1A
1499 1671 1669 1725 Pistdiae.

235 2305 299 2334 1M
312 2306 347 2335 Ρ.
379 2306 403 2334 c
416 2306 443 2333 A
455 2305 479 2332 E
492 2305 524 2333 s.
555 2305 575 2333 s
589 2307 612 2334 E
624 2306 652 2334 v
665 2306 688 2334 E
701 2294 745 2335 R.
777 2306 804 2334 A
818 2307 843 2335 1.
855 2306 879 2334 ε
891 2307 917 2335 x
932 2307 957 2334 A
971 2305 1003 2334 N
1014 2307 1042 2334 n
1053 2307 1078 2335 ε
1090 2307 1134 2335 R.
1167 2306 1193 2334 A
1208 2307 1236 2334 v
1249 2308 1289 2335 a.
1333 2293 1469 2347 Caput
1487 2292 1694 2334 Alexandri
1712 2292 1840 2334 Severi
1854 2291 2079 2335 laureatumj

289 2365 314 2392 c
324 2364 350 2389 o
364 2363 400 2389 1..
431 2364 454 2388 c
468 2363 495 2388 A
509 2363 580 2443 13⁴8.
613 2362 639 2388 A
654 2363 685 2445 ἶ
698 2363 723 2388 T
737 2362 751 2388 1
763 2363 790 2389 o
803 2364 826 2390 c
836 2363 879 2390 Η.
919 2349 1075 2390 Colonia
1091 2351 1261 2401 Caes'area
1278 2349 1554 2401 Antiochenfis.
1593 2349 1639 2388 In
1654 2350 1735 2389 imo
1759 2362 1791 2388 s.
1808 2362 1851 2390 R.
1879 2349 1989 2403 Lupa
2007 2349 2074 2389 sub
2090 2346 2227 2405 arbore
2242 2348 2335 2390 ubeo'

344 2419 384 2444 ra
399 2418 520 2458 pueru
537 2418 567 2444 is
582 2418 658 2458 prae
687 2416 737 2445 et.

290 2482 498 2522 Antiochia
519 2483 599 2523 haec
617 2482 781 2529 Pifidiae,
809 2496 890 2522 non
904 2493 1032 2523 autern
1050 2482 1164 2537 Syriae
1179 2482 1402 2529 tribuenda,
1431 2493 1476 2524 ut
1491 2482 1615 2537 placet
1632 2481 1830 2528 Tristano,
1860 2483 1928 2537 qui
1946 2495 2146 2523 nummum
2164 2481 2335 2536 vulgavit

235 2548 329 2578 tom.
344 2551 376 2577 2.
397 2551 481 2592 pag.
501 2551 589 2590 397.
619 2537 778 2578 Pifidica
796 2537 919 2578 Plinio
940 2537 1112 2578 Caesarea
1129 2538 1349 2578 nominatur
1369 2538 1430 2578 lib.
1455 2552 1487 2589 5.
1505 2553 1586 2593 cap.
1609 2551 1671 2590 27.
1715 2537 1854 2588 Pifidae
1867 2565 1878 2584 ,
1906 2552 2060 2593 quorum
2078 2538 2231 2577 Colonia
2249 2540 2335 2577 Cae-

222 2592 340 2645 sarea
356 2620 368 2639 ,
396 2599 521 2632 eadem
544 2593 768 2633 Antiochia.
815 2594 965 2647 Syriaca
992 2595 1085 2633 vero
1114 2594 1346 2648 Metropolis
1373 2593 1584 2634 inscribitur
1601 2620 1613 2640 ,
1642 2597 1681 2633 &
1705 2593 1881 2633 Graecam
1908 2592 2143 2648 epigraphen
2169 2591 2333 2647 praefert.

234 2649 364 2688 Arbor
383 2647 450 2688 sub
474 2662 549 2702 qua
567 2649 677 2701 Lupa
692 2662 780 2689 cum
798 2649 987 2703 puerulis,
1017 2648 1111 2689 ficus
1131 2649 1205 2695 est,
1234 2650 1330 2689 circa
1347 2663 1463 2702 quam
1484 2649 1676 2690 Romulus
1691 2653 1730 2689 ὃ(
1746 2649 1895 2689 Remus
1910 2648 2048 2702 abjecti
2067 2648 2159 2689 sunt.
2200 2647 2337 2687 Rumi-

234 2703 335 2744 nalis
358 2703 458 2744 diua
485 2704 577 2744 teste
603 2704 714 2745 Livio
740 2704 834 2745 Dec.
857 2719 890 2744 l.
912 2704 971 2744 lib.
995 2718 1025 2744 1.
1055 2704 1122 2744 Ita
1141 2704 1251 2744 velut
1275 2704 1445 2758 desunft'i
1468 2705 1587 2760 Regis
1609 2704 1767 2759 Imperio
1784 2731 1797 2751 ,
1825 2707 1866 2744 in
1885 2706 2061 2758 proxima
2076 2703 2242 2749 alluvie,
2268 2703 2337 2743 ubi

235 2773 335 2799 nunc
346 2758 449 2810 ficus
470 2759 685 2800 Ruminalis
701 2759 750 2811 est
769 2759 790 2813 (
797 2760 1034 2800 Romularem
1052 2759 1399 2812 vocatam-ferunt)
1409 2772 1544 2814 pueros
1559 2768 1759 2814 exponunt.
1791 2758 2068 2800 Antiochenses
2083 2758 2186 2799 hunc
2199 2771 2336 2813 typum

236 2814 437 2860 caelarunt,
467 2827 648 2867 tanquam
670 2815 814 2855 Coloni
837 2815 1026 2861 Romani,
1055 2829 1221 2869 quorum
1242 2815 1391 2856 solitum
1412 2817 1491 2863 est,
1519 2828 1561 2856 ut
1578 2816 1709 2870 saepius
1726 2814 1914 2861 diximus,
1942 2813 2175 2869 symbolum:
2203 2828 2249 2853 an
2269 2814 2335 2853 ali-
2402 2823 2413 2834 ·

235 2869 347 2923 quod
367 2869 417 2908 illi
433 2869 481 2908 ab
502 2869 720 2910 Alexandro
739 2869 965 2910 beneficium
986 2871 1204 2924 acceperint
1219 2897 1231 2916 ,
1260 2871 1317 2910 vel
1342 2870 1458 2924 ipfius
1480 2871 1627 2912 tantum
1652 2870 1805 2911 studiosi
1823 2898 1834 2916 ,
1861 2871 2046 2911 incertum
2068 2869 2122 2909 est
2140 2896 2152 2916 ,
2179 2881 2259 2911 erat
2271 2869 2333 2911 ille

235 2926 385 2965 cunHis
400 2924 614 2964 hominibus
632 2925 829 2971 amabilis,
857 2926 951 2966 teste
971 2925 1193 2979 Lampridio
1208 2927 1247 2964 in
1267 2925 1350 2978 ejus
1369 2927 1458 2966 vita.
1497 2926 1559 2968 Dc
1575 2927 1735 2969 vocibus
1754 2940 1788 2967 s.
1804 2939 1846 2966 R.
1863 2940 1950 2981 pag.
1964 2939 2030 2979 74.
2047 2924 2223 2966 diximus.

291 3001 376 3043 Hic
390 3016 563 3044 nummus
567 3004 702 3058 primae
717 3003 991 3058 magnitudinis
1005 3005 1105 3043 inter
1120 3003 1282 3042 rariores
1297 3002 1545 3044 collocandus.

245 3615 263 3642 1
275 3613 310 3641 M
324 3614 359 3641 r.
391 3613 414 3640 c
428 3613 454 3639 A
466 3614 490 3639 ι
503 3613 533 3639 s.
566 3613 584 3640 s
598 3615 621 3641 iz
635 3614 673 3641 ν.
705 3616 731 3641 A
745 3614 771 3641 L
782 3615 806 3641 iz
819 3613 845 3641 x
860 3613 885 3640 A
901 3611 982 3640 Nn.
1012 3613 1038 3640 A
1053 3612 1134 3640 ve„
1169 3597 1302 3653 Caput
1320 3597 1430 3639 Alex.
1447 3595 1577 3638 Severi
1596 3594 1817 3636 laureatum.
1992 3645 2000 3653 ⁶

299 3671 323 3696 c
333 3670 360 3696 0
370 3670 407 3696 L.
439 3669 462 3695 c
475 3670 500 3695 A
514 3669 537 3694 E
551 3669 583 3693 s.
616 3671 641 3695 A
655 3670 683 3695 N
699 3671 723 3696 r
736 3672 751 3697 ι
762 3672 788 3697 0
798 3672 820 3696 c
832 3671 871 3696 Η.
909 3655 1063 3696 Colonia
1090 3654 1257 3705 Caefarea
1284 3651 1557 3701 Antiochensis.
1597 3651 1643 3691 In
1663 3651 1742 3690 imo
1769 3663 1800 3689 s.
1824 3660 1869 3708 R..
1889 3645 2048 3693 Fluvius
2070 3644 2248 3688 barbatus
2263 3643 2331 3686 de·

354 3710 559 3756 cumbens,
588 3711 718 3751 dextri
738 3712 962 3752 arundinem
975 3738 987 3758 ,
1018 3711 1164 3751 finistro
1180 3709 1335 3750 brachio
1352 3723 1454 3749 urnae
1471 3721 1590 3762 aquas
1605 3705 1777 3747 vomenti
1792 3704 1932 3743 innixo.

297 3789 432 3829 Senilis
453 3788 536 3829 haec
564 3786 683 3842 figura
710 3788 835 3829 Fluvii
861 3789 1151 3836 decumbentis,
1182 3787 1430 3829 Antiochiam
1449 3785 1659 3826 Caesaream
1685 3781 1734 3822 ad
1760 3781 1921 3842 fluvium
1947 3778 2114 3841 aliquem
2132 3778 2239 3820 fitam
2264 3775 2338 3819 esse

243 3841 424 3890 denotat,
452 3845 520 3897 qui
538 3842 736 3882 Maeander
751 3843 825 3883 effe
841 3843 1016 3891 videtur·,
1043 3844 1082 3884 in
1099 3844 1265 3883 nummis
1281 3843 1383 3882 enim
1403 3842 1554 3881 barbata
1573 3838 1699 3893 effigie
1720 3836 1946 3877 exhibentur
1964 3834 2071 3875 fluvii
2088 3849 2126 3875 in
2146 3847 2248 3894 mare
2267 3835 2336 3873 de-

240 3897 421 3940 labentes.
457 3899 504 3939 ln
520 3898 600 3940 imo
614 3897 719 3941 collis
736 3897 862 3942 forsan
879 3899 940 3942 ille
957 3899 1256 3955 praeterlabitur,
1282 3898 1324 3939 in
1347 3911 1424 3952 qua
1449 3898 1584 3937 urbem
1607 3893 1683 3935 effe
1706 3891 1813 3935 sitam
1835 3901 2022 3933 memorat
2038 3889 2174 3934 Strabo
2193 3890 2245 3929 lib
2278 3899 2338 3928 12.

2143 3958 2227 4001 9³3¹
2249 3953 2341 3997 577·
