2574 4214
252 207 317 262 ,oe
760 199 831 246 vc
903 197 938 244 E
1006 200 1049 248 R
1111 185 1172 247 M
1234 196 1284 246 »Α
1351 200 1401 248 N
1466 195 1490 245 '1
1555 199 1601 247 c
1669 195 1718 247 υ
1786 198 1830 248 234

819 286 1287 357 ROMULEA·
1344 314 1786 358 COLONIA.

253 860 280 887 G
296 859 316 886 E
331 857 406 886 ΚΜ
421 860 447 886 Α
462 860 493 886 N
509 861 525 886 1
543 861 632 887 cvs
663 861 725 887 cA
739 861 791 887 ns
805 860 828 885 A
844 860 884 886 R.
918 859 942 884 r
960 859 988 884 1.
1024 860 1048 885 A
1067 861 1141 887 νῦ.
1173 861 1210 887 F.
1250 839 1384 899 Caput
1400 844 1621 884 Germanici
1636 844 1797 884 nudum.

251 904 258 912 '
303 915 330 941 c
342 915 368 940 o
380 915 418 942 L.
456 917 487 942 R
499 917 525 941 o
539 916 588 941 M.
620 914 641 940 Ρ
655 916 678 941 E
690 913 722 942 R
734 915 783 941 M.
815 915 841 940 A
856 915 881 940 v
895 914 934 939 G.
964 902 1119 941 Colonia
1134 900 1339 946 Romulea,
1358 899 1538 953 permiffu
1550 900 1726 954 Augusti.
1755 899 1929 952 Clypcus
1945 897 2099 939 votivus
2115 897 2155 938 in
2170 897 2305 939 laurea.

308 979 463 1020 Colonia
482 979 740 1033 Romuleagvel
760 977 991 1032 Romulenffs
1005 1006 1015 1024 ,
1043 978 1177 1019 eadem
1196 992 1282 1031 quae
1299 977 1494 1032 Hispalis,
1522 977 1610 1017 urbs
1626 976 1681 1017 est
1699 975 1893 1030 Hispaniae
1906 975 2053 1016 Baeticae
2064 975 2113 1015 ad
2125 976 2259 1022 Baetim
2277 975 2350 1016 flu-

252 1035 360 1073 vium
377 1061 388 1080 ‚
417 1037 455 1075 in
476 1049 593 1088 quam
603 1032 729 1087 Julius
747 1033 872 1074 Caesar
894 1033 1033 1074 bellum
1058 1046 1192 1073 contra
1210 1033 1418 1087 Pompeios
1438 1045 1574 1086 gerens
1595 1032 1781 1086 ingressus
1799 1031 1853 1071 est
1865 1058 1878 1078 ,
1905 1031 2238 1084 quemadmodum
2259 1031 2352 1086 legi-

254 1099 316 1129 tur
331 1090 435 1143 apud
451 1090 622 1130 Hirtium
643 1089 693 1128 de
714 1089 821 1128 Bello
841 1087 951 1142 Hisp.
982 1089 1108 1138 Caesszr
1131 1088 1217 1128 cum
1240 1087 1264 1127 a
1283 1088 1457 1128 Gadibus
1478 1088 1533 1127 ad
1547 1087 1741 1142 Hispalim
1747 1086 1795 1139 se
1814 1087 2000 1140 recepiffet
2011 1113 2024 1134 ,
2050 1085 2275 1142 insequenti
2291 1086 2352 1126 die

254 1146 427 1185 concione
446 1145 636 1185 advocata
651 1171 664 1190 ,
691 1151 960 1183 commemorat.
1009 1144 1077 1184 Illa
1103 1145 1142 1184 in
1174 1145 1294 1184 veteri
1317 1143 1569 1196 Inscriptione
1604 1157 1619 1182 1
1636 1157 1663 1182 v
1678 1157 1702 1183 L
1718 1156 1733 1182 1
1753 1151 1778 1181 A
1811 1150 1841 1183 R
1854 1155 1880 1180 ο
1895 1155 2038 1182 MVLE
2053 1156 2078 1181 A
2109 1136 2214 1195 apud
2235 1142 2352 1182 Grut-

253 1213 339 1253 pag.
364 1214 452 1251 257.
479 1199 615 1240 dicitur
631 1227 642 1246 ,
674 1199 777 1238 unde
803 1197 925 1238 forsan
946 1196 1100 1250 Juliam
1118 1199 1331 1240 Romanam
1351 1201 1372 1239 a
1387 1199 1486 1253 Julio
1502 1198 1650 1239 Caesare
1667 1208 1926 1251 nuncupatam
1950 1197 2003 1238 ait
2015 1196 2184 1237 Isidorus
2202 1197 2265 1236 lib.
2288 1210 2303 1236 1
2317 1209 2350 1247 5.

253 1253 362 1308 Orig.
382 1269 463 1309 cap.
482 1268 515 1294 1.
537 1265 581 1295 ut
596 1254 711 1294 refert
726 1254 767 1293 Ρ.
782 1253 1009 1298 Harduinus
1026 1267 1112 1309 pag.
1133 1241 1220 1303 19⁸8.
1251 1255 1424 1309 Clypeus
1437 1253 1477 1293 in
1493 1253 1620 1294 laurea
1635 1253 1711 1300 est,
1741 1257 1778 1292 &
1796 1264 1877 1292 non
1895 1265 2025 1306 patera
2037 1279 2048 1297 ‚
2077 1263 2121 1292 ut
2137 1258 2247 1306 putat
2259 1251 2355 1292 Me-¹

253 1308 462 1350 diobarbus
481 1324 566 1365 pag.
581 1323 645 1363 74.
667 1309 821 1350 votivus
841 1308 1023 1363 quidem:
1051 1310 1176 1364 clypei
1192 1309 1382 1363 fiquidem
1405 1309 1446 1348 in
1472 1307 1646 1349 Deorum
1669 1308 1822 1362 templis
1842 1307 2166 1361 suspendebantur
2181 1311 2221 1347 &
2237 1320 2356 1348 vove-

255 1364 401 1406 bantur.
437 1365 568 1405 Livius
589 1366 684 1406 Dec.
703 1378 741 1416 4.
758 1362 822 1404 lib.
845 1377 877 1415 5.
908 1364 980 1404 Ex
1000 1378 1043 1405 ea
1059 1367 1221 1419 pecunia
1240 1365 1364 1420 clypea
1381 1368 1561 1404 inaurata
1581 1367 1622 1404 in
1629 1363 1788 1418 fastigio
1809 1361 1931 1415 Jovis
1947 1363 2040 1404 aedis
2054 1361 2265 1416 posuerunt.
2303 1362 2356 1403 Et

252 1430 298 1459 ut
314 1433 361 1460 ex
377 1421 545 1461 nummis
560 1421 725 1476 Augusti
744 1421 933 1474 argenteis
944 1447 956 1466 ,
974 1420 1025 1460 'in
1040 1421 1180 1475 quibus
1197 1419 1354 1475 clypeus
1373 1433 1461 1460 cum
1481 1418 1540 1460 his
1555 1419 1687 1460 litteris
1711 1434 1734 1459 c
1747 1434 1785 1459 L.
1808 1433 1849 1460 v,
1876 1419 1918 1459 id
1936 1419 1992 1459 est
2014 1418 2162 1475 clypeus
2178 1420 2356 1464 votivos,

253 1474 355 1516 inter
379 1477 545 1530 aquilam
568 1475 814 1531 legionariam
836 1479 874 1514 &
893 1476 996 1531 signa
1019 1476 1190 1516 militaria
1209 1490 1298 1515 cum
1323 1476 1395 1515 hac
1415 1472 1530 1530 epigr.
1563 1489 1581 1515 s
1597 1489 1612 1515 1
1629 1489 1697 1515 GN
1713 1489 1728 1515 1
1744 1482 1762 1513 s
1793 1488 1860 1514 RE
1874 1489 1931 1515 cr:
1944 1488 2002 1515 ΡΤ
2022 1489 2035 1513 1
2051 1489 2087 1522 s,
2116 1474 2264 1515 constat
2280 1473 2358 1526 cly-

255 1543 375 1584 peum
390 1533 566 1572 votivum
582 1532 621 1571 in
640 1531 786 1585 templo
802 1531 942 1572 Martis
961 1530 1108 1572 Ultoris
1132 1531 1184 1571 ob
1203 1542 1356 1585 recepta
1371 1532 1394 1570 a
1410 1530 1557 1570 Parthis
1576 1530 1681 1585 signa
1696 1529 1870 1570 militaria
1887 1531 2147 1571 consecratum
2164 1530 2186 1569 a
2202 1529 2358 1583 Populo

255 1585 444 1626 Romano
461 1586 591 1627 fuisse:
621 1586 671 1626 fic
687 1587 909 1627 arbitramur
926 1586 1103 1639 clypeum
1126 1586 1148 1629 ὲ
1163 1586 1332 1627 Colonia
1350 1584 1579 1626 Romulenfi
1605 1585 1736 1626 cusum
1760 1584 1867 1626 fuiffe
1884 1598 2042 1640 propter
2058 1584 2223 1639 aquilam
2239 1583 2358 1640 legio-

255 1642 401 1682 nariam
412 1642 588 1683 Varianae
603 1642 785 1697 Legionis
799 1657 867 1697 per
883 1642 1160 1682 Germanicum
1175 1653 1368 1695 receptam
1378 1669 1390 1688 ,
1411 1652 1452 1682 ut
1467 1640 1584 1682 tradit
1597 1641 1758 1682 Tacitus
1778 1643 1877 1681 Ann.
1893 1655 1928 1681 z.
1959 1641 2136 1681 Alterius
2151 1640 2358 1689 consecrati

257 1700 474 1738 memoriam
485 1699 593 1738 ‘Dux
605 1698 865 1739 Mallovendus
881 1710 997 1753 nuper
1012 1700 1054 1738 in
1068 1698 1293 1738 deditionem
1309 1707 1484 1752 acceptus
1494 1724 1506 1744 ,
1526 1699 1733 1752 propinquo
1749 1696 1826 1737 loco
1841 1696 2017 1750 defoſjam
2028 1697 2073 1736 V
2063 1698 2206 1736 arianae
2221 1695 2361 1750 Legio-

257 1754 323 1793 nis
337 1753 507 1809 aquilam
527 1754 669 1795 modico
677 1753 847 1808 prasidio
855 1753 1014 1805 servari
1030 1754 1188 1794 indicat.
1228 1753 1347 1806 Aldiffa
1366 1752 1551 1806 extemplo
1568 1767 1704 1793 manus
1720 1780 1733 1799 ,
1761 1765 1843 1809 quae
1859 1752 1996 1794 bouem
2011 1752 2035 1792 a
2038 1752 2175 1805 fronte
2191 1750 2360 1796 eliceret,

261 1808 333 1848 alii
348 1813 416 1864 qui
424 1818 531 1863 terga
548 1808 799 1864 circumgreffl
809 1809 1041 1850 recluderent
1056 1809 1208 1850 humum
1219 1836 1232 1856 ,
1262 1807 1310 1853 όν
1326 1809 1496 1864 utrthue
1513 1807 1829 1863 adfuitsortuna.
1866 1808 2029 1866 Corona
2045 1807 2172 1849 laurea
2191 1806 2244 1847 ob
2262 1805 2361 1846 Ger-

263 1866 404 1906 manici
419 1865 597 1906 vifitorias
610 1865 741 1906 addita
756 1865 822 1906 est.

315 1943 400 1986 Hic
416 1958 590 1986 nummus
609 1943 920 1999 minimaeformae
929 1971 943 1993 ‚
969 1943 1146 1984 raritatis
1164 1944 1315 1984 eximia
1330 1942 1380 1996 est
1395 1940 1444 1987 ὠ
1460 1941 1670 1996 elegantiae.

265 2525 458 2568 vasvs
486 2520 709 2562 CAESARL
745 2523 1124 2562 GERMANICVS
1153 2529 1379 2559 CAESAR.
1431 2512 1575 2570 Capita
1602 2511 1756 2554 adverfiz
1783 2511 1899 2554 Drusi
1925 2515 1966 2554 δ’(
1991 2511 2214 2554 Germanici
2239 2510 2367 2555 Catia-³

378 2592 475 2619 rum.

322 2650 348 2676 c
358 2648 384 2674 o
397 2649 435 2674 L.
466 2646 498 2672 R
507 2646 533 2671 0
544 2644 595 2670 M.
625 2644 648 2672 1>
659 2644 684 2671 E
696 2643 726 2671 R
737 2643 788 2671 M.
817 2643 845 2671 D
859 2643 875 2671 1
891 2643 918 2671 v
933 2644 950 2670 1
985 2643 1013 2670 A
1025 2644 1052 2670 v
1065 2643 1106 2671 G.
1143 2629 1299 2670 Colonia
1315 2625 1500 2668 Romulea
1509 2652 1521 2672 ,
1537 2624 1719 2679 permiffu
1733 2623 1847 2682 Divi
1863 2623 2039 2680 Augusti.
2067 2623 2202 2677 Caput
2216 2621 2367 2665 Tiberii

378 2689 600 2729 laureatum.

318 2765 508 2808 Romulei
522 2765 612 2805 hinc
623 2763 826 2805 Tiberium
839 2790 851 2809 ,
878 2762 969 2803 inde
987 2761 1102 2802 Drufi
1122 2765 1160 2802 &
1178 2760 1400 2803 Germanici
1418 2759 1584 2800 filiorum
1601 2760 1727 2814 capita
1745 2758 1795 2799 ad
1811 2757 1978 2812 ipsorum
1995 2757 2242 2798 concordiam
2261 2756 2364 2798 indl-

269 2822 432 2864 eandam
450 2821 662 2876 signarunt,
690 2821 780 2859 cum
793 2818 856 2858 ille
871 2819 1049 2873 proprius
1064 2818 1272 2872 sanguinis,
1304 2816 1367 2857 hic
1384 2815 1478 2856 vero
1495 2814 1703 2869 adoptivus
1717 2815 1810 2855 esset
1824 2813 1941 2868 ipfius
1957 2813 2078 2859 filius,
2105 2827 2178 2867 pro
2193 2812 2265 2852 illis
2281 2812 2368 2854 aula

269 2879 436 2924 discors,
465 2886 642 2930 parentes
662 2873 772 2914 divisi
791 2900 804 2921 ,
832 2876 871 2912 &
900 2887 1039 2914 uxores
1069 2874 1167 2913 inter
1193 2872 1230 2912 se
1254 2871 1533 2925 disceptantes,
1562 2881 1691 2910 tamen
1715 2869 1786 2923 ipfi
1805 2869 2019 2910 concordes
2036 2879 2166 2915 erant,
2192 2879 2236 2910 ut
2254 2868 2368 2909 tradit

270 2933 432 2976 Tacitus
447 2932 510 2972 lib.
526 2945 561 2972 2,
591 2929 670 2971 Sed
668 2929 824 2985 fratres
839 2927 982 2984 egregie
1000 2926 1214 2974 concordes,
1241 2925 1555 2981 &proximorum
1569 2923 1842 2965 certaminibus
1856 2922 2065 2975 inconcuffi',

326 3013 409 3054 Hic
428 3023 601 3053 nummus
616 3008 811 3050 mediocris
827 3007 1105 3063 magnitudinis
1120 3007 1219 3046 inter
1236 3007 1396 3045 rariores
1412 3002 1637 3056 adscribitur
1653 3029 1666 3050 ,
1694 3001 1718 3042 ιὶ
1735 3002 1886 3043 Patina
1905 3001 2091 3058 vulgatus
2100 3012 2193 3058 pag.
2212 3012 2276 3054 75.
2285 2999 2366 3053 sub

271 3068 436 3124 'Augusti
452 3068 597 3108 nomine
608 3093 620 3114 ‚
649 3078 758 3120 quem
773 3065 816 3103 in
831 3063 964 3102 Indice
981 3062 1048 3115 effe
1061 3061 1201 3102 Tiberii
1219 3059 1416 3116 agnoscit:
1444 3072 1632 3100 nummum
1642 3060 1792 3113 pariter
1813 3057 2083 3101 Mediobarbm
2092 3069 2180 3115 pag.
2201 3070 2264 3111 52.
2283 3057 2370 3110 Λιι-θ

268 3127 374 3179 gusto
394 3124 531 3179 refert,
558 3123 625 3180 qm·
639 3120 788 3164 Tiberio
803 3117 1041 3160 tribuendus.
1195 3174 1199 3177 ἱ

1081 3203 1124 3244 G
1138 3202 1172 3243 E
1190 3201 1233 3243 R
1248 3201 1298 3242 M
1316 3201 1351 3242 A
1367 3199 1412 3240 N
1430 3199 1449 3240 1
1465 3200 1504 3241 C
1519 3199 1559 3241 O

853 3272 1194 3317 CAESARI.
1233 3270 1324 3311 TI.
1360 3268 1406 3310 F.
1443 3269 1608 3311 AVG.
1644 3266 1799 3310 NEP.

801 3338 1396 3406 QAVGVR1.COVS.
1434 3334 1846 3380 DESIGNAT.

1253 3413 1306 3455 D.
1318 3412 1490 3524 ‘Isthmia‘
1508 3478 1693 3537 exscrspst.
1715 3511 1717 3514 Α

1199 3656 1460 3704 ὣὶὶῆϋῖξῇἣ

2155 3991 2378 4059 AGR1'122
