2491 4219
605 131 1185 183 1³H1L11>1³us
1266 133 1682 181 SENioR.
2130 136 2225 195 ,ες

137 203 408 250 numerabant,
437 213 481 244 ut
494 216 627 243 eorum
646 203 798 243 nomina
813 203 832 240 a
846 199 1012 253 Qintili
1030 199 1207 239 nimirum
1224 199 1345 255 usque
1359 200 1409 240 ad
1418 201 1672 241 Decembrem
1689 199 1879 246 indicant,
1907 202 1946 239 δε
1962 212 2101 239 annum
2121 213 2229 241 men·

137 259 175 298 se
207 259 350 298 Martio
377 259 632 304 inchoabant,
663 257 765 297 unde
791 262 812 294 a
839 257 972 295 {Numa
1002 255 1122 296 factus
1149 255 1286 295 dicitur
1312 269 1436 296 novus
1459 270 1601 301 annus,
1630 268 1672 296 ut
1694 268 1818 296 narrat
1838 255 2059 294 Plutarchus
2081 255 2226 306 Quaest.

138 314 258 354 Rom.
277 328 363 369 pag.
385 328 403 354 2
415 327 475 366 57.
505 320 563 351 Διοε
576 334 601 353 τι
617 322 636 351 ÷
655 316 810 358 imndwv
824 315 916 362 μῖιῆα
932 318 975 351 νέκ
993 315 1055 351 {wc
1069 314 1177 362 ζοχῑα)
1193 314 1367 362 aufidum-a
1383 327 1393 354 ;
1425 311 1503 351 Cur
1531 311 1554 351 d
1574 309 1766 364 Januarto
1786 323 1926 351 novum
1947 323 2087 349 armum
2105 309 2227 364 auspi<

137 377 274 409 cantur
294 369 315 408 ἓ

190 446 273 487 Hic
291 447 641 499 nummus-secundae
655 443 703 491 ὠ
721 447 884 487 minimae
897 446 1006 487 molis
1014 456 1087 501 pro
1106 458 1191 485 raro
1206 444 1405 486 notandus.
1423 467 1425 473 ·

187 1071 246 1099 co
257 1072 282 1097 L
295 1072 320 1098 o
333 1070 363 1097 N
377 1071 404 1097 1.
435 1071 463 1097 D
475 1070 500 1096 A
515 1069 550 1096 Μ
567 1070 589 1096 A
605 1069 623 1095 s
639 1069 661 1094 c
672 1069 712 1095 o.
742 1066 778 1095 M
791 1069 814 1095 E
828 1069 852 1095 T
866 1065 895 1097 R
908 1070 934 1095 o
947 1070 969 1095 P
982 1071 1008 1097 o
1023 1071 1060 1098 r„
1088 1058 1186 1098 circa
1204 1059 1389 1101 ambitum
1408 1072 1561 1100 coronae
1577 1072 1769 1113 querceae,
1795 1060 1835 1100 in
1863 1074 1941 1116 qua
1967 1064 2230 1110 CEBACM1A3

240 1113 281 1153 id
297 1113 372 1159 est,
401 1112 572 1167 Augrgffa
588 1113 805 1152 certamina.
834 1111 879 1151 In
896 1113 976 1152 imo
993 1126 1108 1166 caput
1127 1114 1276 1154 Arietis.

183 1191 257 1246 Eq.
276 1192 432 1232 Patinus
448 1191 487 1230 in
506 1190 622 1231 Thes
645 1191 885 1231 Mauroceno
909 1207 997 1246 pag.
1028 1197 1115 1232 106.
1142 1205 1345 1232 nummum
1368 1193 1417 1232 ad
1443 1193 1615 1233 Bostram
1641 1193 1788 1234 Arabiae
1813 1195 1946 1235 urbem
1967 1207 2122 1237 revocat
2139 1209 2229 1237 cum

128 1245 203 1288 hac
221 1247 451 1303 epigraphe,
484 1261 506 1285 c
518 1260 544 1285 o
559 1261 595 1286 L.
627 1260 663 1285 M
676 1260 698 1285 E
711 1260 734 1285 τ
747 1260 775 1286 R
789 1260 814 1285 o
828 1260 849 1285 P
861 1260 886 1285 0
899 1262 925 1286 L
938 1262 952 1286 1
965 1262 984 1286 s
1016 1262 1074 1287 Bo
1088 1262 1106 1287 s
1121 1261 1145 1286 r
1159 1261 1188 1287 R
1202 1262 1228 1287 A
1240 1275 1251 1295 ,
1280 1248 1321 1287 in
1340 1262 1483 1288 corona
1500 1263 1516 1289 s
1528 1263 1551 1287 E
1563 1249 1712 1301 basmia.
1742 1251 1858 1290 Com.
1883 1251 2163 1292 Mediobarbus
2180 1263 2229 1292 ex

129 1303 266 1343 mutilo
293 1303 464 1343 Occonis
485 1316 647 1341 nummo
671 1316 753 1356 pag.
777 1316 830 1353 44
838 1316 870 1353 5.
902 1317 924 1343 c
937 1317 962 1341 o
975 1318 1000 1342 L
1011 1317 1037 1343 o
1049 1317 1079 1342 N
1094 1317 1107 1342 1
1138 1317 1160 1342 Ρ
1176 1317 1241 1344 Ar)
1248 1334 1352 1342 ......
1386 1318 1409 1343 c
1421 1318 1444 1342 E
1459 1318 1481 1343 B
1493 1319 1518 1343 A
1534 1318 1556 1344 c
1569 1318 1605 1343 M
1617 1318 1630 1343 1
1644 1319 1686 1345 A.
1715 1306 1819 1345 illum
1848 1307 1899 1346 ad
1927 1320 2089 1348 incertas
2118 1307 2232 1347 urbes

128 1358 258 1399 retulit
277 1373 362 1414 pag.
384 1370 475 1412 347.
495 1357 560 1397 sed
579 1358 824 1411 integriorem
843 1359 882 1397 in
898 1357 1062 1398 Otacilia
1086 1358 1188 1398 reete
1214 1359 1400 1398 Damasco
1418 1359 1558 1400 tribuit.
1895 1382 1897 1384 ·

181 1435 382 1477 Nummus
402 1436 578 1476 ludorum
597 1436 635 1475 in
662 1436 822 1490 Augusti
840 1437 1029 1478 honorem
1049 1437 1118 1476 sub
1138 1436 1319 1491 Philippo
1335 1436 1610 1477 celebratorum
1637 1439 1861 1478 memoriam
1884 1449 2045 1479 renovat
2065 1454 2073 1478 :
2102 1437 2142 1478 hi
2162 1452 2227 1478 au-

126 1501 206 1531 tem
234 1492 313 1532 ludi
342 1493 363 1531 a
381 1492 548 1531 Nicolao
571 1491 809 1531 Damasceno
841 1494 1003 1547 Augusti
1025 1491 1265 1539 amicissimo,
1295 1492 1363 1546 qui
1386 1493 1539 1533 Herodi
1561 1493 1702 1548 Regia
1719 1494 1899 1535 Consiliis
1919 1506 2022 1542 erat,
2050 1494 2230 1534 videntur

125 1546 297 1587 instituti.
354 1547 474 1586 Hunc
501 1558 629 1586 autem
658 1547 756 1586 inter
782 1550 943 1602 Augusti
967 1550 1111 1588 amicos
1139 1561 1381 1588 numeratum
1407 1549 1562 1588 testatur
1591 1550 1801 1589 Athenaeus
1826 1550 1883 1590 lib.
1920 1565 1975 1600 14.
2011 1564 2086 1605 pag
2130 1556 2225 1598 652.

125 1603 206 1642 Dee)
222 1603 241 1647 ἃ
257 1606 283 1636 “i-²
301 1601 456 1639 Νικςλοίων
470 1597 639 1645 καλεμῼιῖων
656 1606 782 1635 Φοινίκων
801 1629 807 1637 .
834 1607 944 1636 τισέτσν
961 1605 1026 1648 ύμῖν
1041 1606 1127 1637 εἷπεῖν
1145 1604 1205 1648 ’ἔχω
1222 1627 1232 1643 ,
1258 1607 1283 1637 ‘³1²
1299 1603 1359 1636 >27¹3
1375 1603 1401 1638 ’ἵΣ
1418 1603 1531 1644 fild&
1547 1601 1744 1650 ’‘O‘WJAA‘QW'
1759 1629 1768 1642 v
1797 1604 1838 1640 ὅτι
1855 1604 1959 1641 Ταύτῆς
1975 1605 2000 1639 '¹3
2018 1605 2223 1651 wffflffllw‘

120 1650 278 1691 viginiffnowt
293 1649 363 1686 (aad
379 1647 401 1688 Ξ
417 1651 540 1685 Σεξοιςῖς
555 1652 779 1695 Adwngqc'wp&
795 1649 918 1696 σφέὸρα,
931 1652 1103 1696 χνλροντζῷυ
1118 1654 1160 1696 τῷ
1176 1651 1316 1698 βξώμοιπ
1335 1653 1468 1689 Nummi&
1485 1651 1505 1690 {f
1522 1653 1718 1698 Δωμασκῖωὲ
1732 1657 1823 1699 ἑταιζοες
1841 1652 1933 1695 ἓντῷ*
1948 1656 2032 1698 αὐτῷ
2048 1677 2057 1691 ,
2082 1669 2128 1698 (525
2145 1656 2225 1697 πέμ-

71 1731 74 1734 .
122 1709 233 1744 nm&
249 1704 376 1738 Φοίνικας
393 1703 534 1747 πωέχως.
563 1698 843 1751 Depalmulrs,
871 1713 966 1753 quas
985 1699 1036 1739 N
1035 1700 1170 1739 zcolaos
1184 1708 1347 1746 vocant,
1376 1699 1422 1742 ό
1439 1713 1521 1756 quae
1536 1701 1780 1741 advehuntur
1797 1701 1817 1740 ἐ
1834 1702 1864 1741 S
1863 1702 1942 1748 yrian
1952 1729 1964 1748 ,
1991 1703 2060 1741 lsoc
2072 1710 2226 1741 tantum

120 1754 384 1810 ‚vobispoffum
403 1754 543 1798 dicere,
571 1753 620 1791 ab
634 1754 803 1808 Augusto
819 1754 1048 1808 Imperatore
1062 1754 1132 1794 hoc
1146 1769 1276 1795 nomen
1291 1754 1599 1808 inditzrmjlclffi,
1625 1758 1691 1810 qui
1705 1750 1901 1797 admodzim
1917 1757 1995 1797 cibo
2009 1771 2048 1796 eo
2064 1757 2224 1796 delma-

119 1819 245 1857 retur,
278 1809 378 1866 quod
391 1808 581 1849 Nicolam
599 1807 870 1858 ‘Damascenm
890 1811 972 1865 ejm
990 1812 1134 1850 amicus
1145 1811 1337 1864 palmulas
1350 1812 1488 1863 saepius
1510 1812 1599 1850 illas
1615 1812 1668 1851 ad
1683 1812 1803 1865 ipfitm
1822 1815 2000 1853 mitteret.
2042 1811 2224 1852 Herodes

119 1868 306 1908 Caelareae
329 1865 370 1904 in
392 1864 555 1918 Augusti
579 1863 770 1904 honorem
798 1864 910 1905 ludos
934 1865 985 1905 de
1008 1865 1166 1906 Caesaris
1188 1866 1347 1906 nomine
1364 1866 1457 1906 teste
1467 1866 1642 1920 Josepho
1659 1866 1709 1906 de
1728 1867 1911 1924 bell.Jud.
1932 1868 1992 1907 lib.
2018 1880 2049 1906 1.
2071 1882 2107 1921 p.
2130 1869 2221 1918 748·

119 1922 291 1963 instituit.
320 1924 374 1962 Kal
390 1923 617 1964 πνπιεπςωκὲς
632 1924 753 1969 dycaeo-5
768 1925 1040 1970 καπιςηπὲμᾏιΘ,
1064 1928 1168 1972 ὁμοίως
1181 1926 1328 1960 ’vadum
1342 1925 1402 1960 im*
1418 1924 1439 1963 Ξ
1453 1925 1619 1970 Kampsa».
1658 1922 1716 1962 Et
1732 1920 2002 1979 quinquennali
2016 1925 2220 1962 certamine

115 1977 313 2030 instituto,
340 1991 471 2017 nomen
491 1979 525 2016 ei
548 1977 708 2029 (tesarz's
724 1977 897 2018 donavit.
926 1978 1016 2019 Nic.
1042 1979 1300 2019 Damascenus
1319 1978 1369 2018 ad
1386 1977 1556 2019 Herodis
1574 1978 1793 2030 exemplum
1812 1980 2000 2020 celebrare
2019 1979 2142 2018 voluit
2160 1992 2223 2017 ea-

118 2033 211 2079 dem
228 2033 434 2074 certamina
451 2033 625 2073 Damasci
636 2060 648 2079 ‚
676 2047 722 2073 ex
739 2048 816 2087 qua
836 2036 928 2074 urbe
945 2034 981 2074 se
998 2046 1133 2074 natum
1149 2034 1379 2089 gloriabatur
1393 2034 1432 2072 in
1449 2036 1526 2075 vita
1543 2035 1606 2074 sua
1625 2049 1633 2073 :
1661 2037 1779 2073 Πόλεως
1795 2037 1848 2083 ,idid
1865 2038 1882 2072 il
1900 2041 1955 2072 ποτ’
1970 2040 2027 2080 ἀφ’
2043 2038 2146 2083 ετέςρες
2163 2035 2230 2072 oid-⁴

116 2091 202 2139 μᾏως
217 2095 289 2131 δεῖν,
317 2095 378 2127 0271<
393 2093 451 2127 soni
470 2095 496 2128 αἳ
514 2095 587 2128 abra)
605 2092 861 2140 wappob‘eoffiq.
892 2090 980 2146 Qi
995 2104 1187 2145 nunquam
1201 2090 1361 2130 alterius
1375 2091 1556 2129 civitatzs
1574 2088 1686 2143 qudm
1698 2092 1841 2144 patriae
1858 2091 1938 2142 suae
1960 2093 2083 2131 civem
2091 2091 2138 2145 se
2156 2102 2222 2145 ap·
2282 2095 2285 2099 '

107 2145 252 2200 pedare
275 2145 409 2186 voluit.
440 2146 627 2190 Eximiam
659 2147 821 2201 Augusti
846 2147 1048 2190 virtutem,
1077 2150 1115 2184 ὃ(
1139 2145 1285 2185 summa
1308 2145 1405 2183 illius
1427 2143 1468 2181 in
1492 2156 1628 2183 omnes
1654 2145 1841 2187 beneficia
1863 2147 1901 2186 in
1920 2146 2036 2200 ipfius
2051 2148 2128 2188 vita
2144 2150 2166 2186 a
2181 2147 2220 2189 se

115 2202 253 2255 scripta
270 2211 548 2249 commemorat
564 2201 652 2240 Nic.
675 2199 947 2240 Damascenus.
979 2200 1140 2239 Corona
1157 2212 1341 2252 quercea,
1371 2196 1542 2238 vietoris
1568 2201 1768 2253 praemium
1789 2202 1940 2243 videtur
1963 2202 2073 2244 fuisse
2080 2230 2094 2251 ,
2122 2203 2162 2244 in
2176 2203 2221 2244 il<

114 2256 187 2300 llus
202 2258 446 2303 memoriam,
474 2270 592 2311 quam
609 2256 804 2310 Augustus
822 2255 875 2295 ob
893 2255 1061 2295 servatos
1077 2255 1179 2294 ciues
1201 2256 1221 2292 a
1234 2255 1376 2293 Senatu
1392 2254 1548 2306 recepit.

168 2333 252 2376 Hic
267 2349 438 2378 nummus
443 2335 563 2389 primi
582 2332 723 2373 moduli
739 2333 840 2374 inter
858 2335 1020 2372 rariores
1038 2329 1248 2372 habendus.

934 2433 1419 2477 ‘DEULTUM-

109 3044 125 3075 1
137 3046 173 3073 M
186 3047 220 3073 P.
252 3045 300 3072 Μ.
331 3044 347 3070 1
359 3044 385 3070 v
398 3043 437 3071 L.
469 3044 489 3069 1²
501 3039 529 3070 H
542 3043 555 3069 1
566 3042 591 3070 L
603 3042 619 3069 1
630 3042 652 3069 P
666 3043 687 3069 P
700 3042 727 3068 v
738 3042 756 3069 s
787 3042 814 3068 A
827 3041 856 3069 v
868 3042 910 3070 G.
937 3029 1071 3083 Caput
1086 3025 1255 3086 Philippi
1271 3030 1487 3073 laureatum.

163 3102 222 3129 co
234 3102 271 3128 L.
305 3101 328 3126 F
341 3101 377 3125 L.
408 3100 428 3125 P
443 3099 468 3124 A
483 3100 518 3125 c.
547 3100 573 3125 D
585 3100 609 3125 E
622 3097 647 3121 v
661 3099 686 3125 L
699 3098 738 3124 T.
768 3084 922 3125 Colonia
949 3083 1091 3127 Flavia
1114 3086 1293 3138 Pacerfis
1316 3087 1533 3128 Deultana.
1569 3085 1812 3142 AEsculapius
1837 3087 1956 3135 stans,
1984 3083 2118 3130 dextra
2142 3090 2202 3135 ina'

215 3143 303 3182 nixa
320 3140 456 3184 baculo
469 3141 532 3181 cui
546 3141 741 3182 involutus
760 3141 923 3193 serpens.
1386 3153 1388 3155 ¹
2206 3160 2213 3164 -

120 3216 123 3218 ’
156 3216 346 3261 Deultum
374 3219 462 3258 urbs
483 3222 521 3258 δε
547 3219 714 3259 Colonia
738 3218 915 3260 Thraciae
932 3232 1112 3261 nummos
1127 3218 1309 3276 Philippo
1328 3219 1367 3261 in
1383 3220 1554 3262 vistoriae
1574 3221 1747 3275 Carpicae
1765 3216 2043 3264 monimentum
2060 3226 2198 3270 conste-v

101 3276 216 3318 crass'e
232 3275 382 3315 videtur
399 3290 407 3313 ι
434 3287 522 3313 cum
538 3278 640 3314 enim
657 3274 777 3328 Carpi
791 3274 981 3314 Sarmatiae
998 3275 1184 3330 Europeae
1201 3277 1334 3331 populi
1354 3278 1546 3330 proximas
1563 3277 1737 3317 Thraciae
1754 3279 1966 3330 provincias
1986 3281 2194 3332 vastarent,

100 3333 315 3385 Imperator
331 3329 413 3370 illos
435 3329 546 3375 vicit,
575 3333 615 3369 &
641 3343 775 3382 pacem
803 3343 889 3370 cum
919 3330 962 3369 iis
985 3330 1088 3376 iniit,
1116 3333 1367 3385 quamobrem
1393 3332 1576 3374 Deultani
1602 3333 1843 3387 gratulantur.
1884 3334 2126 3390 AEsculapius
2148 3339 2190 3380 in

97 3387 178 3429 hoc
191 3386 391 3426 Deultanae
408 3385 585 3424 Coloniae
606 3397 785 3430 numm0‚
813 3396 855 3424 ut
874 3384 1016 3437 Apollo
1032 3385 1115 3437 ejus
1134 3400 1242 3440 pater
1258 3387 1296 3426 in
1321 3387 1400 3427 aliis
1424 3401 1524 3441 quos
1549 3387 1809 3441 vulgavimus,
1839 3387 1891 3428 sui
1915 3390 2061 3432 cultum
2086 3393 2191 3434 indi-
2211 3430 2213 3432 .

99 3453 188 3489 cat,
216 3441 311 3487 filius
328 3453 455 3480 autem
476 3441 496 3478 a
513 3451 620 3492 patre
636 3439 797 3480 edoctus
821 3440 876 3478 est
902 3439 1151 3487 medicinam,
1179 3442 1397 3496 Apollinem
1426 3444 1530 3483 enim
1555 3442 1736 3487 Veteres,
1765 3442 1870 3496 quafi
1900 3452 2081 3489 ammam,
2109 3448 2188 3488 hoc

97 3498 174 3542 cst,
203 3495 480 3550 propellentem
504 3496 681 3540 morbos,
709 3493 1023 3549 cognominatum
1050 3508 1253 3548 putarunt,
1282 3496 1385 3537 unde
1407 3498 1512 3550 apud
1543 3497 1793 3537 Athenienses
1820 3503 1999 3544 Αλεξίκακςς
2027 3514 2187 3542 vocatus

97 3552 177 3592 est:
206 3551 446 3603 AEsculapius
469 3553 561 3590 vero
586 3550 625 3589 in
651 3550 838 3589 medicina
863 3550 914 3589 ita
930 3549 1141 3591 excelluisse
1156 3551 1313 3597 dicitur,
1343 3563 1385 3591 ut
1407 3564 1581 3592 mortuos
1599 3552 1646 3592 ab
1665 3551 1799 3591 Inferis
1820 3566 1997 3594 revocare
2015 3556 2185 3596 credere-

96 3619 180 3652 tur,
207 3605 349 3646 idcirco
365 3607 403 3645 in
424 3607 596 3646 Deorum
617 3619 818 3644 numerum
838 3605 985 3644 relatus.
1014 3604 1212 3658 Philippus
1234 3606 1356 3646 forsan
1374 3606 1540 3660 aliquam
1557 3607 1596 3646 in
1615 3607 1691 3647 hoc
1718 3607 1816 3647 bello
1834 3608 2013 3662 Scythico
2029 3610 2180 3664 aegritu-

97 3662 228 3702 dinem
251 3660 374 3714 passus
394 3661 468 3708 est,
495 3675 566 3714 pro
595 3660 702 3712 cujus
720 3660 835 3699 salute
852 3659 1034 3700 Deultani
1051 3659 1274 3715 AEsculapio
1292 3661 1440 3702 tutelari
1455 3661 1559 3702 urbis
1577 3661 1667 3703 Deo
1682 3661 1781 3702 sacra
1794 3675 2070 3717 perpetrarunt.

150 3737 235 3779 Hic
250 3750 421 3778 nummus
435 3738 738 3792 minimaeformae
756 3740 855 3778 inter
874 3749 976 3778 raros
995 3737 1246 3790 ascribendus.

151 3953 256 3996 Tam.
285 3952 352 3993 II.
1426 3944 1470 3992 X
1496 3962 1520 3993 2
