2491 4219
856 88 1499 138 GALLIENUS.
2147 109 2235 148 241

196 175 219 203 c
231 174 258 200 o
270 172 311 199 L.
339 172 356 199 1
367 171 395 199 v
407 171 444 200 L.
477 171 505 199 A
516 172 544 199 v
555 170 594 199 G.
625 172 649 200 F
663 171 688 198 E
700 171 737 198 L.
767 172 795 197 H
806 171 831 197 E
842 171 879 196 L.
909 155 1065 196 Colonia
1079 154 1196 206 Julia
1212 156 1385 211 Augusta
1396 155 1509 196 Felix
1523 153 1814 210 Heliopolitana.
1844 154 1938 196 Duo
1953 170 2097 196 cornua
2111 155 2242 198 frueti-

249 215 320 254 bus
337 214 482 269 repleta
498 213 718 254 decuflatim
728 239 742 259 ,
771 211 943 253 caduceo
958 211 1200 252 intermedio.

136 322 138 324 -
192 291 330 332 Cornu
347 290 530 333 fructibus
547 290 725 331 refertum
736 318 749 338 ,
776 303 895 330 cornu
915 289 1138 330 Amalthaeae
1152 289 1309 334 dicitur,
1337 288 1441 328 idem
1459 287 1567 342 quod
1583 288 1846 341 cornucopiae‚
1867 287 1977 339 cujus
1993 286 2117 328 fabula
2134 289 2238 330 varie

136 358 306 388 narratur
320 346 425 400 apud
440 350 608 387 Autores
628 361 635 385 :
664 347 731 400 qui
745 345 839 385 illud
857 344 1080 385 Amalthaeae
1096 356 1258 390 vocant,
1279 344 1422 398 jovem
1439 343 1594 384 tradunt
1608 344 1646 382 in
1665 344 1783 383 Creta
1799 343 1981 383 nutritum
2001 342 2095 382 1aete
2112 357 2235 396 caprae

135 402 198 443 cui
213 415 356 442 nomen
372 412 452 441 erat
468 401 700 447 Amalthaea,
727 414 842 454 quam
852 399 1005 453 Jupiter
1016 405 1096 452 jam
1114 399 1265 440 adultus
1279 400 1332 438 ob
1346 410 1547 451 acceptum
1565 398 1792 438 beneficium
1811 399 1849 437 in
1865 397 1983 437 sidera
1999 397 2144 441 retulit,
2165 399 2237 438 hu-

131 458 196 511 jus
213 457 372 497 alterum
390 469 523 496 eorum
539 456 720 510 nymphis
736 455 946 496 nutricibus
963 454 1092 500 dedit,
1119 454 1299 494 videlicet
1313 453 1429 494 officii
1448 453 1645 507 praemium
1656 480 1668 499 ,
1684 453 1784 493 hanc
1798 452 1980 505 adjiciens
1997 451 2235 499 facultatem,

134 524 180 553 ut
194 511 388 565 quidquid
404 510 613 564 optassent‚
644 511 685 551 id
699 510 769 550 illis
785 524 832 551 ex
849 524 899 550 eo
915 523 1036 550 cornu
1050 510 1201 564 largiter
1217 509 1523 563 suppeditaretur
1539 524 1547 549 ε
1576 508 1636 547 alii
1660 508 1730 561 qui
1751 507 1874 561 ipsum
1899 506 2143 560 cornucopiae
2167 522 2234 561 ap-

132 567 276 622 pellant
288 593 300 612 ,
330 565 452 618 ipsum
468 567 517 606 ab
534 566 705 608 Hercule
726 565 920 612 Acheloo,
949 566 1038 605 cum
1055 566 1092 604 se
1108 568 1147 604 in
1166 576 1316 605 taurum
1333 564 1529 609 mutaffiet,
1559 563 1714 603 devicto
1729 562 1944 603 detrastum
1960 561 2069 602 fuiss'e
2087 575 2234 603 memo·

130 633 229 668 rant,
239 621 348 675 quod
359 621 401 660 N
403 620 531 662 aiades
546 633 748 675 acceptum
761 625 800 661 &
815 621 990 661 omnium
1010 619 1204 660 fruetuum
1220 619 1393 673 primitiis
1409 619 1605 665 refertum,
1616 619 1755 672 Copiae
1771 617 2048 664 consecrarunt,
2059 617 2100 658 id
2116 631 2234 672 prop-

133 689 236 718 terea
250 676 492 717 abundantiae
510 677 726 731 symbolum
743 675 902 721 dicitur,
930 686 973 715 ut
987 678 1027 716 δε
1042 674 1234 714 caduceus
1251 675 1366 728 pacis.
1407 674 1687 728 Heliopolitani
1710 687 1828 729 quem
1855 686 1990 727 typum
2008 673 2046 713 in
2065 673 2233 714 nummis

132 731 344 777 cuderunt,
371 732 460 771 cum
486 731 711 772 Valerianus
733 735 774 771 ὃς
803 730 1002 772 Gallienus
1026 730 1214 784 imperare
1238 741 1463 784 coeperunt,
1493 740 1720 785 augurantes
1742 729 1811 769 sub
1832 729 1878 770 iis
1902 728 2176 770 abundantiam
2192 731 2233 772 δε

132 801 268 843 pacem
289 798 480 827 aeternam.

185 855 269 895 Hic
284 869 455 896 nummus
473 856 620 896 minimi
635 852 775 895 moduli
786 882 798 902 ,
826 853 851 894 ἁ
869 853 1020 894 Patina
1026 864 1119 908 pag.
1138 865 1187 905 41
1199 865 1230 892 1.
1251 851 1398 900 editus,
1420 862 1488 907 pro
1503 866 1588 893 raro
1604 850 1811 893 habendus.

913 938 968 979 H
989 939 1019 979 Ι
1043 939 1086 979 P
1116 939 1159 979 P
1191 939 1227 980 O
1282 939 1440 994 Regius.

124 1501 144 1530 1
157 1502 189 1528 M
203 1502 237 1528 P.
270 1502 304 1528 c.
336 1500 362 1526 G
377 1500 403 1525 A
421 1500 446 1526 L
458 1500 484 1525 L
498 1499 512 1524 1
524 1500 548 1525 E
560 1499 590 1525 N
603 1498 629 1524 v
642 1499 660 1525 s
696 1498 722 1525 A
737 1499 762 1525 v
774 1498 814 1525 G.
851 1485 985 1539 Caput
1003 1485 1169 1526 Gallieni
1185 1486 1406 1528 laureatum.

184 1559 217 1584 c.
251 1557 290 1584 G.
323 1556 338 1581 1
353 1555 378 1581 v
392 1556 429 1581 L.
459 1555 499 1580 H.
533 1555 574 1580 A.
605 1554 641 1580 P.
672 1540 827 1581 Colonia
846 1541 1015 1580 Gemella
1031 1540 1147 1593 Julia
1165 1542 1408 1596 Hipponenfis
1431 1539 1603 1596 Augusta
1629 1539 1723 1581 Pia.
1760 1539 1933 1582 Vistoria
1953 1537 2124 1581 infistens
2146 1539 2229 1596 glo-J

237 1599 310 1644 bo,
340 1609 502 1650 utraque
521 1609 638 1635 manu
659 1609 843 1636 coronam
861 1596 970 1650 supra
988 1608 1105 1650 caput
1120 1597 1308 1638 attollens.

176 1676 317 1730 Hippo
333 1675 422 1714 urbs
439 1673 578 1714 Africae
593 1674 765 1715 littoralis
780 1675 952 1729 gemina,
969 1675 1073 1714 unde
1090 1675 1128 1714 in
1145 1676 1313 1716 nummis
1331 1674 1547 1715 Gemellam
1563 1674 1600 1715 se
1617 1675 1809 1720 nominat,
1826 1688 1902 1714 una
1915 1673 2039 1727 Hippo
2060 1673 2228 1728 Regias,

122 1732 238 1772 altera
258 1731 384 1783 Hippo
400 1729 661 1778 Diarrhytos,
690 1730 730 1769 id
746 1731 800 1769 est
817 1731 979 1784 irriguus
999 1750 1010 1776 ;
1038 1730 1142 1784 prior
1157 1732 1324 1771 Colonia
1340 1731 1387 1770 ab
1404 1730 1610 1770 Antonino
1632 1730 1703 1770 Pio
1728 1730 1766 1769 in
1783 1730 1868 1769 ltin.
1895 1729 2034 1769 dicitur
2055 1728 2230 1782 Hippone

122 1787 246 1841 Regio
263 1784 418 1825 Colonia
436 1798 485 1824 M.
505 1799 539 1824 P.
559 1798 665 1824 xxxt
679 1799 710 1824 1.
742 1785 857 1825 Hanc
877 1787 898 1825 a
919 1785 1018 1838 Julio
1034 1785 1239 1826 dedustam
1253 1787 1396 1827 indicat
1416 1799 1559 1827 nomen
1577 1785 1699 1838 Juliae
1717 1800 1728 1823 :
1757 1784 1808 1826 de
1827 1784 1905 1838 ipsa
1924 1783 2057 1838 paffim
2079 1784 2226 1825 dietum

121 1842 186 1882 est.
225 1841 397 1881 Vi&oria
420 1840 538 1894 globo
560 1840 738 1894 imposita
761 1841 809 1880 ab
836 1841 1155 1895 Hipponenfibus
1182 1842 1361 1882 Gallieno
1389 1841 1631 1882 adulantibus
1654 1841 1797 1895 fignata
1814 1840 1966 1880 videtur
1982 1840 2034 1879 ob
2051 1840 2228 1881 vittorias

121 1911 193 1953 per
209 1908 335 1937 totum
355 1908 536 1936 terrarum
553 1896 687 1936 orbem
708 1908 791 1937 tum
810 1897 858 1937 ab
877 1910 926 1937 eo
943 1897 1031 1936 cum
1049 1898 1097 1936 ab
1112 1898 1196 1950 ejus
1215 1897 1376 1938 ducibus
1393 1896 1526 1936 relatas
1544 1917 1557 1942 5
1579 1910 1688 1943 nam,
1717 1908 1760 1936 ut
1777 1895 1912 1948 saepius
1929 1895 2113 1941 diximus,
2143 1909 2224 1937 non

120 1952 243 1993 modo
269 1952 416 1991 barbari
441 1951 655 2005 provincias
681 1952 881 1994 Romanas
905 1952 1050 2007 ubique
1078 1952 1433 2007 depopulabantur,
1460 1952 1526 1993 sed
1549 1952 1705 2007 plurimi
1727 1951 1904 2008 Tyranni
1915 1950 2171 2005 Imperatores
2187 1950 2226 1991 se

120 2020 205 2049 tum
224 2007 408 2061 temporis
425 2007 770 2061 proclamaverunt.

175 2085 259 2128 Hic
277 2085 629 2138 nummussecundae
647 2085 923 2142 magnitudinis
939 2088 1041 2129 inter
1057 2086 1305 2143 elegantiores
1319 2085 1526 2128 habendm.

172 2614 208 2640 c.
241 2614 281 2640 c„
313 2614 341 2640 1.
371 2614 411 2640 u.
426 2614 478 2661 .¹'·
507 2599 664 2640 Colonia
679 2599 848 2640 Gemella
864 2599 981 2653 Julia
1001 2600 1247 2655 Hipponeifis
1268 2601 1362 2661 Pia.
1393 2601 1519 2642 Arcus
1535 2601 1773 2658 triumphalis
1792 2602 1904 2659 super
1920 2617 2037 2659 quem
2054 2605 2223 2661 Impera-
2254 2651 2259 2654 ,

229 2668 288 2697 tor
304 2656 341 2696 in
358 2656 454 2711 bigis
471 2654 763 2710 elephantorum
776 2683 788 2703 ,
818 2656 906 2696 hinc
925 2660 962 2696 &
978 2657 1070 2697 inde
1088 2657 1272 2698 Vistoria.
1319 2660 1344 2670 ‘⁶'

169 2735 312 2791 Hippo
330 2734 541 2789 appellatur
558 2734 727 2790 Regius,
756 2734 847 2790 quia
864 2734 1064 2776 Numidiae
1080 2735 1238 2791 Regum
1256 2735 1362 2776 sedes
1379 2747 1460 2776 erat
1471 2763 1483 2782 ,
1508 2751 1553 2778 ac
1568 2737 1733 2793 proinde
1749 2738 1770 2778 a
1787 2738 1879 2780 Silio
1896 2739 1958 2780 lib.
1979 2753 2013 2794 3.
2033 2739 2192 2790 dicitur,

521 2790 622 2830 Urbs
641 2789 773 2841 Libyae
791 2793 964 2846 antiquis
969 2791 1123 2845 placuit
1137 2805 1219 2853 quae
1240 2791 1410 2846 Regibus
1426 2791 1569 2847 Hippo.

114 2844 225 2886 Urbs
239 2858 442 2885 nummum
460 2845 639 2886 Gallieno
654 2860 742 2886 cum
758 2845 895 2902 insigni
914 2846 1186 2888 munificennae
1206 2859 1465 2888 monumento
1481 2849 1608 2895 cudit,
1639 2849 1730 2890 huic
1747 2850 1850 2890 enim
1872 2864 1981 2890 arcus
1997 2851 2147 2891 erestus
2166 2853 2219 2892 vi-

115 2902 228 2942 detur
243 2901 296 2941 ob
313 2901 396 2953 ejus
416 2902 454 2940 in
478 2902 580 2942 cives
596 2901 856 2943 liberalitatem
874 2921 886 2948 ;
914 2903 1083 2943 Colonia
1101 2914 1228 2943 autem
1250 2914 1355 2943 terrae
1370 2916 1479 2945 motu
1498 2905 1625 2945 eversa
1642 2917 1741 2952 erat,
1771 2906 1796 2945 fi
1816 2906 1973 2960 quidem
1992 2907 2109 2947 Treb.
2132 2907 2220 2947 Pol-

113 2957 168 2997 lio
182 2957 221 2996 in
240 2956 321 3002 eius
342 2956 418 2997 vita
438 2958 621 3011 plurimos
639 2968 746 2998 terrae
765 2970 894 2998 motus
912 2958 951 2998 in
968 2958 1078 2998 variis
1096 2958 1190 2998 locis
1210 2958 1371 2999 extitisse
1391 2973 1535 3007 narrat,
1564 2961 1705 3015 quibus
1725 2963 1853 3002 multae
1869 2961 2018 3002 fabricae
2033 2963 2220 3017 absorpta:

112 3012 200 3053 sunt
217 3024 305 3052 cum
326 3011 613 3053 habitatoribus.
644 3012 758 3053 Mota
776 3013 846 3066 cst,
872 3013 1018 3068 inquit,
1046 3013 1193 3060 Roma,
1222 3022 1324 3053 mota
1347 3011 1395 3058 ὠ·
1413 3015 1538 3068 Libya
1559 3036 1571 3061 ς
1602 3017 1735 3056 hiatus
1752 3026 1860 3057 tarrae
1876 3017 2050 3070 plurimis
2068 3020 2109 3057 in
2127 3019 2220 3059 loca·

100 3068 267 3122 fuerunt
277 3094 289 3112 ‚
316 3081 430 3121 quum
444 3081 543 3122 aqua
556 3068 660 3120 falsa
675 3070 717 3108 in
721 3067 831 3121 foffls
847 3078 1053 3123 appareret.
1084 3070 1217 3109 Maria
1232 3072 1349 3108 etiam
1364 3071 1487 3110 multa
1504 3072 1614 3111 urbes
1630 3082 1868 3126 occuparunt.
1899 3073 2097 3113 Gallienus
2117 3074 2219 3128 Hip-

113 3121 349 3178 ponensibus
367 3122 471 3163 haud
486 3123 604 3164 dubie
621 3123 814 3171 subvenit,
840 3124 1006 3177 proinde
1026 3123 1093 3177 ipfi
1108 3138 1186 3164 non
1207 3123 1329 3165 modo
1345 3139 1474 3165 arcum
1494 3127 1531 3166 in
1552 3128 1606 3167 rei
1626 3129 1850 3168 memoriam
1871 3141 2044 3174 erexere,
2074 3128 2139 3168 sed
2159 3130 2218 3184 ip-

112 3178 188 3218 iius
204 3176 364 3232 figuram
384 3192 571 3219 marmore
591 3180 858 3234 perenniorem
879 3179 918 3218 in
939 3180 1106 3218 nummis
1124 3179 1422 3234 confignarunt;
1452 3195 1560 3221 arcus
1583 3182 1742 3235 quidem
1768 3183 1950 3236 temporis
1975 3183 2110 3235 injuria
2133 3185 2216 3225 col-

112 3233 238 3287 lapsus
255 3233 328 3279 est,
358 3233 421 3272 sed
442 3234 589 3274 nummi
610 3234 823 3287 superstites
842 3246 970 3288 gratos
994 3234 1163 3288 ipsorum
1184 3236 1333 3276 animos
1351 3236 1478 3276 adhuc
1498 3237 1691 3277 testantur.
1733 3238 1930 3278 Gallienus
1956 3238 2066 3291 supra
2085 3253 2215 3281 arcum

110 3289 152 3329 in
168 3288 261 3344 bigis
278 3288 572 3342 elephantorum
589 3290 827 3342 triumphans
845 3288 1092 3343 conspicitur,
1109 3290 1149 3329 in
1166 3302 1461 3331 monumentum
1480 3292 1664 3345 triumphi
1681 3307 1797 3346 quem
1809 3293 1949 3333 Romae
1965 3294 2106 3334 solenni
2123 3309 2212 3338 cum

112 3358 258 3399 pompa
275 3345 498 3391 celebravit,
528 3346 731 3399 postquam
748 3359 795 3385 ex
812 3344 980 3384 Thracia
1000 3345 1150 3399 Scythis
1169 3346 1366 3387 debellatis
1386 3347 1507 3387 vietor
1529 3348 1661 3394 rediit,
1690 3360 1733 3389 ut
1752 3360 1877 3391 narrat
1896 3349 2002 3391 idem
2019 3349 2159 3402 Pollia

165 3421 251 3462 Hic
267 3435 437 3462 nummus
453 3422 645 3463 mediocris
660 3422 801 3465 moduli
805 3433 878 3479 pro
897 3422 1075 3475 rariffi'mo
1095 3421 1142 3468 &¹
1159 3422 1421 3479 elegantiffimo
1436 3424 1646 3467 habendus.

171 3917 275 3959 Tom.
306 3913 374 3955 11.
1634 3918 1720 3960 Hh
