<?xml version="1.0" encoding="UTF-8"?>
<!DOCTYPE html PUBLIC "-//W3C//DTD XHTML 1.0 Transitional//EN"
    "http://www.w3.org/TR/xhtml1/DTD/xhtml1-transitional.dtd">
<html xmlns="http://www.w3.org/1999/xhtml" xml:lang="en" lang="en">
 <head>
  <title>
</title>
<meta http-equiv="Content-Type" content="text/html;charset=utf-8" />
  <meta name='ocr-system' content='tesseract 3.04.00' />
  <meta name='ocr-capabilities' content='ocr_page ocr_carea ocr_par ocr_line ocrx_word'/>
</head>
<body>
  <div class='ocr_page' id='page_1' title='image "./numismatareaim00foyv_0078.png"; bbox 0 0 2574 4214; ppageno 0'>
   <div class='ocr_carea' id='block_1_1' title="bbox 265 153 1829 342">
    <p class='ocr_par' dir='ltr' id='par_1_1' title="bbox 265 153 1829 342">
     <span class='ocr_line' id='line_1_1' title="bbox 265 153 1829 233; baseline -0.008 -16"><span class='ocrx_word' id='word_1_1' title='bbox 265 186 363 233; x_wconf 58' lang='lat'><em>«⁴52</em></span> <span class='ocrx_word' id='word_1_2' title='bbox 899 162 1217 232; x_wconf 84' lang='lat' dir='ltr'>-JULIA</span> <span class='ocrx_word' id='word_1_3' title='bbox 1296 153 1829 209; x_wconf 69' lang='lat' dir='ltr'><em>AUGUSTA.⁴</em></span> 
     </span>
     <span class='ocr_line' id='line_1_2' title="bbox 304 232 1054 288; baseline -0.007 -11"><span class='ocrx_word' id='word_1_4' title='bbox 304 246 572 277; x_wconf 77' lang='lat' dir='ltr'><em>AvcvsrA.</em></span> <span class='ocrx_word' id='word_1_5' title='bbox 611 232 741 288; x_wconf 88' lang='lat' dir='ltr'><em>Caput</em></span> <span class='ocrx_word' id='word_1_6' title='bbox 757 232 860 282; x_wconf 75' lang='lat' dir='ltr'><em>Iuliae</em></span> <span class='ocrx_word' id='word_1_7' title='bbox 876 232 1054 273; x_wconf 87' lang='lat' dir='ltr'><em>velatum.</em></span> 
     </span>
     <span class='ocr_line' id='line_1_3' title="bbox 355 282 1523 342; baseline -0.006 -13"><span class='ocrx_word' id='word_1_8' title='bbox 355 304 377 330; x_wconf 86' lang='lat' dir='ltr'>P</span> <span class='ocrx_word' id='word_1_9' title='bbox 392 304 417 329; x_wconf 83' lang='lat' dir='ltr'>A</span> <span class='ocrx_word' id='word_1_10' title='bbox 432 302 462 328; x_wconf 88' lang='lat' dir='ltr'>N</span> <span class='ocrx_word' id='word_1_11' title='bbox 475 303 501 328; x_wconf 95' lang='lat' dir='ltr'><em>o</em></span> <span class='ocrx_word' id='word_1_12' title='bbox 513 303 543 329; x_wconf 70' lang='lat' dir='ltr'><em>n</em></span> <span class='ocrx_word' id='word_1_13' title='bbox 555 300 590 328; x_wconf 80' lang='lat' dir='ltr'><strong>M</strong></span> <span class='ocrx_word' id='word_1_14' title='bbox 607 301 622 327; x_wconf 92' lang='lat'>1</span> <span class='ocrx_word' id='word_1_15' title='bbox 641 303 664 328; x_wconf 87' lang='lat' dir='ltr'><em>r</em></span> <span class='ocrx_word' id='word_1_16' title='bbox 678 303 704 328; x_wconf 82' lang='lat' dir='ltr'>A</span> <span class='ocrx_word' id='word_1_17' title='bbox 719 302 748 328; x_wconf 81' lang='lat' dir='ltr'>N</span> <span class='ocrx_word' id='word_1_18' title='bbox 761 303 787 328; x_wconf 93' lang='lat'>0</span> <span class='ocrx_word' id='word_1_19' title='bbox 800 302 830 328; x_wconf 78' lang='lat' dir='ltr'>R</span> <span class='ocrx_word' id='word_1_20' title='bbox 843 301 929 327; x_wconf 87' lang='lat' dir='ltr'><em>vM.</em></span> <span class='ocrx_word' id='word_1_21' title='bbox 967 288 1100 342; x_wconf 87' lang='lat' dir='ltr'><em>Caput</em></span> <span class='ocrx_word' id='word_1_22' title='bbox 1115 283 1277 340; x_wconf 88' lang='lat' dir='ltr'>Augusti</span> <span class='ocrx_word' id='word_1_23' title='bbox 1294 282 1372 324; x_wconf 87' lang='lat' dir='ltr'><em>fine</em></span> <span class='ocrx_word' id='word_1_24' title='bbox 1387 283 1523 323; x_wconf 84' lang='lat' dir='ltr'><em>laurea.</em></span> 
     </span>
    </p>
   </div>
   <div class='ocr_carea' id='block_1_2' title="bbox 281 355 2416 746">
    <p class='ocr_par' dir='ltr' id='par_1_2' title="bbox 281 355 2416 746">
     <span class='ocr_line' id='line_1_4' title="bbox 353 355 2416 416; baseline -0.006 -10"><span class='ocrx_word' id='word_1_25' title='bbox 353 367 591 412; x_wconf 81' lang='lat' dir='ltr'><em>Panormus,</em></span> <span class='ocrx_word' id='word_1_26' title='bbox 620 365 707 406; x_wconf 88' lang='lat' dir='ltr'><em>urbs</em></span> <span class='ocrx_word' id='word_1_27' title='bbox 724 365 854 405; x_wconf 81' lang='lat' dir='ltr'><em>Siciliae</em></span> <span class='ocrx_word' id='word_1_28' title='bbox 874 364 1044 405; x_wconf 88' lang='lat' dir='ltr'><em>littoralis</em></span> <span class='ocrx_word' id='word_1_29' title='bbox 1060 365 1081 403; x_wconf 75' lang='lat' dir='ltr'>a</span> <span class='ocrx_word' id='word_1_30' title='bbox 1096 364 1281 403; x_wconf 86' lang='lat' dir='ltr'>Strabone</span> <span class='ocrx_word' id='word_1_31' title='bbox 1296 362 1358 402; x_wconf 90' lang='lat' dir='ltr'><em>lib.</em></span> <span class='ocrx_word' id='word_1_32' title='bbox 1379 367 1415 402; x_wconf 93' lang='lat'><em>6.</em></span> <span class='ocrx_word' id='word_1_33' title='bbox 1435 375 1521 416; x_wconf 83' lang='lat' dir='ltr'><em>pag.</em></span> <span class='ocrx_word' id='word_1_34' title='bbox 1538 373 1625 411; x_wconf 85' lang='lat'><em>272.</em></span> <span class='ocrx_word' id='word_1_35' title='bbox 1656 357 1827 400; x_wconf 84' lang='lat' dir='ltr'><em>Colonia</em></span> <span class='ocrx_word' id='word_1_36' title='bbox 1846 355 2079 411; x_wconf 84' lang='lat' dir='ltr'><strong>perhibetur.</strong></span> <span class='ocrx_word' id='word_1_37' title='bbox 2111 359 2282 407; x_wconf 59' lang='lat' dir='ltr'><em>noe&#39;vogp&amp;</em></span> <span class='ocrx_word' id='word_1_38' title='bbox 2297 360 2382 409; x_wconf 57' lang='lat'><em>314?</em></span> <span class='ocrx_word' id='word_1_39' title='bbox 2414 378 2416 380; x_wconf 31' lang='grc' dir='ltr'><strong>ν</strong></span> 
     </span>
     <span class='ocr_line' id='line_1_5' title="bbox 282 411 2385 471; baseline -0.002 -12"><span class='ocrx_word' id='word_1_40' title='bbox 282 429 325 459; x_wconf 53' lang='lat' dir='ltr'><em>:ss</em></span> <span class='ocrx_word' id='word_1_41' title='bbox 343 425 480 471; x_wconf 52' lang='grc' dir='ltr'><em>Ῥωμαίων</em></span> <span class='ocrx_word' id='word_1_42' title='bbox 496 426 550 471; x_wconf 54' lang='grc' dir='ltr'><em>’έχᾴ</em></span> <span class='ocrx_word' id='word_1_43' title='bbox 562 428 718 459; x_wconf 58' lang='lat' dir='ltr'><em>ansulam.</em></span> <span class='ocrx_word' id='word_1_44' title='bbox 747 421 961 460; x_wconf 76' lang='lat' dir='ltr'><em>Panormus</em></span> <span class='ocrx_word' id='word_1_45' title='bbox 977 421 1092 458; x_wconf 83' lang='lat' dir='ltr'><em>etiam</em></span> <span class='ocrx_word' id='word_1_46' title='bbox 1112 418 1304 458; x_wconf 83' lang='lat' dir='ltr'><em>Coloniam</em></span> <span class='ocrx_word' id='word_1_47' title='bbox 1321 416 1437 456; x_wconf 85' lang='lat' dir='ltr'><em>habet</em></span> <span class='ocrx_word' id='word_1_48' title='bbox 1454 417 1675 455; x_wconf 82' lang='lat' dir='ltr'><em>Romanam.</em></span> <span class='ocrx_word' id='word_1_49' title='bbox 1713 414 1830 453; x_wconf 88' lang='lat' dir='ltr'><em>Hanc</em></span> <span class='ocrx_word' id='word_1_50' title='bbox 1845 412 1894 452; x_wconf 90' lang='lat' dir='ltr'><em>ab</em></span> <span class='ocrx_word' id='word_1_51' title='bbox 1907 411 2084 468; x_wconf 86' lang='lat' dir='ltr'><em>Augusto</em></span> <span class='ocrx_word' id='word_1_52' title='bbox 2101 412 2306 453; x_wconf 63' lang='lat' dir='ltr'><em>deductam</em></span> <span class='ocrx_word' id='word_1_53' title='bbox 2327 414 2385 456; x_wconf 86' lang='lat' dir='ltr'><em>di·</em></span> 
     </span>
     <span class='ocr_line' id='line_1_6' title="bbox 281 467 2384 532; baseline -0.004 -14"><span class='ocrx_word' id='word_1_54' title='bbox 281 470 421 518; x_wconf 52' lang='lat' dir='ltr'><em>&#39;ximus</em></span> <span class='ocrx_word' id='word_1_55' title='bbox 441 492 526 532; x_wconf 83' lang='lat' dir='ltr'><em>pag.</em></span> <span class='ocrx_word' id='word_1_56' title='bbox 549 488 605 526; x_wconf 86' lang='lat'><em>57.</em></span> <span class='ocrx_word' id='word_1_57' title='bbox 630 476 691 516; x_wconf 92' lang='lat' dir='ltr'><em>cui</em></span> <span class='ocrx_word' id='word_1_58' title='bbox 709 487 872 515; x_wconf 82' lang='lat' dir='ltr'><em>monetae</em></span> <span class='ocrx_word' id='word_1_59' title='bbox 892 472 1076 514; x_wconf 84' lang='lat' dir='ltr'><em>cudenda:</em></span> <span class='ocrx_word' id='word_1_60' title='bbox 1090 471 1245 511; x_wconf 86' lang='lat' dir='ltr'>facultas</span> <span class='ocrx_word' id='word_1_61' title='bbox 1259 471 1411 510; x_wconf 90' lang='lat' dir='ltr'><em>videtur</em></span> <span class='ocrx_word' id='word_1_62' title='bbox 1426 471 1505 524; x_wconf 84' lang='lat' dir='ltr'><em>jam</em></span> <span class='ocrx_word' id='word_1_63' title='bbox 1524 471 1572 509; x_wconf 86' lang='lat' dir='ltr'><em>ab</em></span> <span class='ocrx_word' id='word_1_64' title='bbox 1589 469 1765 509; x_wconf 89' lang='lat' dir='ltr'><em>Antonio</em></span> <span class='ocrx_word' id='word_1_65' title='bbox 1781 467 1953 509; x_wconf 72' lang='lat' dir='ltr'><em>concessa</em></span> <span class='ocrx_word' id='word_1_66' title='bbox 1966 494 1978 513; x_wconf 89' lang='lat'>‚</span> <span class='ocrx_word' id='word_1_67' title='bbox 2006 468 2094 507; x_wconf 79' lang='lat' dir='ltr'><em>cum</em></span> <span class='ocrx_word' id='word_1_68' title='bbox 2111 468 2257 508; x_wconf 89' lang='lat' dir='ltr'><em>Siculos</em></span> <span class='ocrx_word' id='word_1_69' title='bbox 2274 470 2322 510; x_wconf 89' lang='lat' dir='ltr'><em>ab</em></span> <span class='ocrx_word' id='word_1_70' title='bbox 2334 486 2384 513; x_wconf 91' lang='lat' dir='ltr'><em>eo</em></span> 
     </span>
     <span class='ocr_line' id='line_1_7' title="bbox 296 522 2382 578; baseline -0.003 -6"><span class='ocrx_word' id='word_1_71' title='bbox 296 533 399 572; x_wconf 87' lang='lat' dir='ltr'><em>cives</em></span> <span class='ocrx_word' id='word_1_72' title='bbox 425 532 625 572; x_wconf 85' lang='lat' dir='ltr'><em>Romanos</em></span> <span class='ocrx_word' id='word_1_73' title='bbox 649 529 772 570; x_wconf 67' lang='lat' dir='ltr'><em>factos</em></span> <span class='ocrx_word' id='word_1_74' title='bbox 796 529 870 569; x_wconf 82' lang='lat' dir='ltr'><em>esse</em></span> <span class='ocrx_word' id='word_1_75' title='bbox 891 528 1012 569; x_wconf 84' lang='lat' dir='ltr'><em>tradat</em></span> <span class='ocrx_word' id='word_1_76' title='bbox 1027 527 1168 567; x_wconf 85' lang='lat' dir='ltr'><em>Cicero</em></span> <span class='ocrx_word' id='word_1_77' title='bbox 1183 525 1233 565; x_wconf 83' lang='lat' dir='ltr'><em>ad</em></span> <span class='ocrx_word' id='word_1_78' title='bbox 1250 525 1367 565; x_wconf 92' lang='lat' dir='ltr'><em>Attic.</em></span> <span class='ocrx_word' id='word_1_79' title='bbox 1382 539 1441 578; x_wconf 90' lang='lat' dir='ltr'><em>ep.</em></span> <span class='ocrx_word' id='word_1_80' title='bbox 1466 538 1524 576; x_wconf 92' lang='lat'><em>14.</em></span> <span class='ocrx_word' id='word_1_81' title='bbox 1570 523 1705 564; x_wconf 89' lang='lat' dir='ltr'><em>Multa</em></span> <span class='ocrx_word' id='word_1_82' title='bbox 1723 523 1862 564; x_wconf 84' lang='lat' dir='ltr'><em>Siculis</em></span> <span class='ocrx_word' id='word_1_83' title='bbox 1879 522 2004 574; x_wconf 79' lang='lat' dir='ltr'><em>Caesar</em></span> <span class='ocrx_word' id='word_1_84' title='bbox 2024 535 2139 577; x_wconf 82' lang='lat' dir='ltr'><em>neque</em></span> <span class='ocrx_word' id='word_1_85' title='bbox 2159 538 2216 564; x_wconf 80' lang='lat' dir='ltr'><em>me</em></span> <span class='ocrx_word' id='word_1_86' title='bbox 2231 525 2357 566; x_wconf 76' lang='lat' dir='ltr'><em>invito</em></span> <span class='ocrx_word' id='word_1_87' title='bbox 2366 548 2382 574; x_wconf 63' lang='grc' dir='ltr'><strong><em>ς</em></strong></span> 
     </span>
     <span class='ocr_line' id='line_1_8' title="bbox 288 577 2385 637; baseline -0.002 -11"><span class='ocrx_word' id='word_1_88' title='bbox 288 586 366 634; x_wconf 56' lang='grc' dir='ltr'><em>ἐΐβ</em></span> <span class='ocrx_word' id='word_1_89' title='bbox 376 587 580 626; x_wconf 76' lang='lat' dir='ltr'><em>Latinitas</em></span> <span class='ocrx_word' id='word_1_90' title='bbox 598 593 681 623; x_wconf 86' lang='lat' dir='ltr'><em>erat</em></span> <span class='ocrx_word' id='word_1_91' title='bbox 701 598 774 624; x_wconf 82' lang='lat' dir='ltr'><em>non</em></span> <span class='ocrx_word' id='word_1_92' title='bbox 777 583 942 637; x_wconf 81' lang='lat' dir='ltr'><em>serenda</em></span> <span class='ocrx_word' id='word_1_93' title='bbox 961 598 972 621; x_wconf 93' lang='lat'><em>.·</em></span> <span class='ocrx_word' id='word_1_94' title='bbox 1001 590 1261 622; x_wconf 78' lang='lat' dir='ltr'><em>verumtamen</em></span> <span class='ocrx_word' id='word_1_95' title='bbox 1282 594 1365 620; x_wconf 83' lang='lat' dir='ltr'><em>ecce</em></span> <span class='ocrx_word' id='word_1_96' title='bbox 1379 580 1577 619; x_wconf 76' lang='lat' dir='ltr'><em>Antonius</em></span> <span class='ocrx_word' id='word_1_97' title='bbox 1600 579 1755 633; x_wconf 59' lang='lat' dir='ltr'><em>accepta*</em></span> <span class='ocrx_word' id='word_1_98' title='bbox 1768 578 1914 632; x_wconf 78' lang='lat' dir='ltr'><em>grandi</em></span> <span class='ocrx_word' id='word_1_99' title='bbox 1926 578 2089 632; x_wconf 71' lang='lat' dir='ltr'><em>pecunici</em></span> <span class='ocrx_word' id='word_1_100' title='bbox 2102 577 2204 630; x_wconf 84' lang='lat' dir='ltr'><em>fixit</em></span> <span class='ocrx_word' id='word_1_101' title='bbox 2226 580 2341 635; x_wconf 80' lang='lat' dir='ltr'><em>legem</em></span> <span class='ocrx_word' id='word_1_102' title='bbox 2359 583 2385 624; x_wconf 73' lang='grc' dir='ltr'><em>ιὶ</em></span> 
     </span>
     <span class='ocr_line' id='line_1_9' title="bbox 294 633 2385 691; baseline -0 -11"><span class='ocrx_word' id='word_1_103' title='bbox 294 642 503 680; x_wconf 63' lang='grc' dir='ltr'><em>Ἔὶέῗιιῑονθ</em></span> <span class='ocrx_word' id='word_1_104' title='bbox 516 641 688 679; x_wconf 87' lang='lat' dir='ltr'><em>Comitiis</em></span> <span class='ocrx_word' id='word_1_105' title='bbox 703 639 824 678; x_wconf 83' lang='lat' dir='ltr'><em>latam</em></span> <span class='ocrx_word' id='word_1_106' title='bbox 836 667 847 685; x_wconf 86' lang='lat'>‚</span> <span class='ocrx_word' id='word_1_107' title='bbox 875 638 949 687; x_wconf 71' lang='lat' dir='ltr'><em>qud</em></span> <span class='ocrx_word' id='word_1_108' title='bbox 966 636 1085 677; x_wconf 81' lang='lat' dir='ltr'><em>Siculi</em></span> <span class='ocrx_word' id='word_1_109' title='bbox 1101 638 1205 676; x_wconf 87' lang='lat' dir='ltr'><em>cives</em></span> <span class='ocrx_word' id='word_1_110' title='bbox 1220 635 1406 681; x_wconf 76' lang='lat' dir='ltr'><em>Romani,</em></span> <span class='ocrx_word' id='word_1_111' title='bbox 1433 636 1542 691; x_wconf 79' lang='lat' dir='ltr'><em>cujus</em></span> <span class='ocrx_word' id='word_1_112' title='bbox 1557 636 1611 674; x_wconf 86' lang='lat' dir='ltr'><em>rei</em></span> <span class='ocrx_word' id='word_1_113' title='bbox 1627 636 1723 674; x_wconf 77' lang='lat' dir='ltr'><em>vivo</em></span> <span class='ocrx_word' id='word_1_114' title='bbox 1737 633 1801 674; x_wconf 88' lang='lat' dir='ltr'><em>illo</em></span> <span class='ocrx_word' id='word_1_115' title='bbox 1819 635 1958 674; x_wconf 81' lang='lat' dir='ltr'><em>mentio</em></span> <span class='ocrx_word' id='word_1_116' title='bbox 1972 633 2087 673; x_wconf 85' lang='lat' dir='ltr'><em>nulla.</em></span> <span class='ocrx_word' id='word_1_117' title='bbox 2125 634 2385 681; x_wconf 88' lang='lat' dir='ltr'><em>Panormitani</em></span> 
     </span>
     <span class='ocr_line' id='line_1_10' title="bbox 293 689 2197 746; baseline -0.003 -11"><span class='ocrx_word' id='word_1_118' title='bbox 293 697 333 736; x_wconf 89' lang='lat' dir='ltr'><em>in</em></span> <span class='ocrx_word' id='word_1_119' title='bbox 352 694 527 735; x_wconf 68' lang='lat' dir='ltr'><em>Coloniae</em></span> <span class='ocrx_word' id='word_1_120' title='bbox 544 694 757 734; x_wconf 87' lang='lat' dir='ltr'><em>fundatoris</em></span> <span class='ocrx_word' id='word_1_121' title='bbox 774 698 811 733; x_wconf 86' lang='lat'>&amp;</span> <span class='ocrx_word' id='word_1_122' title='bbox 828 689 909 746; x_wconf 81' lang='lat' dir='ltr'><em>ejus</em></span> <span class='ocrx_word' id='word_1_123' title='bbox 930 693 1062 743; x_wconf 28' lang='lat' dir='ltr'><em>uxoris.</em></span> <span class='ocrx_word' id='word_1_124' title='bbox 1071 691 1296 732; x_wconf 87' lang='lat' dir='ltr'><em>memoriam</em></span> <span class='ocrx_word' id='word_1_125' title='bbox 1307 691 1468 731; x_wconf 89' lang='lat' dir='ltr'><em>Tiberio</em></span> <span class='ocrx_word' id='word_1_126' title='bbox 1484 691 1714 746; x_wconf 85' lang='lat' dir='ltr'>gratulantes</span> <span class='ocrx_word' id='word_1_127' title='bbox 1732 703 1912 730; x_wconf 85' lang='lat' dir='ltr'><em>nummos</em></span> <span class='ocrx_word' id='word_1_128' title='bbox 1927 689 2197 744; x_wconf 80' lang='lat' dir='ltr'><em>percusserunt.</em></span> 
     </span>
    </p>
   </div>
   <div class='ocr_carea' id='block_1_3' title="bbox 292 766 2382 938">
    <p class='ocr_par' dir='ltr' id='par_1_3' title="bbox 292 766 2382 938">
     <span class='ocr_line' id='line_1_11' title="bbox 346 766 2382 823; baseline -0.003 -12"><span class='ocrx_word' id='word_1_129' title='bbox 346 773 429 811; x_wconf 82' lang='lat' dir='ltr'><em>Hic</em></span> <span class='ocrx_word' id='word_1_130' title='bbox 447 786 619 811; x_wconf 83' lang='lat' dir='ltr'><em>nummus</em></span> <span class='ocrx_word' id='word_1_131' title='bbox 641 771 772 810; x_wconf 71' lang='lat' dir='ltr'><em>medice</em></span> <span class='ocrx_word' id='word_1_132' title='bbox 792 771 941 821; x_wconf 77' lang='lat' dir='ltr'><em>formae,</em></span> <span class='ocrx_word' id='word_1_133' title='bbox 970 770 1065 810; x_wconf 78' lang='lat' dir='ltr'><em>mihi</em></span> <span class='ocrx_word' id='word_1_134' title='bbox 1083 771 1176 810; x_wconf 87' lang='lat' dir='ltr'><em>dono</em></span> <span class='ocrx_word' id='word_1_135' title='bbox 1190 771 1304 810; x_wconf 76' lang='lat' dir='ltr'><em>datus</em></span> <span class='ocrx_word' id='word_1_136' title='bbox 1318 768 1342 809; x_wconf 61' lang='lat' dir='ltr'><em>a*</em></span> <span class='ocrx_word' id='word_1_137' title='bbox 1362 769 1420 809; x_wconf 89' lang='lat' dir='ltr'><em>Cl.</em></span> <span class='ocrx_word' id='word_1_138' title='bbox 1441 770 1487 809; x_wconf 92' lang='lat' dir='ltr'><em>V.</em></span> <span class='ocrx_word' id='word_1_139' title='bbox 1505 768 1715 823; x_wconf 66' lang='lat' dir='ltr'><em>Augustino</em></span> <span class='ocrx_word' id='word_1_140' title='bbox 1732 768 1849 809; x_wconf 75' lang='lat' dir='ltr'><em>Scilla</em></span> <span class='ocrx_word' id='word_1_141' title='bbox 1862 766 2090 820; x_wconf 64' lang='lat' dir='ltr'><em>liffeffanenst</em></span> <span class='ocrx_word' id='word_1_142' title='bbox 2098 796 2110 815; x_wconf 86' lang='lat'>,</span> <span class='ocrx_word' id='word_1_143' title='bbox 2132 769 2382 822; x_wconf 65' lang='lat' dir='ltr'><em>praestantiffi.</em></span> 
     </span>
     <span class='ocr_line' id='line_1_12' title="bbox 292 824 2381 883; baseline -0.003 -17"><span class='ocrx_word' id='word_1_144' title='bbox 292 841 374 866; x_wconf 84' lang='lat' dir='ltr'><em>mus</em></span> <span class='ocrx_word' id='word_1_145' title='bbox 390 827 448 870; x_wconf 79' lang='lat' dir='ltr'><em>est.</em></span> <span class='ocrx_word' id='word_1_146' title='bbox 486 827 653 867; x_wconf 81' lang='lat' dir='ltr'><em>Similem</em></span> <span class='ocrx_word' id='word_1_147' title='bbox 670 827 844 866; x_wconf 84' lang='lat' dir='ltr'><em>mutilum</em></span> <span class='ocrx_word' id='word_1_148' title='bbox 868 826 1014 882; x_wconf 81' lang='lat' dir='ltr'><em>quidem</em></span> <span class='ocrx_word' id='word_1_149' title='bbox 1031 826 1106 882; x_wconf 80' lang='lat' dir='ltr'><em>Eq.</em></span> <span class='ocrx_word' id='word_1_150' title='bbox 1130 827 1304 866; x_wconf 78' lang='lat' dir='ltr'><em>Patinus</em></span> <span class='ocrx_word' id='word_1_151' title='bbox 1315 836 1406 883; x_wconf 78' lang='lat' dir='ltr'><em>pag.</em></span> <span class='ocrx_word' id='word_1_152' title='bbox 1433 837 1492 875; x_wconf 79' lang='lat'><em>54..</em></span> <span class='ocrx_word' id='word_1_153' title='bbox 1511 825 1590 876; x_wconf 74' lang='lat' dir='ltr'><em>fi³d</em></span> <span class='ocrx_word' id='word_1_154' title='bbox 1607 824 1664 865; x_wconf 87' lang='lat' dir='ltr'><em>Cl.</em></span> <span class='ocrx_word' id='word_1_155' title='bbox 1682 825 1851 879; x_wconf 82' lang='lat' dir='ltr'><em>Begerus</em></span> <span class='ocrx_word' id='word_1_156' title='bbox 1867 826 2054 877; x_wconf 64' lang='lat' dir='ltr'><em>integrum</em></span> <span class='ocrx_word' id='word_1_157' title='bbox 2073 825 2114 864; x_wconf 88' lang='lat' dir='ltr'><em>in</em></span> <span class='ocrx_word' id='word_1_158' title='bbox 2131 824 2243 878; x_wconf 75' lang='lat' dir='ltr'><em>Thes</em></span> <span class='ocrx_word' id='word_1_159' title='bbox 2256 827 2381 868; x_wconf 77' lang='lat' dir='ltr'><em>Pala-</em></span> 
     </span>
     <span class='ocr_line' id='line_1_13' title="bbox 292 881 1894 938; baseline 0 -16"><span class='ocrx_word' id='word_1_160' title='bbox 292 885 373 922; x_wconf 83' lang='lat' dir='ltr'><em>tino</em></span> <span class='ocrx_word' id='word_1_161' title='bbox 383 893 469 938; x_wconf 81' lang='lat' dir='ltr'><em>pag.</em></span> <span class='ocrx_word' id='word_1_162' title='bbox 494 897 584 923; x_wconf 85' lang='lat'><em>200.</em></span> <span class='ocrx_word' id='word_1_163' title='bbox 607 881 875 935; x_wconf 54' lang='lat' dir='ltr'><em>religaverunt.</em></span> <span class='ocrx_word' id='word_1_164' title='bbox 1075 907 1081 914; x_wconf 95' lang='lat'>·</span> <span class='ocrx_word' id='word_1_165' title='bbox 1892 888 1894 891; x_wconf 86' lang='lat'>&#39;</span> 
     </span>
    </p>
   </div>
   <div class='ocr_carea' id='block_1_4' title="bbox 1091 963 1578 1011">
    <p class='ocr_par' dir='ltr' id='par_1_4' title="bbox 1091 963 1578 1011">
     <span class='ocr_line' id='line_1_14' title="bbox 1091 963 1578 1011; baseline -0.004 -4"><span class='ocrx_word' id='word_1_166' title='bbox 1091 963 1578 1011; x_wconf 62' lang='lat' dir='ltr'><em>PATRQAE.</em></span> 
     </span>
    </p>
   </div>
   <div class='ocr_carea' id='block_1_5' title="bbox 814 1103 1774 1541">
    <p class='ocr_par' dir='ltr' id='par_1_5' title="bbox 814 1103 1774 1541">
     <span class='ocr_line' id='line_1_15' title="bbox 814 1103 1774 1541; baseline 0 2673"><span class='ocrx_word' id='word_1_167' title='bbox 814 1103 1774 1541; x_wconf 95' lang='lat' dir='ltr'><em> </em></span> 
     </span>
    </p>
   </div>
   <div class='ocr_carea' id='block_1_6' title="bbox 290 1637 2390 1809">
    <p class='ocr_par' dir='ltr' id='par_1_6' title="bbox 290 1637 2390 1809">
     <span class='ocr_line' id='line_1_16' title="bbox 290 1637 1999 1699; baseline -0.002 -14"><span class='ocrx_word' id='word_1_168' title='bbox 290 1657 720 1685; x_wconf 68' lang='lat' dir='ltr'>INDVLGENHAE</span> <span class='ocrx_word' id='word_1_169' title='bbox 751 1657 779 1683; x_wconf 84' lang='lat' dir='ltr'>A</span> <span class='ocrx_word' id='word_1_170' title='bbox 796 1657 870 1684; x_wconf 73' lang='lat' dir='ltr'><em>vo.</em></span> <span class='ocrx_word' id='word_1_171' title='bbox 903 1655 1130 1683; x_wconf 73' lang='lat' dir='ltr'>MONETA</span> <span class='ocrx_word' id='word_1_172' title='bbox 1164 1652 1376 1684; x_wconf 68' lang='lat' dir='ltr'>IMPETR</span> <span class='ocrx_word' id='word_1_173' title='bbox 1392 1657 1415 1683; x_wconf 77' lang='lat' dir='ltr'><strong>A</strong></span> <span class='ocrx_word' id='word_1_174' title='bbox 1431 1649 1510 1683; x_wconf 75' lang='lat' dir='ltr'><em>TA.</em></span> <span class='ocrx_word' id='word_1_175' title='bbox 1549 1637 1804 1699; x_wconf 67' lang='lat' dir='ltr'><em>CaputJulia&#39;z</em></span> <span class='ocrx_word' id='word_1_176' title='bbox 1820 1642 1999 1684; x_wconf 88' lang='lat' dir='ltr'><em>velatum.</em></span> 
     </span>
     <span class='ocr_line' id='line_1_17' title="bbox 302 1697 2390 1755; baseline 0 -15"><span class='ocrx_word' id='word_1_177' title='bbox 302 1748 305 1751; x_wconf 25' lang='lat'><em>¹</em></span> <span class='ocrx_word' id='word_1_178' title='bbox 344 1715 367 1740; x_wconf 89' lang='lat' dir='ltr'>c</span> <span class='ocrx_word' id='word_1_179' title='bbox 379 1714 404 1738; x_wconf 94' lang='lat' dir='ltr'><em>o</em></span> <span class='ocrx_word' id='word_1_180' title='bbox 419 1715 456 1740; x_wconf 89' lang='lat' dir='ltr'><em>L.</em></span> <span class='ocrx_word' id='word_1_181' title='bbox 490 1712 530 1738; x_wconf 81' lang='lat' dir='ltr'><em>A.</em></span> <span class='ocrx_word' id='word_1_182' title='bbox 563 1713 602 1738; x_wconf 86' lang='lat' dir='ltr'><em>A.</em></span> <span class='ocrx_word' id='word_1_183' title='bbox 635 1713 665 1737; x_wconf 80' lang='grc' dir='ltr'><em>Ρ.</em></span> <span class='ocrx_word' id='word_1_184' title='bbox 699 1713 721 1739; x_wconf 91' lang='lat' dir='ltr'><em>c</em></span> <span class='ocrx_word' id='word_1_185' title='bbox 736 1713 762 1738; x_wconf 84' lang='lat' dir='ltr'>A</span> <span class='ocrx_word' id='word_1_186' title='bbox 778 1714 800 1739; x_wconf 83' lang='lat' dir='ltr'>E</span> <span class='ocrx_word' id='word_1_187' title='bbox 813 1713 829 1739; x_wconf 89' lang='lat' dir='ltr'><em>s</em></span> <span class='ocrx_word' id='word_1_188' title='bbox 842 1713 867 1738; x_wconf 84' lang='lat' dir='ltr'>A</span> <span class='ocrx_word' id='word_1_189' title='bbox 883 1713 913 1738; x_wconf 77' lang='lat' dir='ltr'>R</span> <span class='ocrx_word' id='word_1_190' title='bbox 927 1713 943 1738; x_wconf 94' lang='lat'>1</span> <span class='ocrx_word' id='word_1_191' title='bbox 978 1713 1005 1738; x_wconf 85' lang='lat' dir='ltr'>A</span> <span class='ocrx_word' id='word_1_192' title='bbox 1019 1712 1045 1738; x_wconf 91' lang='lat' dir='ltr'>v</span> <span class='ocrx_word' id='word_1_193' title='bbox 1057 1712 1097 1739; x_wconf 86' lang='lat' dir='ltr'><em>G.</em></span> <span class='ocrx_word' id='word_1_194' title='bbox 1130 1699 1289 1740; x_wconf 75' lang='lat' dir='ltr'><em>Colonia.</em></span> <span class='ocrx_word' id='word_1_195' title='bbox 1298 1699 1471 1754; x_wconf 78' lang='lat' dir='ltr'><em>Augusta</em></span> <span class='ocrx_word' id='word_1_196' title='bbox 1485 1697 1588 1738; x_wconf 86' lang='lat' dir='ltr'><em>Aroe</em></span> <span class='ocrx_word' id='word_1_197' title='bbox 1606 1698 1804 1751; x_wconf 71' lang='lat' dir='ltr'><em>‘Patrenfis</em></span> <span class='ocrx_word' id='word_1_198' title='bbox 1821 1699 1963 1751; x_wconf 79' lang='lat' dir='ltr'><em>Caesari</em></span> <span class='ocrx_word' id='word_1_199' title='bbox 1977 1697 2094 1755; x_wconf 86' lang='lat' dir='ltr'><em>Augu</em></span> <span class='ocrx_word' id='word_1_200' title='bbox 2125 1711 2155 1738; x_wconf 87' lang='lat' dir='ltr'><em>o.</em></span> <span class='ocrx_word' id='word_1_201' title='bbox 2192 1698 2390 1754; x_wconf 86' lang='lat' dir='ltr'><em>Augustus</em></span> 
     </span>
     <span class='ocr_line' id='line_1_18' title="bbox 396 1753 1648 1809; baseline 0 -15"><span class='ocrx_word' id='word_1_202' title='bbox 396 1755 435 1794; x_wconf 90' lang='lat' dir='ltr'><em>in</em></span> <span class='ocrx_word' id='word_1_203' title='bbox 453 1753 646 1808; x_wconf 81' lang='lat' dir='ltr'><em>quadrigis</em></span> <span class='ocrx_word' id='word_1_204' title='bbox 663 1767 780 1793; x_wconf 87' lang='lat' dir='ltr'><em>manu</em></span> <span class='ocrx_word' id='word_1_205' title='bbox 799 1767 935 1808; x_wconf 88' lang='lat' dir='ltr'><em>gerens</em></span> <span class='ocrx_word' id='word_1_206' title='bbox 952 1753 1143 1808; x_wconf 84' lang='lat' dir='ltr'><em>sceptrum</em></span> <span class='ocrx_word' id='word_1_207' title='bbox 1158 1782 1170 1801; x_wconf 86' lang='grc'>,</span> <span class='ocrx_word' id='word_1_208' title='bbox 1200 1755 1308 1808; x_wconf 89' lang='lat' dir='ltr'><em>cujus</em></span> <span class='ocrx_word' id='word_1_209' title='bbox 1326 1755 1365 1794; x_wconf 91' lang='lat' dir='ltr'><em>in</em></span> <span class='ocrx_word' id='word_1_210' title='bbox 1385 1755 1494 1808; x_wconf 85' lang='lat' dir='ltr'>apice</span> <span class='ocrx_word' id='word_1_211' title='bbox 1510 1753 1648 1809; x_wconf 86' lang='lat' dir='ltr'><em>aquila.</em></span> 
     </span>
    </p>
   </div>
   <div class='ocr_carea' id='block_1_7' title="bbox 289 1830 2397 2385">
    <p class='ocr_par' dir='ltr' id='par_1_7' title="bbox 289 1830 2397 2385">
     <span class='ocr_line' id='line_1_19' title="bbox 343 1830 2389 1888; baseline 0 -16"><span class='ocrx_word' id='word_1_212' title='bbox 343 1832 564 1872; x_wconf 86' lang='lat' dir='ltr'><em>Nummum</em></span> <span class='ocrx_word' id='word_1_213' title='bbox 584 1830 754 1886; x_wconf 88' lang='lat' dir='ltr'><em>vulgavit</em></span> <span class='ocrx_word' id='word_1_214' title='bbox 769 1831 957 1885; x_wconf 83' lang='lat' dir='ltr'><em>Seguinus</em></span> <span class='ocrx_word' id='word_1_215' title='bbox 978 1832 1106 1873; x_wconf 87' lang='lat' dir='ltr'>noster</span> <span class='ocrx_word' id='word_1_216' title='bbox 1124 1847 1209 1888; x_wconf 77' lang='lat' dir='ltr'><em>pag.</em></span> <span class='ocrx_word' id='word_1_217' title='bbox 1236 1845 1324 1884; x_wconf 87' lang='lat'><em>114.</em></span> <span class='ocrx_word' id='word_1_218' title='bbox 1347 1831 1438 1874; x_wconf 84' lang='lat' dir='ltr'><em>edit.</em></span> <span class='ocrx_word' id='word_1_219' title='bbox 1459 1847 1494 1873; x_wconf 86' lang='lat'><em>2.</em></span> <span class='ocrx_word' id='word_1_220' title='bbox 1525 1833 1588 1873; x_wconf 88' lang='lat' dir='ltr'><em>De</em></span> <span class='ocrx_word' id='word_1_221' title='bbox 1605 1833 1726 1874; x_wconf 84' lang='lat' dir='ltr'><em>Patris</em></span> <span class='ocrx_word' id='word_1_222' title='bbox 1746 1831 1884 1874; x_wconf 76' lang='lat' dir='ltr'><em>dise-rte</em></span> <span class='ocrx_word' id='word_1_223' title='bbox 1900 1831 2084 1887; x_wconf 84' lang='lat' dir='ltr'><em>quidem,-</em></span> <span class='ocrx_word' id='word_1_224' title='bbox 2110 1832 2175 1873; x_wconf 92' lang='lat' dir='ltr'><em>sed</em></span> <span class='ocrx_word' id='word_1_225' title='bbox 2197 1832 2248 1873; x_wconf 84' lang='lat' dir='ltr'><em>de</em></span> <span class='ocrx_word' id='word_1_226' title='bbox 2261 1831 2389 1886; x_wconf 79' lang='lat' dir='ltr'><em>capite</em></span> 
     </span>
     <span class='ocr_line' id='line_1_20' title="bbox 290 1886 2392 1942; baseline 0 -15"><span class='ocrx_word' id='word_1_227' title='bbox 290 1887 464 1928; x_wconf 82' lang='lat' dir='ltr'><em>muliebri</em></span> <span class='ocrx_word' id='word_1_228' title='bbox 484 1887 611 1926; x_wconf 88' lang='lat' dir='ltr'><em>velato</em></span> <span class='ocrx_word' id='word_1_229' title='bbox 631 1886 725 1925; x_wconf 90' lang='lat' dir='ltr'><em>nihil</em></span> <span class='ocrx_word' id='word_1_230' title='bbox 744 1887 906 1940; x_wconf 88' lang='lat' dir='ltr'><em>protulit</em></span> <span class='ocrx_word' id='word_1_231' title='bbox 925 1902 932 1926; x_wconf 91' lang='lat'>:</span> <span class='ocrx_word' id='word_1_232' title='bbox 961 1887 1022 1926; x_wconf 93' lang='lat' dir='ltr'><em>ille</em></span> <span class='ocrx_word' id='word_1_233' title='bbox 1041 1899 1172 1928; x_wconf 86' lang='lat' dir='ltr'><em>autem</em></span> <span class='ocrx_word' id='word_1_234' title='bbox 1197 1888 1336 1928; x_wconf 88' lang='lat' dir='ltr'><em>dubius</em></span> <span class='ocrx_word' id='word_1_235' title='bbox 1361 1887 1412 1927; x_wconf 92' lang='lat' dir='ltr'><em>de</em></span> <span class='ocrx_word' id='word_1_236' title='bbox 1432 1901 1598 1929; x_wconf 85' lang='lat' dir='ltr'><em>monetae</em></span> <span class='ocrx_word' id='word_1_237' title='bbox 1617 1888 1769 1942; x_wconf 86' lang='lat' dir='ltr'><em>effigie,</em></span> <span class='ocrx_word' id='word_1_238' title='bbox 1798 1889 1849 1928; x_wconf 86' lang='lat' dir='ltr'><em>ad</em></span> <span class='ocrx_word' id='word_1_239' title='bbox 1868 1888 2018 1928; x_wconf 86' lang='lat' dir='ltr'><em>Liviam</em></span> <span class='ocrx_word' id='word_1_240' title='bbox 2034 1902 2214 1930; x_wconf 84' lang='lat' dir='ltr'><em>revocare</em></span> <span class='ocrx_word' id='word_1_241' title='bbox 2230 1902 2311 1928; x_wconf 92' lang='lat' dir='ltr'><em>non</em></span> <span class='ocrx_word' id='word_1_242' title='bbox 2325 1901 2392 1928; x_wconf 87' lang='lat' dir='ltr'><em>au-</em></span> 
     </span>
     <span class='ocr_line' id='line_1_21' title="bbox 291 1941 2392 1997; baseline 0.001 -15"><span class='ocrx_word' id='word_1_243' title='bbox 291 1942 351 1982; x_wconf 88' lang='lat' dir='ltr'><em>sus</em></span> <span class='ocrx_word' id='word_1_244' title='bbox 369 1943 442 1988; x_wconf 88' lang='lat' dir='ltr'><em>est·‚</em></span> <span class='ocrx_word' id='word_1_245' title='bbox 471 1954 530 1982; x_wconf 91' lang='lat' dir='ltr'><em>tot</em></span> <span class='ocrx_word' id='word_1_246' title='bbox 546 1942 693 1981; x_wconf 89' lang='lat' dir='ltr'><em>nummi</em></span> <span class='ocrx_word' id='word_1_247' title='bbox 713 1941 881 1981; x_wconf 91' lang='lat' dir='ltr'><em>eundem</em></span> <span class='ocrx_word' id='word_1_248' title='bbox 896 1941 1013 1981; x_wconf 82' lang='lat' dir='ltr'><em>Liviae</em></span> <span class='ocrx_word' id='word_1_249' title='bbox 1029 1943 1177 1983; x_wconf 90' lang='lat' dir='ltr'><em>vultum</em></span> <span class='ocrx_word' id='word_1_250' title='bbox 1197 1942 1309 1984; x_wconf 89' lang='lat' dir='ltr'><em>nobis</em></span> <span class='ocrx_word' id='word_1_251' title='bbox 1326 1942 1572 1989; x_wconf 82' lang='lat' dir='ltr'>exhibentes,</span> <span class='ocrx_word' id='word_1_252' title='bbox 1601 1943 1652 1983; x_wconf 87' lang='lat' dir='ltr'><em>ad</em></span> <span class='ocrx_word' id='word_1_253' title='bbox 1671 1957 1757 1983; x_wconf 87' lang='lat' dir='ltr'><em>eam</em></span> <span class='ocrx_word' id='word_1_254' title='bbox 1774 1944 1964 1997; x_wconf 89' lang='lat' dir='ltr'><em>pertinere</em></span> <span class='ocrx_word' id='word_1_255' title='bbox 1979 1942 2092 1983; x_wconf 77' lang='lat' dir='ltr'><em>facile</em></span> <span class='ocrx_word' id='word_1_256' title='bbox 2108 1942 2392 1989; x_wconf 78' lang='lat' dir='ltr'><em>demonstrant,</em></span> 
     </span>
     <span class='ocr_line' id='line_1_22' title="bbox 289 1996 2393 2053; baseline 0 -15"><span class='ocrx_word' id='word_1_257' title='bbox 289 1998 373 2051; x_wconf 89' lang='lat' dir='ltr'><em>ejus</em></span> <span class='ocrx_word' id='word_1_258' title='bbox 389 1998 537 2051; x_wconf 85' lang='lat' dir='ltr'><em>quippe</em></span> <span class='ocrx_word' id='word_1_259' title='bbox 554 1998 759 2051; x_wconf 87' lang='lat' dir='ltr'><em>imaginem</em></span> <span class='ocrx_word' id='word_1_260' title='bbox 778 1996 908 2050; x_wconf 88' lang='lat' dir='ltr'><em>primis</em></span> <span class='ocrx_word' id='word_1_261' title='bbox 926 1997 1081 2051; x_wconf 91' lang='lat' dir='ltr'><em>Imperii</em></span> <span class='ocrx_word' id='word_1_262' title='bbox 1099 1999 1337 2052; x_wconf 83' lang='lat' dir='ltr'><em>temporibus</em></span> <span class='ocrx_word' id='word_1_263' title='bbox 1362 2007 1406 2038; x_wconf 72' lang='lat' dir='ltr'><em>ut·</em></span> <span class='ocrx_word' id='word_1_264' title='bbox 1424 1998 1511 2040; x_wconf 89' lang='lat' dir='ltr'><em>satis</em></span> <span class='ocrx_word' id='word_1_265' title='bbox 1527 2010 1660 2039; x_wconf 90' lang='lat' dir='ltr'><em>notam</em></span> <span class='ocrx_word' id='word_1_266' title='bbox 1676 1998 1755 2038; x_wconf 87' lang='lat' dir='ltr'><em>sine</em></span> <span class='ocrx_word' id='word_1_267' title='bbox 1771 1999 1932 2038; x_wconf 90' lang='lat' dir='ltr'><em>nomine</em></span> <span class='ocrx_word' id='word_1_268' title='bbox 1948 1998 2165 2053; x_wconf 86' lang='lat' dir='ltr'><em>vulgabant.</em></span> <span class='ocrx_word' id='word_1_269' title='bbox 2196 1997 2393 2039; x_wconf 88' lang='lat' dir='ltr'><em>Patrenses</em></span> 
     </span>
     <span class='ocr_line' id='line_1_23' title="bbox 289 2050 2393 2108; baseline 0 -15"><span class='ocrx_word' id='word_1_270' title='bbox 289 2053 456 2107; x_wconf 86' lang='lat' dir='ltr'><em>Augusti</em></span> <span class='ocrx_word' id='word_1_271' title='bbox 481 2052 673 2092; x_wconf 88' lang='lat' dir='ltr'><em>beneficiis</em></span> <span class='ocrx_word' id='word_1_272' title='bbox 697 2050 866 2092; x_wconf 61' lang='lat' dir='ltr'><em>devincti</em></span> <span class='ocrx_word' id='word_1_273' title='bbox 882 2078 895 2099; x_wconf 87' lang='lat'>,</span> <span class='ocrx_word' id='word_1_274' title='bbox 924 2052 972 2092; x_wconf 90' lang='lat' dir='ltr'><em>ab</em></span> <span class='ocrx_word' id='word_1_275' title='bbox 995 2062 1072 2091; x_wconf 86' lang='lat' dir='ltr'><em>un&#39;a</em></span> <span class='ocrx_word' id='word_1_276' title='bbox 1093 2065 1202 2107; x_wconf 89' lang='lat' dir='ltr'><em>parte</em></span> <span class='ocrx_word' id='word_1_277' title='bbox 1221 2053 1304 2104; x_wconf 90' lang='lat' dir='ltr'><em>ejus</em></span> <span class='ocrx_word' id='word_1_278' title='bbox 1328 2056 1460 2092; x_wconf 87' lang='lat' dir='ltr'><em>uxoris</em></span> <span class='ocrx_word' id='word_1_279' title='bbox 1483 2065 1600 2106; x_wconf 89' lang='lat' dir='ltr'><em>caput</em></span> <span class='ocrx_word' id='word_1_280' title='bbox 1615 2079 1628 2098; x_wconf 87' lang='lat'>‚</span> <span class='ocrx_word' id='word_1_281' title='bbox 1658 2066 1706 2092; x_wconf 82' lang='lat' dir='ltr'><em>ex</em></span> <span class='ocrx_word' id='word_1_282' title='bbox 1721 2053 1837 2092; x_wconf 90' lang='lat' dir='ltr'><em>altera</em></span> <span class='ocrx_word' id='word_1_283' title='bbox 1852 2052 1977 2106; x_wconf 91' lang='lat' dir='ltr'><em>ipsum</em></span> <span class='ocrx_word' id='word_1_284' title='bbox 1993 2053 2033 2092; x_wconf 92' lang='lat' dir='ltr'><em>in</em></span> <span class='ocrx_word' id='word_1_285' title='bbox 2050 2052 2244 2108; x_wconf 87' lang='lat' dir='ltr'><em>quadrigis</em></span> <span class='ocrx_word' id='word_1_286' title='bbox 2262 2054 2393 2094; x_wconf 84' lang='lat' dir='ltr'><em>trium-</em></span> 
     </span>
     <span class='ocr_line' id='line_1_24' title="bbox 290 2106 2397 2163; baseline 0 -15"><span class='ocrx_word' id='word_1_287' title='bbox 290 2108 477 2163; x_wconf 87' lang='lat' dir='ltr'><em>phantem</em></span> <span class='ocrx_word' id='word_1_288' title='bbox 495 2108 752 2148; x_wconf 87' lang='lat' dir='ltr'><em>exhibuerunt</em></span> <span class='ocrx_word' id='word_1_289' title='bbox 766 2133 778 2154; x_wconf 85' lang='lat'>‚</span> <span class='ocrx_word' id='word_1_290' title='bbox 808 2106 875 2147; x_wconf 89' lang='lat' dir='ltr'><em>sed</em></span> <span class='ocrx_word' id='word_1_291' title='bbox 897 2107 1091 2162; x_wconf 77' lang='lat' dir='ltr'><em>praecipue</em></span> <span class='ocrx_word' id='word_1_292' title='bbox 1113 2108 1165 2148; x_wconf 95' lang='lat' dir='ltr'><em>ob</em></span> <span class='ocrx_word' id='word_1_293' title='bbox 1185 2107 1383 2147; x_wconf 71' lang='lat' dir='ltr'><em>Astiacam</em></span> <span class='ocrx_word' id='word_1_294' title='bbox 1399 2107 1619 2153; x_wconf 58' lang='lat' dir='ltr'><em>vietoriam,</em></span> <span class='ocrx_word' id='word_1_295' title='bbox 1648 2108 1759 2160; x_wconf 87' lang='lat' dir='ltr'><em>cujus</em></span> <span class='ocrx_word' id='word_1_296' title='bbox 1779 2108 1956 2148; x_wconf 89' lang='lat' dir='ltr'><em>meminit</em></span> <span class='ocrx_word' id='word_1_297' title='bbox 1973 2108 2054 2148; x_wconf 92' lang='lat' dir='ltr'><em>Dio</em></span> <span class='ocrx_word' id='word_1_298' title='bbox 2075 2107 2138 2148; x_wconf 92' lang='lat' dir='ltr'><em>lib.</em></span> <span class='ocrx_word' id='word_1_299' title='bbox 2161 2121 2219 2158; x_wconf 86' lang='lat'><em>51.</em></span> <span class='ocrx_word' id='word_1_300' title='bbox 2243 2123 2280 2163; x_wconf 93' lang='lat' dir='ltr'><em>p.</em></span> <span class='ocrx_word' id='word_1_301' title='bbox 2295 2115 2397 2159; x_wconf 72' lang='lat'><em>459.&#39;</em></span> 
     </span>
     <span class='ocr_line' id='line_1_25' title="bbox 292 2161 2393 2218; baseline 0.001 -16"><span class='ocrx_word' id='word_1_302' title='bbox 292 2175 327 2203; x_wconf 70' lang='grc' dir='ltr'><em>Εν</em></span> <span class='ocrx_word' id='word_1_303' title='bbox 349 2168 382 2202; x_wconf 70' lang='grc' dir='ltr'><em>δὲ</em></span> <span class='ocrx_word' id='word_1_304' title='bbox 405 2170 442 2213; x_wconf 70' lang='grc' dir='ltr'><em>τῇ</em></span> <span class='ocrx_word' id='word_1_305' title='bbox 463 2166 590 2213; x_wconf 49' lang='lat' dir='ltr'><em>Marem</em></span> <span class='ocrx_word' id='word_1_306' title='bbox 609 2168 628 2206; x_wconf 70' lang='grc' dir='ltr'><em>ἦ</em></span> <span class='ocrx_word' id='word_1_307' title='bbox 649 2166 730 2208; x_wconf 57' lang='lat' dir='ltr'><em>wc</em></span> <span class='ocrx_word' id='word_1_308' title='bbox 751 2169 796 2210; x_wconf 72' lang='grc' dir='ltr'><em>τῷ</em></span> <span class='ocrx_word' id='word_1_309' title='bbox 814 2169 906 2211; x_wconf 76' lang='grc' dir='ltr'>Ακτίῳ</span> <span class='ocrx_word' id='word_1_310' title='bbox 928 2169 1116 2211; x_wconf 58' lang='grc' dir='ltr'><em>νοωκςρετίᾳ.</em></span> <span class='ocrx_word' id='word_1_311' title='bbox 1155 2161 1328 2203; x_wconf 84' lang='lat' dir='ltr'><em>Secunda</em></span> <span class='ocrx_word' id='word_1_312' title='bbox 1351 2162 1412 2201; x_wconf 86' lang='lat' dir='ltr'><em>die</em></span> <span class='ocrx_word' id='word_1_313' title='bbox 1426 2161 1553 2213; x_wconf 85' lang='lat' dir='ltr'><em>Caesar</em></span> <span class='ocrx_word' id='word_1_314' title='bbox 1572 2162 1618 2202; x_wconf 88' lang='lat' dir='ltr'><em>de</em></span> <span class='ocrx_word' id='word_1_315' title='bbox 1635 2164 1806 2202; x_wconf 62' lang='lat' dir='ltr'><em>Achaea</em></span> <span class='ocrx_word' id='word_1_316' title='bbox 1825 2163 1964 2203; x_wconf 86' lang='lat' dir='ltr'><em>navali</em></span> <span class='ocrx_word' id='word_1_317' title='bbox 1977 2175 2110 2218; x_wconf 82' lang='lat' dir='ltr'><em>pugna</em></span> <span class='ocrx_word' id='word_1_318' title='bbox 2125 2163 2393 2218; x_wconf 60' lang='lat' dir='ltr'><em>triumphavit.</em></span> 
     </span>
     <span class='ocr_line' id='line_1_26' title="bbox 291 2216 2393 2277; baseline -0.001 -15"><span class='ocrx_word' id='word_1_319' title='bbox 291 2222 366 2277; x_wconf 82' lang='lat' dir='ltr'><em>Ipli</em></span> <span class='ocrx_word' id='word_1_320' title='bbox 387 2222 490 2262; x_wconf 90' lang='lat' dir='ltr'><em>enirn</em></span> <span class='ocrx_word' id='word_1_321' title='bbox 510 2221 611 2262; x_wconf 93' lang='lat' dir='ltr'><em>bello</em></span> <span class='ocrx_word' id='word_1_322' title='bbox 627 2219 728 2261; x_wconf 88' lang='lat' dir='ltr'><em>civili</em></span> <span class='ocrx_word' id='word_1_323' title='bbox 743 2220 842 2260; x_wconf 88' lang='lat' dir='ltr'><em>inter</em></span> <span class='ocrx_word' id='word_1_324' title='bbox 859 2220 1078 2274; x_wconf 85' lang='lat' dir='ltr'><em>Augustum</em></span> <span class='ocrx_word' id='word_1_325' title='bbox 1096 2222 1134 2259; x_wconf 91' lang='lat'>&amp;</span> <span class='ocrx_word' id='word_1_326' title='bbox 1155 2216 1372 2258; x_wconf 90' lang='lat' dir='ltr'><em>Antonium</em></span> <span class='ocrx_word' id='word_1_327' title='bbox 1393 2216 1570 2271; x_wconf 86' lang='lat' dir='ltr'><em>dispersi,</em></span> <span class='ocrx_word' id='word_1_328' title='bbox 1597 2216 1800 2258; x_wconf 67' lang='lat' dir='ltr'><em>clementia</em></span> <span class='ocrx_word' id='word_1_329' title='bbox 1819 2219 1983 2272; x_wconf 89' lang='lat' dir='ltr'><em>Augusti</em></span> <span class='ocrx_word' id='word_1_330' title='bbox 2001 2220 2170 2260; x_wconf 89' lang='lat' dir='ltr'><em>revocati</em></span> <span class='ocrx_word' id='word_1_331' title='bbox 2192 2219 2278 2260; x_wconf 91' lang='lat' dir='ltr'><em>sunt</em></span> <span class='ocrx_word' id='word_1_332' title='bbox 2293 2246 2306 2266; x_wconf 93' lang='lat'>,</span> <span class='ocrx_word' id='word_1_333' title='bbox 2335 2220 2393 2259; x_wconf 78' lang='lat' dir='ltr'><em>in-</em></span> 
     </span>
     <span class='ocr_line' id='line_1_27' title="bbox 290 2272 2392 2331; baseline -0 -13"><span class='ocrx_word' id='word_1_334' title='bbox 290 2278 386 2319; x_wconf 88' lang='lat' dir='ltr'><em>colis</em></span> <span class='ocrx_word' id='word_1_335' title='bbox 404 2291 451 2317; x_wconf 84' lang='lat' dir='ltr'><em>ex</em></span> <span class='ocrx_word' id='word_1_336' title='bbox 470 2276 626 2331; x_wconf 88' lang='lat' dir='ltr'><em>oppidis</em></span> <span class='ocrx_word' id='word_1_337' title='bbox 642 2276 773 2316; x_wconf 88' lang='lat' dir='ltr'><em>vicinis</em></span> <span class='ocrx_word' id='word_1_338' title='bbox 790 2276 829 2314; x_wconf 93' lang='lat' dir='ltr'><em>in</em></span> <span class='ocrx_word' id='word_1_339' title='bbox 847 2275 952 2314; x_wconf 84' lang='lat' dir='ltr'><em>suam</em></span> <span class='ocrx_word' id='word_1_340' title='bbox 972 2274 1107 2314; x_wconf 89' lang='lat' dir='ltr'><em>urbem</em></span> <span class='ocrx_word' id='word_1_341' title='bbox 1126 2273 1307 2314; x_wconf 56' lang='lat' dir='ltr'><em>traductis</em></span> <span class='ocrx_word' id='word_1_342' title='bbox 1323 2299 1335 2319; x_wconf 88' lang='lat'>‚</span> <span class='ocrx_word' id='word_1_343' title='bbox 1363 2272 1614 2327; x_wconf 71' lang='lat' dir='ltr'><em>deduffisque</em></span> <span class='ocrx_word' id='word_1_344' title='bbox 1634 2273 1818 2328; x_wconf 88' lang='lat' dir='ltr'><em>Legionis</em></span> <span class='ocrx_word' id='word_1_345' title='bbox 1834 2273 2026 2328; x_wconf 88' lang='lat' dir='ltr'><em>vigefimae</em></span> <span class='ocrx_word' id='word_1_346' title='bbox 2040 2274 2213 2316; x_wconf 75' lang='lat' dir='ltr'><em>secunda:</em></span> <span class='ocrx_word' id='word_1_347' title='bbox 2234 2273 2392 2327; x_wconf 48' lang='lat' dir='ltr'><em>Vetera}&gt;</em></span> 
     </span>
     <span class='ocr_line' id='line_1_28' title="bbox 290 2328 2034 2385; baseline -0.002 -12"><span class='ocrx_word' id='word_1_348' title='bbox 290 2334 372 2379; x_wconf 80' lang='lat' dir='ltr'><em>nis,</em></span> <span class='ocrx_word' id='word_1_349' title='bbox 398 2332 527 2372; x_wconf 92' lang='lat' dir='ltr'><em>coloni</em></span> <span class='ocrx_word' id='word_1_350' title='bbox 544 2332 633 2373; x_wconf 66' lang='lat' dir='ltr'><em>facti</em></span> <span class='ocrx_word' id='word_1_351' title='bbox 650 2331 737 2371; x_wconf 88' lang='lat' dir='ltr'><em>sunt</em></span> <span class='ocrx_word' id='word_1_352' title='bbox 757 2330 940 2371; x_wconf 88' lang='lat' dir='ltr'><em>Romani.</em></span> <span class='ocrx_word' id='word_1_353' title='bbox 976 2329 1220 2385; x_wconf 90' lang='lat' dir='ltr'><em>Indulgentia</em></span> <span class='ocrx_word' id='word_1_354' title='bbox 1236 2329 1277 2369; x_wconf 93' lang='lat' dir='ltr'><em>in</em></span> <span class='ocrx_word' id='word_1_355' title='bbox 1292 2342 1455 2368; x_wconf 91' lang='lat' dir='ltr'><em>nummo</em></span> <span class='ocrx_word' id='word_1_356' title='bbox 1470 2342 1545 2383; x_wconf 92' lang='lat' dir='ltr'><em>pro</em></span> <span class='ocrx_word' id='word_1_357' title='bbox 1562 2328 1808 2383; x_wconf 80' lang='lat' dir='ltr'><em>permistione</em></span> <span class='ocrx_word' id='word_1_358' title='bbox 1823 2328 2034 2384; x_wconf 87' lang='lat' dir='ltr'><em>usurpatur.</em></span> 
     </span>
    </p>
   </div>
   <div class='ocr_carea' id='block_1_8' title="bbox 345 2406 1602 2464">
    <p class='ocr_par' dir='ltr' id='par_1_8' title="bbox 345 2406 1602 2464">
     <span class='ocr_line' id='line_1_29' title="bbox 345 2406 1602 2464; baseline -0.005 -12"><span class='ocrx_word' id='word_1_359' title='bbox 345 2411 429 2452; x_wconf 77' lang='lat' dir='ltr'><em>Hic</em></span> <span class='ocrx_word' id='word_1_360' title='bbox 444 2425 617 2452; x_wconf 89' lang='lat' dir='ltr'><em>nummus</em></span> <span class='ocrx_word' id='word_1_361' title='bbox 629 2410 787 2464; x_wconf 84' lang='lat' dir='ltr'><em>majoris</em></span> <span class='ocrx_word' id='word_1_362' title='bbox 792 2409 933 2462; x_wconf 85' lang='lat' dir='ltr'><em>formae</em></span> <span class='ocrx_word' id='word_1_363' title='bbox 946 2409 1048 2448; x_wconf 79' lang='lat' dir='ltr'><em>inter</em></span> <span class='ocrx_word' id='word_1_364' title='bbox 1063 2406 1341 2463; x_wconf 66' lang='lat' dir='ltr'><em>elegantiffi&#39;mos</em></span> <span class='ocrx_word' id='word_1_365' title='bbox 1357 2406 1602 2447; x_wconf 85' lang='lat' dir='ltr'><em>collocandus.</em></span> 
     </span>
    </p>
   </div>
   <div class='ocr_carea' id='block_1_9' title="bbox 766 2511 1916 2557">
    <p class='ocr_par' dir='ltr' id='par_1_9' title="bbox 766 2511 1916 2557">
     <span class='ocr_line' id='line_1_30' title="bbox 766 2511 1916 2557; baseline -0.002 -1"><span class='ocrx_word' id='word_1_366' title='bbox 766 2513 1409 2557; x_wconf 88' lang='lat' dir='ltr'><em>ROMULENSIS</em></span> <span class='ocrx_word' id='word_1_367' title='bbox 1470 2511 1916 2555; x_wconf 86' lang='lat' dir='ltr'><em>COLONIA.</em></span> 
     </span>
    </p>
   </div>
   <div class='ocr_carea' id='block_1_10' title="bbox 890 2629 1899 3072">
    <p class='ocr_par' dir='ltr' id='par_1_10' title="bbox 890 2629 1899 3072">
     <span class='ocr_line' id='line_1_31' title="bbox 890 2629 1899 3072; baseline 0 1142"><span class='ocrx_word' id='word_1_368' title='bbox 890 2629 1899 3072; x_wconf 95' lang='lat' dir='ltr'><em> </em></span> 
     </span>
    </p>
   </div>
   <div class='ocr_carea' id='block_1_11' title="bbox 301 3163 2391 3386">
    <p class='ocr_par' dir='ltr' id='par_1_11' title="bbox 301 3163 2391 3386">
     <span class='ocr_line' id='line_1_32' title="bbox 301 3163 2391 3221; baseline 0.001 -9"><span class='ocrx_word' id='word_1_369' title='bbox 301 3182 459 3213; x_wconf 77' lang='lat' dir='ltr'>1VL1A</span> <span class='ocrx_word' id='word_1_370' title='bbox 492 3181 665 3210; x_wconf 80' lang='lat' dir='ltr'>AVGVS</span> <span class='ocrx_word' id='word_1_371' title='bbox 681 3180 744 3210; x_wconf 74' lang='lat' dir='ltr'><em>TA</em></span> <span class='ocrx_word' id='word_1_372' title='bbox 779 3179 1059 3207; x_wconf 73' lang='lat' dir='ltr'>GENITRIX</span> <span class='ocrx_word' id='word_1_373' title='bbox 1089 3178 1258 3207; x_wconf 67' lang='lat' dir='ltr'><em>oanis.</em></span> <span class='ocrx_word' id='word_1_374' title='bbox 1295 3165 1429 3219; x_wconf 82' lang='lat' dir='ltr'><em>Caput</em></span> <span class='ocrx_word' id='word_1_375' title='bbox 1454 3164 1560 3218; x_wconf 81' lang='lat' dir='ltr'><em>Jul-iae</em></span> <span class='ocrx_word' id='word_1_376' title='bbox 1586 3163 1706 3221; x_wconf 88' lang='lat' dir='ltr'><em>globo</em></span> <span class='ocrx_word' id='word_1_377' title='bbox 1723 3165 1946 3221; x_wconf 77' lang='lat' dir='ltr'><em>impolitum</em></span> <span class='ocrx_word' id='word_1_378' title='bbox 1965 3193 1981 3214; x_wconf 77' lang='lat'>‚</span> <span class='ocrx_word' id='word_1_379' title='bbox 2013 3169 2052 3207; x_wconf 89' lang='lat'>&amp;</span> <span class='ocrx_word' id='word_1_380' title='bbox 2071 3167 2391 3218; x_wconf 69' lang='lat' dir='ltr'><em>Lunaerescente</em></span> 
     </span>
     <span class='ocr_line' id='line_1_33' title="bbox 407 3237 590 3264; baseline -0.011 0"><span class='ocrx_word' id='word_1_381' title='bbox 407 3237 590 3264; x_wconf 85' lang='lat' dir='ltr'><em>ornatum.</em></span> 
     </span>
     <span class='ocr_line' id='line_1_34' title="bbox 352 3269 2386 3339; baseline 0.001 -21"><span class='ocrx_word' id='word_1_382' title='bbox 352 3297 375 3322; x_wconf 80' lang='lat' dir='ltr'><strong>c</strong></span> <span class='ocrx_word' id='word_1_383' title='bbox 388 3294 412 3319; x_wconf 95' lang='lat' dir='ltr'><em>o</em></span> <span class='ocrx_word' id='word_1_384' title='bbox 427 3294 463 3318; x_wconf 84' lang='lat' dir='ltr'><em>L.</em></span> <span class='ocrx_word' id='word_1_385' title='bbox 497 3293 525 3317; x_wconf 80' lang='lat' dir='ltr'>R</span> <span class='ocrx_word' id='word_1_386' title='bbox 537 3294 561 3317; x_wconf 95' lang='lat' dir='ltr'><em>o</em></span> <span class='ocrx_word' id='word_1_387' title='bbox 576 3293 619 3317; x_wconf 81' lang='lat' dir='ltr'><em>M.</em></span> <span class='ocrx_word' id='word_1_388' title='bbox 651 3293 671 3317; x_wconf 83' lang='lat' dir='ltr'>P</span> <span class='ocrx_word' id='word_1_389' title='bbox 685 3292 707 3316; x_wconf 71' lang='lat' dir='ltr'><em>r.</em></span> <span class='ocrx_word' id='word_1_390' title='bbox 724 3291 751 3317; x_wconf 74' lang='lat' dir='ltr'>R</span> <span class='ocrx_word' id='word_1_391' title='bbox 764 3291 811 3316; x_wconf 85' lang='lat' dir='ltr'><em>M.</em></span> <span class='ocrx_word' id='word_1_392' title='bbox 841 3292 867 3317; x_wconf 93' lang='lat' dir='ltr'>D</span> <span class='ocrx_word' id='word_1_393' title='bbox 879 3291 893 3316; x_wconf 96' lang='lat'>1</span> <span class='ocrx_word' id='word_1_394' title='bbox 903 3291 928 3317; x_wconf 89' lang='lat' dir='ltr'><strong>v</strong></span> <span class='ocrx_word' id='word_1_395' title='bbox 939 3291 954 3316; x_wconf 94' lang='lat'>1</span> <span class='ocrx_word' id='word_1_396' title='bbox 987 3290 1013 3316; x_wconf 86' lang='lat' dir='ltr'>A</span> <span class='ocrx_word' id='word_1_397' title='bbox 1028 3290 1054 3315; x_wconf 87' lang='lat' dir='ltr'><strong>v</strong></span> <span class='ocrx_word' id='word_1_398' title='bbox 1067 3291 1104 3316; x_wconf 84' lang='lat' dir='ltr'><em>o.</em></span> <span class='ocrx_word' id='word_1_399' title='bbox 1144 3275 1299 3316; x_wconf 85' lang='lat' dir='ltr'><em>Colonia</em></span> <span class='ocrx_word' id='word_1_400' title='bbox 1324 3269 1554 3329; x_wconf 75' lang='lat' dir='ltr'><em>Romulensts</em></span> <span class='ocrx_word' id='word_1_401' title='bbox 1579 3288 1645 3317; x_wconf 88' lang='lat' dir='ltr'><em>aut</em></span> <span class='ocrx_word' id='word_1_402' title='bbox 1662 3275 1845 3317; x_wconf 82' lang='lat' dir='ltr'><em>Romulea</em></span> <span class='ocrx_word' id='word_1_403' title='bbox 1858 3303 1872 3325; x_wconf 89' lang='lat'>,</span> <span class='ocrx_word' id='word_1_404' title='bbox 1892 3276 2069 3332; x_wconf 78' lang='lat' dir='ltr'><em>permiffic</em></span> <span class='ocrx_word' id='word_1_405' title='bbox 2088 3279 2203 3321; x_wconf 77' lang='lat' dir='ltr'><em>Divi</em></span> <span class='ocrx_word' id='word_1_406' title='bbox 2213 3283 2386 3339; x_wconf 62' lang='lat' dir='ltr'><em>Augusti,-</em></span> 
     </span>
     <span class='ocr_line' id='line_1_35' title="bbox 407 3330 1367 3386; baseline -0.003 -13"><span class='ocrx_word' id='word_1_407' title='bbox 407 3335 538 3386; x_wconf 86' lang='lat' dir='ltr'><em>Caput</em></span> <span class='ocrx_word' id='word_1_408' title='bbox 556 3333 715 3386; x_wconf 81' lang='lat' dir='ltr'><em>Augusti</em></span> <span class='ocrx_word' id='word_1_409' title='bbox 732 3333 920 3372; x_wconf 83' lang='lat' dir='ltr'><em>radiatum</em></span> <span class='ocrx_word' id='word_1_410' title='bbox 933 3359 945 3379; x_wconf 86' lang='lat'>,</span> <span class='ocrx_word' id='word_1_411' title='bbox 975 3344 1064 3372; x_wconf 81' lang='lat' dir='ltr'><em>ante</em></span> <span class='ocrx_word' id='word_1_412' title='bbox 1084 3331 1194 3386; x_wconf 91' lang='lat' dir='ltr'><em>quod</em></span> <span class='ocrx_word' id='word_1_413' title='bbox 1214 3330 1367 3371; x_wconf 90' lang='lat' dir='ltr'><em>fulmen.</em></span> 
     </span>
    </p>
   </div>
   <div class='ocr_carea' id='block_1_12' title="bbox 296 3409 2387 3964">
    <p class='ocr_par' dir='ltr' id='par_1_12' title="bbox 296 3409 2387 3964">
     <span class='ocr_line' id='line_1_36' title="bbox 352 3409 2384 3470; baseline 0.002 -19"><span class='ocrx_word' id='word_1_414' title='bbox 352 3412 505 3454; x_wconf 81' lang='lat' dir='ltr'><em>Colonia</em></span> <span class='ocrx_word' id='word_1_415' title='bbox 529 3410 753 3461; x_wconf 71' lang='lat' dir='ltr'><em>Romulensts</em></span> <span class='ocrx_word' id='word_1_416' title='bbox 776 3423 910 3450; x_wconf 84' lang='lat' dir='ltr'><em>vocata</em></span> <span class='ocrx_word' id='word_1_417' title='bbox 926 3410 981 3450; x_wconf 91' lang='lat' dir='ltr'><em>est</em></span> <span class='ocrx_word' id='word_1_418' title='bbox 999 3409 1166 3464; x_wconf 83' lang='lat' dir='ltr'><em>Hispalis</em></span> <span class='ocrx_word' id='word_1_419' title='bbox 1183 3436 1194 3455; x_wconf 92' lang='lat'>‚</span> <span class='ocrx_word' id='word_1_420' title='bbox 1222 3410 1311 3450; x_wconf 89' lang='lat' dir='ltr'><em>urbs</em></span> <span class='ocrx_word' id='word_1_421' title='bbox 1329 3409 1485 3449; x_wconf 83' lang='lat' dir='ltr'><em>Boeticae</em></span> <span class='ocrx_word' id='word_1_422' title='bbox 1499 3436 1510 3456; x_wconf 85' lang='lat'>‚</span> <span class='ocrx_word' id='word_1_423' title='bbox 1537 3419 1582 3450; x_wconf 90' lang='lat' dir='ltr'><em>ut</em></span> <span class='ocrx_word' id='word_1_424' title='bbox 1598 3410 1712 3450; x_wconf 87' lang='lat' dir='ltr'>tradit</span> <span class='ocrx_word' id='word_1_425' title='bbox 1731 3409 1873 3450; x_wconf 88' lang='lat' dir='ltr'><em>Plinius</em></span> <span class='ocrx_word' id='word_1_426' title='bbox 1889 3410 1949 3451; x_wconf 93' lang='lat' dir='ltr'><em>lib.</em></span> <span class='ocrx_word' id='word_1_427' title='bbox 1971 3424 2006 3464; x_wconf 81' lang='lat'><em>3.</em></span> <span class='ocrx_word' id='word_1_428' title='bbox 2029 3426 2112 3466; x_wconf 82' lang='lat' dir='ltr'><em>cap.</em></span> <span class='ocrx_word' id='word_1_429' title='bbox 2137 3427 2168 3454; x_wconf 92' lang='lat'><em>1.</em></span> <span class='ocrx_word' id='word_1_430' title='bbox 2197 3415 2246 3455; x_wconf 91' lang='lat' dir='ltr'><em>ad</em></span> <span class='ocrx_word' id='word_1_431' title='bbox 2266 3430 2384 3470; x_wconf 86' lang='lat' dir='ltr'><em>quam</em></span> 
     </span>
     <span class='ocr_line' id='line_1_37' title="bbox 296 3465 2386 3527; baseline -0.002 -17"><span class='ocrx_word' id='word_1_432' title='bbox 296 3469 460 3526; x_wconf 88' lang='lat' dir='ltr'><em>pertinet</em></span> <span class='ocrx_word' id='word_1_433' title='bbox 479 3479 653 3505; x_wconf 87' lang='lat' dir='ltr'><em>nummus</em></span> <span class='ocrx_word' id='word_1_434' title='bbox 674 3466 822 3511; x_wconf 50' lang='lat' dir='ltr'><em>noller,</em></span> <span class='ocrx_word' id='word_1_435' title='bbox 853 3480 931 3505; x_wconf 86' lang='lat' dir='ltr'><em>non</em></span> <span class='ocrx_word' id='word_1_436' title='bbox 951 3477 1079 3506; x_wconf 86' lang='lat' dir='ltr'><em>autem</em></span> <span class='ocrx_word' id='word_1_437' title='bbox 1097 3465 1146 3504; x_wconf 94' lang='lat' dir='ltr'><em>ad</em></span> <span class='ocrx_word' id='word_1_438' title='bbox 1164 3465 1387 3505; x_wconf 82' lang='lat' dir='ltr'><em>Romanum</em></span> <span class='ocrx_word' id='word_1_439' title='bbox 1409 3465 1665 3519; x_wconf 80' lang='lat' dir='ltr'><em>Delphinatus</em></span> <span class='ocrx_word' id='word_1_440' title='bbox 1688 3465 1738 3504; x_wconf 88' lang='lat' dir='ltr'><em>ad</em></span> <span class='ocrx_word' id='word_1_441' title='bbox 1757 3465 1932 3506; x_wconf 66' lang='lat' dir='ltr'><em>His-aram</em></span> <span class='ocrx_word' id='word_1_442' title='bbox 1947 3467 2136 3520; x_wconf 90' lang='lat' dir='ltr'><em>oppidum</em></span> <span class='ocrx_word' id='word_1_443' title='bbox 2153 3496 2165 3516; x_wconf 86' lang='lat'>,</span> <span class='ocrx_word' id='word_1_444' title='bbox 2193 3471 2249 3511; x_wconf 91' lang='lat' dir='ltr'><em>uti</em></span> <span class='ocrx_word' id='word_1_445' title='bbox 2267 3486 2386 3527; x_wconf 76' lang='lat' dir='ltr'><em>augu-</em></span> 
     </span>
     <span class='ocr_line' id='line_1_38' title="bbox 298 3517 2387 3578; baseline -0.002 -12"><span class='ocrx_word' id='word_1_446' title='bbox 298 3538 399 3566; x_wconf 82' lang='lat' dir='ltr'><em>ratur</em></span> <span class='ocrx_word' id='word_1_447' title='bbox 414 3521 611 3561; x_wconf 75' lang='lat' dir='ltr'><em>Tristanus</em></span> <span class='ocrx_word' id='word_1_448' title='bbox 631 3533 721 3559; x_wconf 88' lang='lat' dir='ltr'><em>torn.</em></span> <span class='ocrx_word' id='word_1_449' title='bbox 749 3535 779 3559; x_wconf 82' lang='grc' dir='ltr'><em>ῐ.</em></span> <span class='ocrx_word' id='word_1_450' title='bbox 799 3534 883 3572; x_wconf 83' lang='lat' dir='ltr'><em>pag.</em></span> <span class='ocrx_word' id='word_1_451' title='bbox 909 3535 951 3560; x_wconf 85' lang='lat'><em>12</em></span> <span class='ocrx_word' id='word_1_452' title='bbox 964 3535 996 3570; x_wconf 71' lang='grc' dir='ltr'><em>ς.</em></span> <span class='ocrx_word' id='word_1_453' title='bbox 1019 3521 1083 3560; x_wconf 90' lang='lat' dir='ltr'><em>ubi</em></span> <span class='ocrx_word' id='word_1_454' title='bbox 1101 3520 1237 3561; x_wconf 72' lang='lat' dir='ltr'><em>diserte</em></span> <span class='ocrx_word' id='word_1_455' title='bbox 1255 3521 1304 3560; x_wconf 91' lang='lat' dir='ltr'><em>de</em></span> <span class='ocrx_word' id='word_1_456' title='bbox 1326 3520 1532 3576; x_wconf 87' lang='lat' dir='ltr'><em>magnifico</em></span> <span class='ocrx_word' id='word_1_457' title='bbox 1552 3521 1617 3561; x_wconf 91' lang='lat' dir='ltr'><em>illo</em></span> <span class='ocrx_word' id='word_1_458' title='bbox 1635 3521 1843 3560; x_wconf 73' lang='lat' dir='ltr'><em>Genitricis</em></span> <span class='ocrx_word' id='word_1_459' title='bbox 1860 3522 1976 3561; x_wconf 71' lang='lat' dir='ltr'><em>Orbis</em></span> <span class='ocrx_word' id='word_1_460' title='bbox 1991 3522 2102 3562; x_wconf 89' lang='lat' dir='ltr'><em>titulo</em></span> <span class='ocrx_word' id='word_1_461' title='bbox 2120 3551 2130 3569; x_wconf 90' lang='lat'>,</span> <span class='ocrx_word' id='word_1_462' title='bbox 2162 3538 2280 3578; x_wconf 90' lang='lat' dir='ltr'><em>quem</em></span> <span class='ocrx_word' id='word_1_463' title='bbox 2300 3517 2387 3569; x_wconf 78' lang='lat' dir='ltr'><em>Ro..</em></span> 
     </span>
     <span class='ocr_line' id='line_1_39' title="bbox 299 3575 2384 3631; baseline 0.001 -10"><span class='ocrx_word' id='word_1_464' title='bbox 299 3577 486 3621; x_wconf 87' lang='lat' dir='ltr'><em>mulenscs</em></span> <span class='ocrx_word' id='word_1_465' title='bbox 502 3575 662 3613; x_wconf 86' lang='lat' dir='ltr'><em>Tiberio</em></span> <span class='ocrx_word' id='word_1_466' title='bbox 687 3575 880 3614; x_wconf 82' lang='lat' dir='ltr'><em>adulantes</em></span> <span class='ocrx_word' id='word_1_467' title='bbox 897 3602 907 3620; x_wconf 89' lang='lat'>‚</span> <span class='ocrx_word' id='word_1_468' title='bbox 931 3576 1043 3628; x_wconf 71' lang='lat' dir='ltr'><em>Julia:</em></span> <span class='ocrx_word' id='word_1_469' title='bbox 1065 3576 1148 3628; x_wconf 82' lang='lat' dir='ltr'><em>ejus</em></span> <span class='ocrx_word' id='word_1_470' title='bbox 1175 3577 1283 3616; x_wconf 89' lang='lat' dir='ltr'><em>matri</em></span> <span class='ocrx_word' id='word_1_471' title='bbox 1310 3578 1521 3616; x_wconf 89' lang='lat' dir='ltr'><em>tribuerunt</em></span> <span class='ocrx_word' id='word_1_472' title='bbox 1540 3590 1547 3614; x_wconf 94' lang='lat'>:</span> <span class='ocrx_word' id='word_1_473' title='bbox 1575 3576 1686 3616; x_wconf 90' lang='lat' dir='ltr'><em>multi</em></span> <span class='ocrx_word' id='word_1_474' title='bbox 1705 3576 1807 3616; x_wconf 90' lang='lat' dir='ltr'><em>enim</em></span> <span class='ocrx_word' id='word_1_475' title='bbox 1831 3575 1900 3628; x_wconf 77' lang='lat' dir='ltr'><em>ipsi</em></span> <span class='ocrx_word' id='word_1_476' title='bbox 1926 3576 2069 3617; x_wconf 87' lang='lat' dir='ltr'><em>decreti</em></span> <span class='ocrx_word' id='word_1_477' title='bbox 2092 3579 2178 3619; x_wconf 86' lang='lat' dir='ltr'><em>sunt</em></span> <span class='ocrx_word' id='word_1_478' title='bbox 2194 3580 2384 3631; x_wconf 87' lang='lat' dir='ltr'><em>honores,</em></span> 
     </span>
     <span class='ocr_line' id='line_1_40' title="bbox 299 3628 2382 3689; baseline 0.001 -16"><span class='ocrx_word' id='word_1_479' title='bbox 299 3634 405 3689; x_wconf 81' lang='lat' dir='ltr'><em>apud</em></span> <span class='ocrx_word' id='word_1_480' title='bbox 425 3632 593 3672; x_wconf 80' lang='lat' dir='ltr'><em>Dionem</em></span> <span class='ocrx_word' id='word_1_481' title='bbox 610 3628 673 3667; x_wconf 76' lang='lat' dir='ltr'><em>lib.</em></span> <span class='ocrx_word' id='word_1_482' title='bbox 698 3643 757 3678; x_wconf 76' lang='lat'><em>57.</em></span> <span class='ocrx_word' id='word_1_483' title='bbox 776 3644 860 3682; x_wconf 76' lang='lat' dir='ltr'><em>pag.</em></span> <span class='ocrx_word' id='word_1_484' title='bbox 880 3639 970 3675; x_wconf 81' lang='lat'><strong>609.</strong></span> <span class='ocrx_word' id='word_1_485' title='bbox 1004 3635 1074 3674; x_wconf 57' lang='lat' dir='ltr'><em>Ofiw</em></span> <span class='ocrx_word' id='word_1_486' title='bbox 1091 3633 1168 3668; x_wconf 61' lang='grc' dir='ltr'><em>δι’)λοί</em></span> <span class='ocrx_word' id='word_1_487' title='bbox 1181 3649 1209 3668; x_wconf 80' lang='grc' dir='ltr'><em>τε</em></span> <span class='ocrx_word' id='word_1_488' title='bbox 1225 3635 1279 3675; x_wconf 76' lang='grc' dir='ltr'><em>ἕξω</em></span> <span class='ocrx_word' id='word_1_489' title='bbox 1295 3632 1316 3672; x_wconf 63' lang='grc' dir='ltr'><em>ξ</em></span> <span class='ocrx_word' id='word_1_490' title='bbox 1329 3633 1513 3679; x_wconf 44' lang='lat' dir='ltr'><em>versit-eciam&amp;</em></span> <span class='ocrx_word' id='word_1_491' title='bbox 1530 3636 1672 3680; x_wconf 72' lang='grc' dir='ltr'><em>ἐσῑφὲρεπ</em></span> <span class='ocrx_word' id='word_1_492' title='bbox 1688 3656 1698 3671; x_wconf 84' lang='grc'>,</span> <span class='ocrx_word' id='word_1_493' title='bbox 1724 3636 1747 3684; x_wconf 56' lang='lat'><em>7}</em></span> <span class='ocrx_word' id='word_1_494' title='bbox 1764 3637 1849 3666; x_wconf 62' lang='lat' dir='ltr'><em>mmai</em></span> <span class='ocrx_word' id='word_1_495' title='bbox 1864 3630 1917 3678; x_wconf 55' lang='grc' dir='ltr'><em>μῼι)</em></span> <span class='ocrx_word' id='word_1_496' title='bbox 1931 3638 2051 3680; x_wconf 47' lang='lat' dir='ltr'><em>unffi&amp;</em></span> <span class='ocrx_word' id='word_1_497' title='bbox 2066 3635 2164 3671; x_wconf 53' lang='lat' dir='ltr'><em>adela&gt;</em></span> <span class='ocrx_word' id='word_1_498' title='bbox 2180 3638 2207 3672; x_wconf 54' lang='grc' dir='ltr'><em>ἰς</em></span> <span class='ocrx_word' id='word_1_499' title='bbox 2223 3644 2382 3683; x_wconf 69' lang='grc' dir='ltr'><em>ποιτξίδος,</em></span> 
     </span>
     <span class='ocr_line' id='line_1_41' title="bbox 299 3685 2385 3741; baseline 0.002 -13"><span class='ocrx_word' id='word_1_500' title='bbox 299 3699 387 3730; x_wconf 55' lang='lat' dir='ltr'><em>mmo}</em></span> <span class='ocrx_word' id='word_1_501' title='bbox 408 3693 440 3726; x_wconf 65' lang='grc' dir='ltr'><em>δὲ</em></span> <span class='ocrx_word' id='word_1_502' title='bbox 462 3694 484 3739; x_wconf 66' lang='lat'><em>›37</em></span> <span class='ocrx_word' id='word_1_503' title='bbox 509 3693 589 3736; x_wconf 59' lang='lat' dir='ltr'><em>wion</em></span> <span class='ocrx_word' id='word_1_504' title='bbox 605 3687 858 3732; x_wconf 56' lang='grc' dir='ltr'><em>οτϋσαγορᾶἷεῶω</em></span> <span class='ocrx_word' id='word_1_505' title='bbox 875 3688 999 3732; x_wconf 68' lang='grc' dir='ltr'><em>γνώμῐω</em></span> <span class='ocrx_word' id='word_1_506' title='bbox 1016 3690 1140 3723; x_wconf 62' lang='grc' dir='ltr'><em>ἔδωκαν.</em></span> <span class='ocrx_word' id='word_1_507' title='bbox 1175 3686 1283 3726; x_wconf 83' lang='lat' dir='ltr'><em>Hinc</em></span> <span class='ocrx_word' id='word_1_508' title='bbox 1304 3687 1425 3725; x_wconf 86' lang='lat' dir='ltr'><em>multa</em></span> <span class='ocrx_word' id='word_1_509' title='bbox 1455 3696 1568 3726; x_wconf 81' lang='lat' dir='ltr'><em>extra</em></span> <span class='ocrx_word' id='word_1_510' title='bbox 1592 3685 1893 3737; x_wconf 68' lang='lat' dir='ltr'><em>confitetudinem</em></span> <span class='ocrx_word' id='word_1_511' title='bbox 1915 3687 2059 3741; x_wconf 73' lang='lat' dir='ltr'><em>Populi</em></span> <span class='ocrx_word' id='word_1_512' title='bbox 2077 3689 2243 3729; x_wconf 80' lang='lat' dir='ltr'><em>Romam·</em></span> <span class='ocrx_word' id='word_1_513' title='bbox 2266 3697 2385 3734; x_wconf 85' lang='lat' dir='ltr'><em>intro-</em></span> 
     </span>
     <span class='ocr_line' id='line_1_42' title="bbox 299 3740 2381 3794; baseline -0.001 -6"><span class='ocrx_word' id='word_1_514' title='bbox 299 3747 414 3788; x_wconf 58' lang='lat' dir='ltr'><em>duaa</em></span> <span class='ocrx_word' id='word_1_515' title='bbox 433 3772 444 3791; x_wconf 84' lang='lat'>‚</span> <span class='ocrx_word' id='word_1_516' title='bbox 471 3742 692 3794; x_wconf 77' lang='lat' dir='ltr'><em>inventique</em></span> <span class='ocrx_word' id='word_1_517' title='bbox 714 3740 819 3777; x_wconf 79' lang='lat' dir='ltr'><em>haud</em></span> <span class='ocrx_word' id='word_1_518' title='bbox 834 3741 973 3791; x_wconf 81' lang='lat' dir='ltr'><em>pauci,</em></span> <span class='ocrx_word' id='word_1_519' title='bbox 1010 3743 1073 3794; x_wconf 78' lang='lat' dir='ltr'><em>qui</em></span> <span class='ocrx_word' id='word_1_520' title='bbox 1095 3740 1266 3780; x_wconf 77' lang='lat' dir='ltr'><em>Matrem</em></span> <span class='ocrx_word' id='word_1_521' title='bbox 1293 3756 1373 3780; x_wconf 85' lang='lat' dir='ltr'><em>eam</em></span> <span class='ocrx_word' id='word_1_522' title='bbox 1400 3741 1554 3781; x_wconf 76' lang='lat' dir='ltr'><em>‘Patriae</em></span> <span class='ocrx_word' id='word_1_523' title='bbox 1579 3755 1627 3780; x_wconf 85' lang='lat' dir='ltr'><em>ac</em></span> <span class='ocrx_word' id='word_1_524' title='bbox 1649 3741 1879 3781; x_wconf 81' lang='lat' dir='ltr'><em>Genitricem</em></span> <span class='ocrx_word' id='word_1_525' title='bbox 1899 3742 2159 3794; x_wconf 81' lang='lat' dir='ltr'><em>appellandam</em></span> <span class='ocrx_word' id='word_1_526' title='bbox 2183 3745 2381 3793; x_wconf 73' lang='lat' dir='ltr'><em>censerent.</em></span> 
     </span>
     <span class='ocr_line' id='line_1_43' title="bbox 298 3794 2382 3847; baseline 0 -4"><span class='ocrx_word' id='word_1_527' title='bbox 298 3802 498 3843; x_wconf 84' lang='lat' dir='ltr'><em>Nummus</em></span> <span class='ocrx_word' id='word_1_528' title='bbox 522 3797 692 3837; x_wconf 88' lang='lat' dir='ltr'><em>Dionem</em></span> <span class='ocrx_word' id='word_1_529' title='bbox 718 3794 869 3833; x_wconf 87' lang='lat' dir='ltr'><em>illustrat</em></span> <span class='ocrx_word' id='word_1_530' title='bbox 884 3821 895 3839; x_wconf 86' lang='lat'>,</span> <span class='ocrx_word' id='word_1_531' title='bbox 924 3794 1003 3833; x_wconf 78' lang='lat' dir='ltr'><em>imo</em></span> <span class='ocrx_word' id='word_1_532' title='bbox 1031 3795 1261 3847; x_wconf 87' lang='lat' dir='ltr'><em>locupletare</em></span> <span class='ocrx_word' id='word_1_533' title='bbox 1285 3796 1437 3836; x_wconf 87' lang='lat' dir='ltr'><em>videtur</em></span> <span class='ocrx_word' id='word_1_534' title='bbox 1453 3824 1464 3842; x_wconf 93' lang='lat'>,</span> <span class='ocrx_word' id='word_1_535' title='bbox 1495 3798 1583 3836; x_wconf 80' lang='lat' dir='ltr'><em>cum</em></span> <span class='ocrx_word' id='word_1_536' title='bbox 1601 3796 1663 3835; x_wconf 90' lang='lat' dir='ltr'><em>hic</em></span> <span class='ocrx_word' id='word_1_537' title='bbox 1679 3796 1890 3836; x_wconf 84' lang='lat' dir='ltr'><em>vocandam</em></span> <span class='ocrx_word' id='word_1_538' title='bbox 1911 3797 2013 3836; x_wconf 89' lang='lat' dir='ltr'><em>illam</em></span> <span class='ocrx_word' id='word_1_539' title='bbox 2037 3798 2191 3838; x_wconf 73' lang='lat' dir='ltr'><em>Patriae</em></span> <span class='ocrx_word' id='word_1_540' title='bbox 2212 3800 2382 3843; x_wconf 56' lang='lat' dir='ltr'><em>[Matrem</em></span> 
     </span>
     <span class='ocr_line' id='line_1_44' title="bbox 299 3849 2382 3905; baseline -0.002 -6"><span class='ocrx_word' id='word_1_541' title='bbox 299 3856 448 3899; x_wconf 83' lang='lat' dir='ltr'><em>censeat</em></span> <span class='ocrx_word' id='word_1_542' title='bbox 464 3882 475 3900; x_wconf 89' lang='lat'>‚</span> <span class='ocrx_word' id='word_1_543' title='bbox 504 3863 682 3892; x_wconf 88' lang='lat' dir='ltr'><em>nummus</em></span> <span class='ocrx_word' id='word_1_544' title='bbox 700 3862 826 3888; x_wconf 86' lang='lat' dir='ltr'><em>autem</em></span> <span class='ocrx_word' id='word_1_545' title='bbox 843 3862 926 3887; x_wconf 90' lang='lat' dir='ltr'><em>eam</em></span> <span class='ocrx_word' id='word_1_546' title='bbox 947 3849 1062 3888; x_wconf 83' lang='lat' dir='ltr'><em>Orbis</em></span> <span class='ocrx_word' id='word_1_547' title='bbox 1080 3851 1308 3888; x_wconf 78' lang='lat' dir='ltr'><em>(ienitricem</em></span> <span class='ocrx_word' id='word_1_548' title='bbox 1325 3852 1490 3904; x_wconf 81' lang='lat' dir='ltr'><em>appellet</em></span> <span class='ocrx_word' id='word_1_549' title='bbox 1506 3871 1517 3897; x_wconf 80' lang='lat'><em>3</em></span> <span class='ocrx_word' id='word_1_550' title='bbox 1546 3851 1638 3890; x_wconf 89' lang='lat' dir='ltr'><em>ideo</em></span> <span class='ocrx_word' id='word_1_551' title='bbox 1657 3851 1776 3905; x_wconf 90' lang='lat' dir='ltr'><em>globo</em></span> <span class='ocrx_word' id='word_1_552' title='bbox 1797 3851 1852 3890; x_wconf 89' lang='lat' dir='ltr'><em>est</em></span> <span class='ocrx_word' id='word_1_553' title='bbox 1868 3851 2043 3905; x_wconf 83' lang='lat' dir='ltr'><em>impolita</em></span> <span class='ocrx_word' id='word_1_554' title='bbox 2056 3879 2067 3897; x_wconf 85' lang='lat'>‚</span> <span class='ocrx_word' id='word_1_555' title='bbox 2104 3856 2141 3891; x_wconf 86' lang='lat'>&amp;</span> <span class='ocrx_word' id='word_1_556' title='bbox 2161 3854 2271 3895; x_wconf 87' lang='lat' dir='ltr'><em>Luna</em></span> <span class='ocrx_word' id='word_1_557' title='bbox 2287 3858 2382 3898; x_wconf 87' lang='lat' dir='ltr'><em>cres-</em></span> 
     </span>
     <span class='ocr_line' id='line_1_45' title="bbox 299 3903 2380 3964; baseline -0.001 -10"><span class='ocrx_word' id='word_1_558' title='bbox 299 3927 388 3954; x_wconf 85' lang='lat' dir='ltr'><em>cens</em></span> <span class='ocrx_word' id='word_1_559' title='bbox 407 3911 516 3964; x_wconf 86' lang='lat' dir='ltr'><em>supra</em></span> <span class='ocrx_word' id='word_1_560' title='bbox 533 3918 671 3960; x_wconf 85' lang='lat' dir='ltr'><em>caput,</em></span> <span class='ocrx_word' id='word_1_561' title='bbox 699 3916 880 3956; x_wconf 82' lang='lat' dir='ltr'><em>tanquam</em></span> <span class='ocrx_word' id='word_1_562' title='bbox 901 3903 961 3942; x_wconf 87' lang='lat' dir='ltr'><em>illa</em></span> <span class='ocrx_word' id='word_1_563' title='bbox 982 3903 1080 3944; x_wconf 86' lang='lat' dir='ltr'><em>foret</em></span> <span class='ocrx_word' id='word_1_564' title='bbox 1097 3904 1243 3944; x_wconf 88' lang='lat' dir='ltr'><em>Lucina</em></span> <span class='ocrx_word' id='word_1_565' title='bbox 1268 3917 1445 3958; x_wconf 88' lang='lat' dir='ltr'><em>partuum</em></span> <span class='ocrx_word' id='word_1_566' title='bbox 1467 3905 1601 3959; x_wconf 86' lang='lat' dir='ltr'><em>praeses</em></span> <span class='ocrx_word' id='word_1_567' title='bbox 1618 3932 1631 3952; x_wconf 84' lang='lat'><strong><em>,</em></strong></span> <span class='ocrx_word' id='word_1_568' title='bbox 1658 3906 1719 3946; x_wconf 92' lang='lat' dir='ltr'><em>vel</em></span> <span class='ocrx_word' id='word_1_569' title='bbox 1739 3917 1781 3946; x_wconf 89' lang='lat' dir='ltr'><em>ut</em></span> <span class='ocrx_word' id='word_1_570' title='bbox 1801 3907 1928 3947; x_wconf 89' lang='lat' dir='ltr'><em>innuit</em></span> <span class='ocrx_word' id='word_1_571' title='bbox 1942 3907 2142 3948; x_wconf 83' lang='lat' dir='ltr'><em>Tristanus</em></span> <span class='ocrx_word' id='word_1_572' title='bbox 2155 3935 2168 3954; x_wconf 96' lang='lat'>,</span> <span class='ocrx_word' id='word_1_573' title='bbox 2197 3921 2380 3963; x_wconf 87' lang='lat' dir='ltr'><em>tanquam</em></span> 
     </span>
    </p>
   </div>
   <div class='ocr_carea' id='block_1_13' title="bbox 2245 3965 2380 4007">
    <p class='ocr_par' dir='ltr' id='par_1_13' title="bbox 2245 3965 2380 4007">
     <span class='ocr_line' id='line_1_46' title="bbox 2245 3965 2380 4007; baseline 0.007 -1"><span class='ocrx_word' id='word_1_574' title='bbox 2245 3965 2380 4007; x_wconf 90' lang='lat' dir='ltr'><em>Venus</em></span> 
     </span>
    </p>
   </div>
  </div>
 </body>
</html>
