2491 4219
780 147 1091 214 JULIA
1171 149 1566 196 DoMNA.
2138 164 2200 208 ,η

111 222 243 265 videre
257 221 312 262 est
327 218 431 275 apud
446 219 672 261 Strabonem
686 216 747 258 lib.
768 230 803 256 2.
821 230 907 270 pag.
929 228 1016 269 134..
1048 225 1081 252 Eu
1097 219 1130 253 δὲ
1145 227 1196 255 πῖς
1213 218 1276 255 w&
1293 219 1501 263 Anegavspaav
1515 221 1610 264 μέρεστ
1627 221 1677 254 τῆς
1694 217 1854 262 mois&-
1882 213 1977 254 Inde
1992 215 2095 269 apud
2108 217 2200 255 Ale-

110 278 320 320 xandream
346 275 516 317 Troada.
555 275 682 315 Troas
708 283 836 313 autem
865 271 913 310 ab
943 271 1165 312 Alexandro
1182 272 1332 326 Magno
1348 271 1448 311 dic‘ta
1467 271 1521 310 est
1541 270 1805 316 Alexandria,
1834 281 1876 310 ut
1893 269 2081 310 diximus:
2109 273 2198 311 cum

109 345 240 376 autem
261 331 503 373 Troadenses
523 328 756 370 Caracallam
774 325 981 367 Alexandri
997 327 1135 383 Magni
1153 326 1228 367 effe
1246 325 1538 368 amantiffimum
1553 325 1824 380 intelligerent,
1852 336 1895 365 ut
1918 323 1988 378 ipsi
2003 324 2199 365 adularen-

110 401 191 435 tur,
220 401 364 428 nomen
393 384 631 427 Alexandriae
655 385 695 423 in
719 383 886 423 nummis
907 382 1138 422 addiderunt
1162 403 1173 428 -,
1203 383 1264 422 ille
1290 383 1391 423 enim
1416 382 1453 421 se
1484 379 1744 422 Alexandrum
1772 381 1860 420 vere
1881 379 2127 433 praedicabat,
2155 391 2198 421 ut

111 455 234 484 narrat
249 443 330 483 Dio
349 442 411 482 hb,
436 444 499 493 78,
524 455 610 494 pag
631 442 719 493 873.
749 441 802 479 Koax
825 443 878 475 εἰδὲ
899 447 993 476 ταῦτα
1013 438 1066 486 faga
1087 457 1126 475 wc
1147 441 1221 487 οάπῷ
1243 442 1371 488 ἐξήρκεσε
1389 465 1399 480 ,
1423 440 1499 475 οἱΐᾼοὶ
1523 443 1546 490 ³}
1564 439 1648 474 οἱυπῖν
1665 441 1770 473 ἐκεῖνον
1788 443 1858 473 Γιῶον
1877 439 2004 485 Αὸγεςσν
2021 443 2196 472 ἑπεκοιλᾶπ.

110 499 269 554 ‘Quibus
283 497 394 538 rebus
409 496 560 537 minime*
577 504 796 543 contentus,
810 493 896 548 st'fi'
911 495 1176 536 Alexandrum
1200 495 1433 535 Orientalem
1448 495 1658 548 Augustum
1678 493 1894 548 appellavit.
1941 493 2139 532 Nummus
2159 493 2199 533 in

104 555 217 610 Juliae
236 553 425 593 honorem
441 551 527 606 post
543 550 670 591 Severi
686 562 871 598 mortem,
899 554 987 592 cum
1003 551 1064 591 illa
1078 550 1276 593 Troadem
1292 549 1368 590 una
1392 563 1481 589 cum
1506 548 1698 590 Caracalla
1717 548 1895 595 venisset,
1923 547 2115 602 perculsus
2133 547 2197 587 est.

112 610 246 663 Equus
262 608 441 661 pascens,
469 606 518 646 ad
538 607 794 647 immunitates
811 607 912 647 urbis
928 605 1149 647 indicandas
1169 605 1335 659 lignatus
1356 605 1515 645 videtur.

165 686 248 727 Hic
263 699 434 727 nummus·
451 686 595 726 minimi
612 685 775 733 moduli,
801 685 827 725 a*
845 685 992 725 'Patina
1005 694 1090 738 pag.
1111 685 1202 732 289.
1220 683 1404 737 vuggatus
1413 710 1425 730 ‚
1452 686 1550 724 inter
1567 696 1669 724 raros
1684 681 1803 723 locum
1817 681 1952 722 habere
1972 689 2145 724 meretur.

955 785 1358 828 TYRUS.

113 1361 168 1416 iv
181 1384 206 1415 L
220 1387 234 1413 1
249 1387 273 1415 A
310 1387 337 1413 A
350 1386 376 1413 v
389 1387 415 1412 G
429 1385 456 1412 v
469 1385 487 1412 s
502 1380 526 1412 Τ
539 1385 582 1412 A.
611 1371 745 1426 Caput
761 1369 865 1424 Iulia:
881 1369 1060 1411 Domnae.

169 1444 192 1470 c
204 1444 230 1469 o
244 1444 268 1469 L
281 1444 307 1468 o
321 1442 364 1468 N.
397 1442 416 1467 s
431 1443 453 1468 E
470 1442 503 1467 P.
535 1441 558 1466 T
574 1441 598 1467 Y
613 1441 642 1467 R
653 1442 690 1467 o.
718 1428 758 1466 in
779 1426 857 1467 aliis
877 1442 901 1467 r
916 1441 941 1466 Y
956 1442 987 1468 R
1002 1441 1024 1466 v
1040 1440 1058 1465 s
1089 1438 1125 1465 M
1139 1440 1161 1465 E
1175 1440 1198 1466 T
1212 1436 1242 1468 R
1253 1441 1279 1467 o
1291 1440 1325 1466 P.
1357 1426 1512 1468 Colonia
1530 1425 1712 1481 Septimia
1731 1427 1850 1480 Tyrus
1864 1426 2095 1482 Aletropolis.
2126 1427 2208 1474 Bos,

223 1498 311 1525 ante
326 1483 434 1538 quod
450 1483 693 1537 conchylium
704 1509 716 1529 ‚
745 1486 783 1522 &
804 1497 911 1537 pone
927 1481 1105 1524 vexillum
1116 1509 1128 1528 ,
1155 1482 1194 1522 in
1215 1497 1298 1537 quo
1317 1497 1342 1523 L
1356 1498 1378 1522 E
1391 1497 1431 1523 o.
1464 1497 1479 1522 1
1492 1496 1507 1522 1
1520 1497 1547 1522 1.
1580 1497 1605 1523 G
1621 1497 1646 1522 A
1661 1497 1698 1523 r„

166 1562 294 1617 Tyrus
310 1561 360 1602 de
377 1561 584 1601 Phoenicioe
600 1561 814 1615 Metropoli
831 1572 917 1601 cum
927 1561 1070 1601 Sidone
1087 1561 1134 1601 ab
1147 1561 1308 1614 antiquo
1325 1562 1534 1602 decertavit
1549 1561 1654 1615 apud
1670 1561 1896 1603 Strabonem
1914 1561 1976 1601 lib.
1993 1566 2050 1600 16⁴
2062 1575 2098 1615 p.
2112 1574 2134 1612 7
2145 1563 2203 1610 56,

115 1618 279 1663 Αμῴίτεροα
296 1618 334 1658 dl:
351 1615 382 1650 ἕν
400 1616 524 1658 ἔνδοξοι,
549 1619 572 1666 »ᾖ
590 1617 748 1662 λαμπΐοιῖ,
773 1620 797 1667 >3¹5
815 1616 927 1655 numi,
943 1619 966 1666 »ὲ
978 1620 1044 1650 ναῦ·
1070 1616 1207 1661 ὁπῆπξφεν
1223 1618 1260 1658 dl:
1277 1616 1354 1653 olum
1368 1618 1432 1651 εἴπω
1447 1617 1618 1663 μητξόπῦλιν
1635 1621 1760 1651 Φοινίκων
1777 1641 1786 1656 ,
1813 1617 1874 1657 ἕως
1892 1621 1922 1651 ἐν
1937 1619 2120 1662 αἱμφοτέροας
2137 1615 2202 1652 ἐςῖν.

111 1667 216 1721 Ergo
242 1666 359 1705 ambae
384 1662 431 1707 <ly
456 1678 555 1704 nuuc
582 1663 627 1707 ὠ·
656 1667 875 1720 antiquitus
898 1665 1010 1705 clarae
1034 1664 1261 1720 illustresque
1281 1667 1396 1716 sunt,
1425 1666 1777 1722 controversscmque
1798 1675 1944 1711 manet,
1973 1675 2060 1704 utra
2079 1678 2206 1704 earum

113 1722 340 1763 Phoenicum
365 1718 586 1772 Metropolis
604 1719 681 1759 dici
699 1720 844 1760 debeat.
875 1719 1009 1760 Suidas
1032 1720 1162 1775 Tyriis
1182 1721 1423 1761 Hadrianum
1441 1721 1709 1774 Metropoleos
1738 1721 1961 1775 dignitatem
1987 1721 2025 1759 in
2047 1720 2205 1773 gratiam

113 1776 219 1818 Pauli
233 1775 345 1829 Tyrii
367 1774 580 1815 conceffiffe
601 1786 748 1821 narrat,
778 1776 888 1829 quod
911 1776 1114 1818 confirmat
1137 1790 1316 1817 nummus
1344 1778 1498 1824 nostcr3
1526 1777 1590 1816 scd
1606 1777 1725 1817 Sidon
1749 1776 1917 1816 Colonia
1937 1777 1983 1815 ab
2001 1775 2206 1830 Elagabalo

113 1832 337 1877 constituta,
367 1829 600 1884 Metropolis
615 1831 729 1870 etiam
747 1843 966 1885 nuncupata
982 1832 1055 1879 est,
1083 1844 1127 1874 ut
1142 1833 1239 1873 infra
1257 1833 1481 1873 videbimus.
1513 1833 1591 1872 Bos
1608 1832 1658 1872 ad
1678 1832 1816 1871 civium
1835 1831 2105 1871 deductionem
2124 1831 2205 1884 spe-

112 1888 189 1928 &at
205 1902 213 1925 ι
241 1885 419 1926 vexillum
443 1885 506 1924 seu
529 1884 698 1925 labarum
722 1886 761 1925 in
779 1900 860 1940 quo
884 1901 909 1926 L
922 1902 946 1926 E
960 1901 998 1927 G.
1033 1902 1047 1927 1
1060 1902 1114 1928 11.
1145 1902 1170 1927 G
1185 1903 1211 1929 A
1226 1904 1264 1929 L.
1294 1888 1508 1928 Veteranos
1522 1888 1635 1927 etiam
1658 1887 1836 1942 Legionis
1854 1887 1970 1927 tertiae
1989 1887 2144 1927 Gallicae
2160 1887 2200 1927 in

77 1969 82 1981 ‚
112 1941 311 1984 Phoenicia
327 1940 536 1981 hiemantes
553 1940 602 1979 ad
617 1954 701 1981 eam
718 1941 946 1982 transmissos
958 1942 1109 1984 indicat.
1140 1943 1424 1998 Conchyfium,
1454 1943 1555 1983 urbis
1570 1944 1665 1997 Tyri
1682 1943 1825 1998 insigne
1842 1944 1896 1983 est
1906 1971 1918 1990 ,
1946 1956 1992 1982 ex
2008 1943 2090 1994 ejus
2101 1942 2205 1985 enim

112 2010 248 2039 cruore
266 2009 480 2050 purpureus
498 1994 610 2036 fiebat
627 1996 689 2036 ille
707 1996 814 2036 color
833 2008 919 2037 toto
935 1998 1028 2039 orbe
1044 1998 1328 2045 celeberrimus,
1356 2011 1400 2039 ut
1417 1999 1529 2039 tradit
1546 1999 1679 2039 Strabo
1695 2013 1781 2053 pag.
1800 2012 1822 2050 7
1833 2011 1892 2050 57.
1922 2001 2004 2035 Πολι)
2018 2003 2049 2046 7}
2067 2001 2200 2044 ἐξήταςοκ

87 2094 91 2097 ,
114 2057 243 2096 πασῶνή
259 2053 358 2096 Tuffl'a
371 2058 486 2094 καγλίςη
502 2053 653 2103 πορφύρᾳ.
680 2051 794 2104 Tyria
809 2054 907 2091 enim
920 2063 1091 2106 purpura
1104 2056 1246 2105 optima
1263 2055 1425 2094 omnium
1431 2053 1665 2108 perhibetur,
1694 2054 1757 2094 De
1774 2067 1852 2108 qua
1871 2054 1978 2110 Virg.
1998 2055 2142 2112 Georg.
2166 2070 2202 2101 2.

760 2106 819 2146 Et
837 2107 945 2159 Tyrio
960 2108 1173 2161 conspefft'us
1187 2110 1228 2148 in
1244 2108 1347 2160 ostro.

114 2161 182 2205 Ad
207 2161 355 2219 Tyrum
384 2163 548 2218 pertinet
567 2160 678 2216 Juliae
703 2161 870 2202 Domnae
892 2176 1092 2208 nummus,
1120 2176 1239 2216 quem
1260 2163 1460 2203 Tristanus
1476 2173 1569 2203 tom.
1597 2176 1629 2204 2.
1653 2177 1737 2218 pag.
1760 2169 1848 2218 136.
1866 2165 1933 2205 sub
1950 2167 2108 2208 nomine
2127 2181 2145 2208 s
2163 2171 2204 2208 E.'

114 2231 214 2261 1³1-1Y
231 2232 331 2259 Rvs
360 2218 547 2273 vulgavit,
576 2221 614 2257 ὃς
640 2232 720 2258 non
744 2217 794 2257 ad
819 2217 1023 2271 Sephorim
1047 2217 1236 2266 Galilaeae,
1263 2230 1307 2259 ut
1331 2230 1441 2272 putat
1462 2219 1714 2272 Spanhemius
1738 2220 1831 2260 Diss'.
1850 2235 1887 2271 9.
1909 2235 1956 2275 pa
1988 2255 1995 2262 .
2017 2236 2110 2275 775.
2142 2224 2206 2265 De

111 2273 186 2316 hac
210 2274 349 2314 dubius
372 2273 489 2314 haeret
515 2273 669 2314 Patinus
697 2286 787 2326 323.
814 2274 882 2327 qui
911 2288 1023 2314 LEG.
1054 2288 1079 2314 x
1095 2287 1110 2313 1
1130 2287 1162 2313 1.
1193 2288 1264 2327 pro
1294 2288 1309 2313 1
1328 2288 1343 2313 1
1364 2288 1391 2313 1.
1417 2274 1541 2314 scribit
1563 2276 1602 2314 in
1619 2276 1768 2315 vexillo.
1797 2276 1874 2316 Pro
1893 2277 1967 2331 Sep
1979 2292 2069 2332 iyro
2086 2289 2205 2321 certat

112 2329 392 2372 Mediobarbus
412 2343 498 2384 pag.
526 2331 614 2381 283.
634 2334 672 2369 &
688 2328 990 2382 capedunculam
1008 2343 1080 2382 pro
1099 2329 1304 2382 conchylio
1320 2329 1430 2382 ponit
1450 2349 1461 2375 ·‚
1488 2329 1528 2368 P.
1544 2330 1770 2370 Harduinus
1788 2346 1872 2385 pag.
1898 2345 1985 2385 513.
2007 2348 2053 2374 ex
2071 2334 2207 2382 nostro

113 2385 243 2440 Regio
263 2384 453 2440 Catalogo
470 2384 562 2439 legit
579 2398 597 2423 s
612 2399 635 2424 E
649 2398 683 2423 P.
715 2398 739 2424 T
756 2397 779 2423 Y
795 2397 825 2423 R
837 2398 864 2424 v
878 2398 895 2423 s
907 2410 919 2431 ,
949 2384 1012 2425 sed
1026 2398 1192 2425 errorem
1215 2383 1339 2425 hausit
1357 2384 1481 2424 Patini
1505 2399 1532 2425 L
1547 2400 1569 2424 E
1583 2400 1621 2425 G.
1654 2400 1679 2425 x
1695 2400 1709 2425 t
1729 2399 1759 2425 1.
1781 2400 1852 2440 pro
1869 2401 1894 2426 L
1906 2401 1928 2426 E
1942 2402 1981 2427 G.
2015 2403 2031 2428 1
2051 2403 2067 2429 1
2086 2403 2115 2429 1.

118 2464 126 2487 Τ
168 2462 251 2503 Hic
264 2476 435 2504 nummus
441 2462 620 2515 secundae
625 2463 765 2517 forma*
777 2490 789 2511 ,
817 2462 840 2504 ri
858 2462 1028 2513 Tristano
1045 2472 1142 2504 tomo
1163 2477 1194 2502 2.
1207 2473 1298 2519 pag.
1325 2468 1410 2517 136.
1427 2463 1630 2519 vagatus,
1657 2466 1756 2504 mter
1772 2466 1930 2505 rariores
1947 2467 2199 2520 7·ecenst⁹ndus.

1024 2851 1277 2894 81ξῇἢῶἢῆ
