2491 4219
216 96 314 151 *186
727 92 1812 163 PHILIPPU81UN10R.

904 195 1415 262 CARJHAGO
1471 219 1632 272 Africae.

216 778 267 806 M.
299 778 315 806 1
328 779 406 807 vr„
436 776 496 806 PH
509 777 523 804 1
534 777 560 805 1,
573 775 588 803 1
599 776 620 803 P
632 775 654 802 P
667 775 693 803 v
706 775 737 802 s.
768 776 792 804 c
806 776 831 802 A
846 776 869 802 E
884 776 917 804 s.
958 764 1092 818 Caput
1107 763 1276 820 Philippi
1295 764 1375 804 fine
1390 763 1528 803 laurea.

272 836 307 862 c.
326 837 352 864 1.
374 837 410 862 c.
431 834 473 862 A.
499 835 539 860 D.
557 835 596 860 D.
627 818 781 860 Colonia
795 817 912 871 Julia
928 819 1121 875 Carthago
1134 821 1325 876 Antiqua.
1353 818 1528 858 Decreta
1539 818 1815 861 Decurionum.
1850 819 1961 875 Lupa
1976 834 2063 862 cum
2077 823 2260 877 puerulisss

268 901 435 944 Nummi
461 913 533 954 pro
557 908 714 939 moneta
741 897 904 952 usurpati
931 898 1017 950 post
1044 908 1210 938 mortem
1234 899 1346 938 unius
1367 897 1642 952 Imperatoris,
1673 913 1764 939 mox
1782 899 1821 938 in
1837 898 2026 941 honorem
2043 901 2135 942 novi
2151 901 2316 956 Augusti

213 959 458 1016 signabantur
474 983 486 1002 ,
516 955 592 995 hoc
608 954 723 995 etiam
748 953 948 1008 privilegio
968 953 1152 1007 Augustae
1173 957 1213 992 «Sc
1229 954 1397 994 Caesares
1415 954 1659 1009 gaudebant,
1688 966 1732 994 ut
1757 956 1905 995 nummi
1929 969 2016 996 cum
2036 970 2170 997 eorum
2188 956 2318 1014 effigie

213 1017 455 1059 cuderentur.
492 1008 811 1066 Carthaginenses
828 1008 967 1049 Africae
987 1008 1154 1048 simulac
1173 1007 1396 1065 Philippum
1418 1012 1458 1049 in
1474 1008 1639 1049 Oriente
1654 1008 1931 1064 Imperatorem
1947 1012 2248 1064 proclamatum,
2277 1016 2318 1054 &

215 1073 335 1114 filium
359 1070 441 1116 eius
463 1067 651 1108 Caesarem
679 1065 727 1106 ab
753 1064 818 1105 illo
842 1063 1082 1120 designatum
1105 1064 1373 1106 intellexerunt
1388 1092 1400 1111 ,
1428 1065 1584 1118 utrique
1601 1078 1782 1106 nummos
1799 1066 2057 1118 percusserunt
2072 1095 2085 1114 ,
2111 1067 2318 1123 praesertim

214 1130 304 1171 cum
322 1124 487 1178 Philippi
504 1137 550 1163 ex
560 1123 662 1177 Julia
677 1121 818 1162 familia
833 1119 953 1161 essent
968 1119 1121 1161 oriundi
1138 1147 1151 1167 ,
1182 1125 1221 1162 ὃ(
1237 1121 1436 1176 Carthago
1449 1119 1564 1174 Juliae
1583 1134 1728 1161 nomen
1747 1120 1906 1163 haberet
1921 1149 1934 1168 ,
1960 1122 2129 1163 Colonia
2145 1135 2276 1164 autem
2292 1125 2317 1165 ὲ

205 1184 316 1241 Jullo
332 1180 480 1222 Caesare
499 1179 663 1220 dedus&
683 1178 758 1224 est,
788 1188 830 1218 ut
847 1188 970 1217 narrat
986 1176 1085 1217 Plut.
1105 1177 1145 1216 in
1163 1178 1246 1231 ejus
1262 1178 1349 1218 vita.
1380 1177 1468 1217 ΑῧΞης
1482 1180 1678 1227 οἱνελοίμζοωε
1695 1182 1715 1214 „¹2-
1731 1183 1821 1227 δῆμον
1837 1181 1961 1218 {siolum
1983 1181 2031 1229 ’5925
2048 1182 2220 1228 σιτηρεσίοις·
2245 1183 2276 1218 ἰδ
2293 1183 2315 1231 ὃ

214 1236 418 1284 φατιωττνέν,
442 1237 600 1270 Σπσικιάις”
624 1233 661 1268 ὧν
677 1234 892 1276 ὃὲηφαονὲςαττὸί
908 1232 1073 1279 Κκξχηὸὠϊ
1086 1230 1134 1277 ²324
1149 1234 1314 1274 KCJUVS'&
1328 1230 1409 1271 ἦσαν·
1434 1231 1483 1269 οἷῖς
1497 1231 1546 1279 ’(931
1563 1233 1701 1280 ’πότερον
1719 1232 1773 1268 ‘dui
1787 1232 1897 1268 ἅλωσιν
1912 1257 1923 1274 ,
1947 1233 1995 1280 ›gy-¹5
2011 1234 2071 1269 τότε
2089 1233 2144 1270 ‘riui
2157 1235 2314 1279 ἀνάληψιν

211 1293 307 1339 ἄμμ’,
335 1294 358 1341 ‚3
377 1288 412 1335 ,ξς
428 1289 447 1322 ΐ-
462 1288 546 1322 avenn
561 1288 661 1337 χρόνον
675 1288 861 1333 ἀμφοτέρως
873 1285 992 1330 79sz
1010 1287 1181 1330 πωέτυχεν.
1220 1281 1412 1337 Populum
1430 1285 1568 1322 iterum
1587 1282 1705 1337 epulis
1723 1279 1771 1326 ἕν’
1788 1281 1930 1335 teffi’ris
1949 1285 2168 1324 annonariis
2183 1284 2318 1326 delini-

213 1348 279 1387 vit
288 1371 300 1391 ,
327 1343 469 1383 milites
483 1341 650 1381 Coloniis
663 1338 886 1379 deducendis
898 1366 910 1385 ,
937 1351 1096 1392 quarum
1097 1338 1264 1390 fuerunt
1281 1337 1487 1388 clariffi'mae
1506 1338 1699 1392 Carthago
1716 1337 1763 1383 (y
1782 1338 2010 1379 Corinthus:
2023 1340 2025 1344 ⁴
2037 1338 2173 1394 quibus
2189 1338 2238 1384 dy
2253 1354 2318 1381 ca·
2388 1333 2392 1341 ’

205 1404 253 1457 pi
271 1400 363 1440 ante*
385 1395 432 1441 ὠν
449 1405 541 1436 tunc
557 1396 757 1458 instaurari
775 1407 850 1434 una
867 1394 1065 1448 eademque
1082 1392 1295 1447 tempestate
1311 1393 1491 1434 ambabus
1507 1395 1677 1448 contigit.
1721 1394 1832 1448 Lupa
1851 1408 1939 1435 cum
1959 1395 2126 1449 puerulis
2141 1395 2318 1438 Romulo

208 1460 254 1496 ’δε
270 1455 423 1500 Remo,
450 1452 704 1492 Coloniarum
721 1451 987 1491 Romanarum
1002 1449 1215 1503 symbolum
1233 1449 1298 1489 est.

267 1510 308 1549 P.
329 1508 554 1549 Harduinus
570 1522 653 1562 pag.
679 1509 763 1548 108.
782 1505 946 1546 eandem
962 1505 1248 1558 inscriptionem
1265 1504 1363 1545 circa
1380 1503 1538 1545 similem
1557 1505 1594 1544 in
1623 1504 1818 1546 Caracalla
1845 1516 1983 1561 typum
2007 1519 2044 1546 c.
2074 1519 2104 1546 1.
2135 1519 2171 1546 c.
2202 1520 2245 1547 A.
2276 1521 2318 1549 n.

209 1578 253 1608 D.
283 1563 589 1627 Colonia-Julia-
604 1561 731 1614 Caesar
757 1560 931 1622 Augusta
957 1561 1131 1600 ‘Decreta
1156 1560 1422 1623 Dequrionum
1438 1587 1451 1609 ‚
1486 1562 1757 1615 interpretatur
1772 1589 1786 1609 ,
1820 1560 1887 1602 sed
1913 1561 2085 1617 superior
2107 1561 2319 1619 epigraphe

213 1634 333 1677 quam
352 1631 492 1674 rejicit,
521 1617 729 1660 renuenda.
760 1618 916 1656 Colonta
934 1615 1127 1671 Carthago
1147 1617 1339 1675 Antiqua.

269 1699 352 1741 Hic
366 1711 538 1740 nummus
552 1697 700 1738 minimi
715 1694 856 1737 moduli
861 1705 935 1752 pro
950 1695 1126 1750 rariffimo
1143 1693 1430 1752 computandus.

270 2247 307 2276 c.
339 2247 365 2274 1.
398 2246 433 2272 c.
466 2245 507 2270 A.
541 2242 582 2269 A.
613 2243 648 2269 P.
680 2225 834 2267 Colonia
853 2225 971 2288 Julia
986 2225 1180 2282 Carthago
1197 2226 1377 2280 Antiqua
1393 2224 1568 2280 Augusta
1586 2223 1680 2265 Pia.
1716 2222 1902 2266 Triremis
1925 2224 1967 2265 in
1983 2236 2062 2279 qua
2078 2223 2234 2279 figurae,
2261 2225 2324 2279 in}

327 2289 383 2328 fra
406 2301 445 2326 D.
474 2300 514 2326 D.
545 2284 717 2325 Decreta
737 2283 1009 2321 Decumnum.
2320 2287 2326 2291 ·

271 2367 379 2409 Cum
395 2365 545 2420 ignarus
562 2361 721 2419 quidam
738 2359 870 2402 artifex
887 2359 990 2400 hunc
1015 2371 1217 2404 nummum
1241 2356 1390 2398 erosum
1410 2356 1584 2398 resarcire
1604 2357 1738 2403 vellet,
1764 2356 1853 2412 post
1870 2356 2013 2411 primas
2036 2358 2322 2429 quatuoiblittea

216 2438 276 2466 ras
296 2438 329 2464 c.
360 2436 388 2462 1.
421 2436 454 2461 c.
487 2434 528 2459 Α.
548 2434 620 2474 pro
644 2417 781 2459 detrita
808 2431 848 2456 A.
866 2415 1056 2456 substituit
1072 2429 1110 2455 L.
1130 2418 1168 2454 &
1189 2413 1274 2467 post
1300 2426 1335 2453 P.
1361 2412 1510 2453 addidit
1531 2427 1573 2453 A.
1595 2412 1647 2453 ita
1664 2425 1706 2454 ut
1723 2413 1762 2452 in
1782 2426 1832 2452 eo
1851 2411 1998 2466 legatur
2016 2427 2050 2453 c.
2082 2426 2111 2453 1.
2142 2427 2182 2453 A.
2211 2427 2253 2456 L.
2282 2427 2321 2455 Ρ.

221 2495 262 2520 Α.
282 2491 400 2533 quam
418 2476 653 2531 epigraphen
673 2475 796 2514 Lucas
812 2472 1036 2514 Holstenius
1051 2470 1151 2510 Not.
1170 2470 1210 2509 in
1228 2468 1410 2523 Stephan.
1431 2482 1518 2522 pag.
1545 2482 1559 2508 1
1573 2474 1634 2519 56.
1650 2469 1700 2508 ad
1719 2467 1870 2522 Calpen
1888 2467 2079 2522 Bithyniae
2098 2468 2250 2516 urbem,-
2279 2472 2322 2510 δε

217 2536 274 2577 Ill.
291 2533 544 2588 Spanhemius
563 2530 656 2572 Diss‘.
673 2545 708 2580 9.
726 2544 810 2585 pag.
833 2533 922 2581 776.
943 2527 992 2567 ad
1009 2526 1161 2581 Calpen
1178 2524 1372 2579 Hispaniae
1391 2524 1580 2578 oppidum
1598 2535 1827 2564 revocarunt
1843 2543 1856 2570 ς
1883 2522 1949 2564 sed
1964 2537 2144 2564 nummus
2157 2523 2206 2564 ad
2224 2525 2322 2566 Car·

219 2591 416 2645 thaginem
435 2587 620 2642 pertinet,
650 2599 692 2626 ut
711 2584 924 2640 epigraphe
938 2584 1084 2638 integra
1098 2583 1196 2622 circa
1215 2581 1370 2621 fimilem
1390 2593 1525 2635 typum
1546 2580 1586 2620 in
1603 2579 1855 2620 Treboniano
1879 2578 1996 2619 Gallo
2017 2587 2140 2634 'quem
2155 2579 2323 2634 poffide÷

219 2661 327 2692 mus,
355 2645 524 2686 denotat.
565 2643 662 2683 Haec
689 2641 935 2695 Carthaginis
963 2639 1112 2679 nummi
1137 2637 1330 2690 inscriptio
1357 2637 1547 2690 superiore
1573 2635 1722 2676 duabus
1747 2634 1880 2676 litteris
1906 2648 1947 2674 A.
1978 2648 2014 2675 Ρ.
2043 2634 2215 2690 Augusta
2235 2635 2321 2677 ‘Pia

220 2702 382 2755 amplior
395 2700 470 2746 est,
499 2698 564 2738 sed
583 2697 669 2738 sunt
687 2697 859 2752 epitheta
876 2710 962 2750 quae
979 2694 1046 2735 fibi
1065 2694 1176 2735 facile
1193 2693 1357 2734 afferunt
1373 2692 1550 2733 Coloniae
1576 2707 1584 2732 ε
1614 2704 1732 2746 porro
1755 2690 1884 2746 magni
1910 2689 1996 2731 sunt
2017 2690 2206 2731 momenti
2232 2690 2322 2731 duze

221 2757 491 2810 subsequentes
504 2755 638 2795 litterae
658 2767 701 2793 A.
731 2767 775 2793 A.
805 2755 895 2793 cum
920 2752 1026 2793 litem
1051 2750 1229 2791 dirimant
1243 2750 1341 2790 inter
1356 2762 1425 2789 eos
1441 2748 1510 2803 qui
1529 2747 1694 2802 priorem
1714 2746 2111 2800 A.interpretabantut
2127 2745 2320 2800 Augusta,

221 2813 361 2865 rejefita
387 2810 698 2864 interpretatione
721 2810 921 2862 Antiqua,
948 2820 1065 2862 quam
1095 2806 1296 2861 Carthago
1326 2803 1464 2847 Africae
1487 2803 1636 2848 assumit
1661 2803 1712 2844 ad
1738 2800 2319 2857 distinffionem‘aCar-thagine

222 2868 440 2967 H‘iispaniae,
462 2878 558 2921 qua:¹
576 2864 700 2911 Nava
717 2863 937 2908 inscribitur.
976 2862 1162 2908 Trircmis
1180 2873 1247 2907 aut
1272 2859 1386 2901 fitum
1405 2857 1511 2902 'urbis
1534 2859 1584 2903 ad
1599 2873 1702 2901 mare
1710 2885 1724 2907 ,
1750 2871 1818 2905 aut
1831 2858 1916 2912 ejus
1938 2857 1979 2903 in
1995 2857 2089 2901 mati
2103 2858 2322 2912 potentiam

222 2938 261 2965 m
292 2934 390 2969 icat:
1194 2944 1197 2948 -
2326 2915 2329 2918 '

250 3000 362 3061 v*Hic
376 2988 871 3051 nummus-minimaefhrmae
890 2995 1090 3049 ra'rifflmus
1106 2993 1168 3048 'est.

1013 3099 1136 3141 co
1193 3095 1232 3139 E
1287 3095 1328 3139 L
1385 3062 1530 3162 L'j-ts.

235 3657 286 3685 M.
318 3655 333 3682 1
347 3656 372 3682 v
385 3654 423 3682 r..
453 3652 475 3679 Ρ
487 3654 514 3680 u
529 3653 543 3678 1
556 3653 580 3680 L
592 3654 607 3680 1
620 3654 655 3680 ι».
687 3652 710 3680 c
722 3652 748 3678 A
760 3652 796 3678 Ε.
825 3637 958 3691 Caput
974 3635 1140 3691 Philippi
1152 3633 1321 3689 Junioris
1340 3623 1502 3673 nudum.

290 3712 317 3737 A
330 3712 352 3737 E
367 3712 404 3737 L.
435 3708 472 3735 M
485 3709 511 3736 v
523 3708 552 3734 N
564 3708 579 3733 1
591 3710 613 3735 c
624 3708 639 3733 1
651 3709 685 3735 Ρ.
720 3708 743 3735 c
754 3709 780 3735 o
794 3708 817 3734 E
830 3708 870 3735 L.
900 3691 1083 3741 &Elium
1105 3691 1362 3744 Municipium
1388 3686 1661 3730 Coellutanum.
1689 3683 1808 3725 Prota
1825 3682 1933 3723 navis
1948 3707 1962 3728 ,
1994 3678 2156 3734 desuper
2179 3685 2315 3722 cornu-

345 3766 392 3791 co
422 3765 478 3790 lae.

289 3766 428 3868 Coeuz
457 3825 715 3880 Municipium
741 3827 793 3866 est
819 3825 1038 3870 Numidiae,
1067 3823 1134 3864 sub
1162 3822 1320 3864 nornine
1351 3819 1452 3862 Culli
1475 3820 1514 3860 in
1545 3818 1672 3860 Itiner.
1700 3814 1887 3856 Antonini
1912 3813 1978 3854 Pii.
2006 3812 2175 3854 Vistoris
2194 3813 2316 3868 Episc.

234 3882 448 3928 Cullitenfis
467 3883 639 3924 meminit
654 3881 806 3922 collatio
822 3879 1156 3938 Carthaginensis,
1183 3878 1264 3920 haec
1288 3877 1377 3919 urbs
1397 3874 1604 3930 Municipii
1618 3872 1803 3927 dignitate
1828 3870 1972 3913 donata
1994 3867 2145 3911 videtur
2159 3869 2218 3964 db
2235 3869 2318 3909 Ha-

2145 3948 2149 3953 ·
2189 3937 2318 3972 nano,
