2574 4214
264 178 329 234 240
1020 176 1062 225 Α
1098 178 1146 226 U
1187 179 1228 225 G
1266 173 1314 225 U
1344 170 1377 225 S
1415 171 1460 223 T
1497 175 1543 224 U
1579 178 1620 225 S.

625 246 629 253 '
754 286 759 289 ,
967 243 1168 284 Militibus
1175 245 1357 299 'promiffa
1378 243 1582 300 Triquetra
1693 278 1695 281 ,

742 296 916 339 Praemin
934 299 1080 350 Caesar,
1106 314 1157 339 an
1177 299 1228 351 est
1246 299 1354 339 Itala
1371 301 1504 340 tellure
1520 299 1682 338 daturus
1694 295 1717 338 ?
1820 350 1823 353 ῃ

269 350 369 390 Haec
392 351 505 391 trium
530 352 725 392 femorum
751 353 948 408 symbolo,
978 367 1066 407 quae
1083 355 1124 394 in
1142 354 1432 395 numismatibus
1453 366 1625 395 extrema
1649 353 1706 393 sui
1724 357 1840 407 <parte
1863 352 1914 394 ad
1934 363 2053 409 caput
2066 356 2378 406 connestuntur,

268 407 316 446 ab
333 407 558 460 antiquitate
575 407 743 461 expressa
754 409 828 448 est.

323 460 528 501 Proconl'ul
553 463 756 515 provinciae
781 463 848 503 sub
876 476 957 516 quo
982 462 1091 502 cusus
1117 462 1172 501 est
1190 475 1373 503 nummus
1389 490 1401 510 ‚
1422 463 1569 519 *legitur
1592 463 1662 502 Cn.
1681 463 1912 511 Domitius,
1942 465 1986 505 L.
2009 466 2174 507 Domitii
2194 470 2233 506 ὃς
2254 468 2379 508 Anto-

267 514 340 554 nia:
356 517 512 556 minoris
530 516 648 562 filius,
678 518 745 571 qui
762 518 984 573 Agrippinae
997 516 1141 568 juniori
1158 516 1287 571 nupsit
1303 531 1408 556 anno
1428 518 1481 558 U.
1502 519 1551 558 C.
1570 520 1664 568 780.
1685 531 1730 560 ut
1746 520 1860 560 tradit
1874 520 2036 561 Tacitus
2056 525 2207 573 Ann.4.
2226 522 2267 562 in
2287 521 2377 564 fine.

267 570 456 610 Caeteritm
484 571 655 610 Tiberim
678 582 824 626 neptem
848 574 1098 625 Agrtppinam
1123 570 1345 611 Germanico
1369 580 1493 611 ortam
1526 572 1612 612 cum
1632 587 1757 614 coram
1778 576 1845 614 Cn.
1864 576 2046 616 ‘Domitio
2065 577 2281 631 tradidfft
2296 605 2310 625 ,
2335 580 2379 619 in

267 625 357 664 urbe
372 626 550 664 celebrari
564 629 720 680 nuptias
732 627 847 680 jufflt.
877 626 1133 666 Consulatum
1147 626 1211 667 ille
1229 626 1340 682 geffit
1354 641 1402 667 ex
1415 627 1561 668 'eodem
1580 631 1614 668 δε
1636 628 1768 669 Dione
1784 644 1842 671 an.
1867 634 1955 682 584.
1975 632 2219 688 Siciliamque
2236 633 2379 688 Populi

264 680 387 720 Rom.
413 680 651 733 provinciam
675 677 817 722 deinde
836 680 1042 722 Proconsul
1064 682 1244 723 obtinuit.
1283 682 1543 724 Panormitani
1567 697 1772 725 nummum
1793 685 1833 726 in
1850 688 2018 742 Augusti
2037 689 2218 729 Coloniae
2238 689 2379 730 funda-

266 736 359 775 toris
378 736 601 777 memoriam
619 738 882 790 percusserunt
902 737 968 776 sub
989 736 1265 779 Proconsulatu
1282 739 1358 779 Cn.
1379 740 1543 782 Domitii
1560 767 1572 786 ‚
1594 740 1672 792 qui
1691 741 1775 793 ejus
1794 754 1873 782 erat
1890 746 2082 798 abgener3
2112 758 2203 785 nam
2223 744 2377 786 aTaci-

260 801 309 830 ‘to
327 792 428 829 Ann.
450 796 486 831 6.
504 791 602 832 inter
618 793 763 832 Tiberii
782 805 1017 847 progeneros
1034 793 1249 835 recensetur
1268 795 1318 834 ad
1337 795 1471 849 templi
1491 795 1656 850 Augusti
1673 799 1712 835 &
1729 796 1849 836 scenae
1865 797 2093 853 Pompeiani
2110 800 2247 841 theatri
2267 800 2379 841 dedi-

259 846 480 886 cationem:
507 847 691 901 Qtatuor
699 850 895 902 progeneri
909 846 1070 902 Caesaris
1087 851 1156 889 Cn.
1177 849 1406 895 Domitius,
1434 849 1578 901 Cffus
1594 850 1821 905 Longinus,
1842 853 1904 893 M.
1919 855 2126 904 Vinucius,
2152 855 2379 905 Rubellius,

269 900 442 941 Blandus
458 902 601 942 delecr‘i.
637 903 675 942 Is
692 914 801 956 pater
817 902 989 943 Neronis
1010 903 1111 958 Imp.
1130 914 1221 943 erat.

295 978 404 1089 ,ΗΞ
428 994 599 1022 nummus
623 980 820 1022 mediocris
838 1008 851 1029 ,
886 984 928 1021 in
955 981 1075 1021 Gaza
1099 980 1299 1030 Chrlstinae
1323 981 1484 1037 Reginae
1509 983 1726 1026 reconditus
1741 1004 1755 1033 ³
1788 987 1939 1028 eximio
1961 990 2140 1032 raritatis
2161 987 2210 1036 ὠ
2228 989 2378 1044 elegan-

261 1041 332 1076 ·ttae
351 1049 371 1073 e
403 1067 412 1076 .
489 1040 491 1042 ’
1537 1064 1541 1066 -

978 1104 982 1107 .
1008 1120 1012 1121 ⁷
1069 1105 1113 1148 ‘P
1167 1107 1215 1149 A
1266 1107 1307 1148 ,T
1357 1107 1400 1149 R
1456 1107 1562 1158 ὦ.

267 1647 292 1684 '1’
304 1657 330 1683 A
345 1656 369 1683 τ
382 1656 405 1682 E
415 1645 461 1683 n.
499 1635 634 1698 Caput
653 1644 816 1700 Augusti
831 1644 992 1686 nudum.
1720 1693 1722 1695 ,

324 1713 346 1739 1’
360 1712 386 1737 A
402 1713 426 1738 T
440 1712 469 1738 R
483 1712 496 1737 1
509 1713 536 1738 A
551 1715 587 1740 E.
616 1715 654 1741 c.
683 1714 725 1740 A.
754 1715 794 1740 A.
821 1714 857 1756 r».
896 1701 1055 1742 Colonia
1077 1700 1252 1761 Augusta
1273 1702 1379 1743 Aroe
1403 1701 1612 1754 Pat'rerfis.
1653 1701 1835 1744 Colonus
1858 1703 1943 1760 agit
1962 1703 2083 1745 boves
2098 1729 2113 1751 ‚
2140 1702 2275 1746 deXtra
2299 1708 2381 1748 ara}

381 1766 494 1794 trum.

270 1822 429 1850 121vvs
459 1824 485 1849 A
500 1823 638 1850 vovs
653 1824 748 1850 Tvs
781 1825 977 1852 PATER.
1017 1812 1152 1868 Caput
1168 1813 1334 1868 Augusti
1350 1813 1552 1855 radiatum.

325 1879 350 1904 t:
361 1878 386 1903 o
400 1880 437 1905 L.
470 1879 511 1904 A.
530 1877 585 1959 fi.
616 1879 638 1904 P
652 1879 679 1905 A
693 1880 762 1961 {111
774 1881 798 1906 r.
812 1880 841 1906 N
853 1882 888 1908 s.
918 1868 1076 1909 Colonia
1091 1868 1267 1923 Augusta
1283 1871 1386 1909 Aroe
1403 1868 1612 1923 Patrensis.
1653 1870 1837 1912 Colonus
1852 1881 1971 1927 agens
1989 1871 2131 1918 boves,
2154 1869 2290 1912 demta
2300 1875 2384 1923 ‘araaj

378 1931 478 1960 trum
488 1946 501 1967 ‚
546 1934 597 1961 m.
614 1934 702 1962 vexi
728 1934 806 1963 um.

323 1998 391 2039 Ad
407 1999 561 2039 Patras
579 1999 735 2040 Achaiae
751 1998 885 2042 urbem
901 1996 1095 2054 pertinent
1109 2002 1152 2043 hi
1170 2002 1253 2044 duo
1270 2004 1444 2051 nummi,
1471 2002 1566 2045 alter
1577 2004 1734 2046 vivente
1745 2003 1924 2058 Augusto
1936 2032 1949 2051 ,
1972 2004 2067 2045 alter
2085 2004 2174 2057 post
2191 2001 2276 2056 ej'u's‘
2286 2006 2384 2060 aposs

268 2052 434 2094 theofim
452 2053 586 2100 cusus;
614 2067 777 2108 uterque
794 2056 934 2097 litteras
961 2072 1001 2098 A.
1023 2071 1065 2096 A.
1092 2058 1246 2111 punitis
1261 2059 1514 2098 interstinaas
1530 2058 1708 2111 praefert3
1735 2073 1900 2112 quarum
1916 2059 2092 2099 ultimam
2112 2058 2264 2100 erudite:
2276 2063 2316 2099 δε
2328 2059 2385 2100 fe-

268 2109 332 2150 lici
349 2108 515 2150 successu
534 2111 675 2150 Aroem
695 2110 964 2166 interpretatus
984 2113 1039 2153 est
1056 2112 1185 2152 noster
1206 2111 1419 2166 Seguinus,
1449 2112 1556 2166 apud
1566 2127 1685 2166 quem
1703 2127 1791 2168 pag.
1812 2128 1828 2154 1
1842 2127 1901 2165 ¹4-
1914 2114 2005 2154 edit.
2025 2128 2059 2154 2.
2079 2114 2162 2167 ejus
2176 2115 2279 2154 urbis
2291 2129 2384 2156 con-

268 2165 415 2206 ditores
441 2164 505 2205 seu
533 2165 801 2207 restauratores
826 2166 957 2207 videas
972 2194 984 2214 ‚
1014 2167 1081 2206 ubi
1103 2179 1231 2208 narrat
1254 2166 1389 2208 urbem
1408 2167 1458 2207 ab
1474 2167 1643 2208 Eu'melo
1665 2169 1771 2222 prins
1787 2169 1984 2210 conditam
2004 2197 2016 2216 ‚
2043 2167 2187 2210 deinde
2204 2170 2226 2209 a
2241 2170 2383 2213 Patreo

269 2221 489 2276 ampliatam
500 2246 512 2267 ,
542 2220 713 2276 denique
729 2222 778 2262 ab
796 2223 973 2277 Augusto
986 2222 1195 2263 Coloniam
1211 2222 1442 2269 deduetam,
1468 2236 1579 2264 terno
1595 2224 1755 2265 nomine
1773 2225 1986 2280 Augustam
1999 2252 2011 2272 ‚
2028 2228 2189 2271 Aroem,
2212 2225 2383 2268 Patren-

261 2276 347 2329 Jem
371 2275 446 2317 eil'e
471 2276 711 2330 appellatam.
750 2277 843 2331 Ejus
868 2278 954 2332 post
972 2278 1168 2319 Actiacam
1192 2281 1365 2334 pugnam
1389 2277 1633 2320 deduffionis
1663 2281 1840 2321 meminit
1865 2281 2002 2321 Strabo
2028 2281 2091 2321 lib.
2115 2287 2152 2322 6.
2174 2296 2260 2337 pag.
2286 2284 2382 2336 387.

275 2340 405 2383 Ρωμαῖοι
420 2337 454 2372 δὲ
470 2336 550 2374 rems-i
563 2337 608 2381 μ’ΞῙ
622 2336 676 2372 τίω)
693 2339 846 2374 Ana-lomim*
861 2339 941 2373 νίκῖω
956 2339 1068 2385 ἷὸῷυοωι
1085 2337 1187 2376 αὐτόθι
1202 2340 1231 2375 ‘13
1248 2342 1390 2385 539:qu
1403 2342 1487 2386 μέρος
1502 2338 1673 2387 ἀξιόλογον,
1689 2343 1830 2376 >taminiam
1847 2346 1986 2388 Ρωμαίων
2003 2339 2085 2376 ἔστω.
2126 2338 2294 2391 Romani
2310 2350 2382 2379 nui

262 2400 336 2445 per
345 2388 384 2429 eb
392 2391 434 2429 in
442 2388 624 2429 coloniam
631 2390 870 2432 deduxerunt
879 2407 1055 2447 magnam
1061 2396 1216 2448 partem
1231 2395 1422 2434 exercitus
1431 2421 1443 2440 ,
1459 2395 1585 2449 quoin
1597 2394 1767 2435 Ae‘t‘ia‘ca
1773 2391 1954 2450 paranda
1965 2396 2132 2435 vinaria
2148 2392 2202 2441 τιή
2202 2393 2383 2447 fuerant.

271 2445 381 2485 Prior
397 2457 579 2484 nummus
596 2445 739 2485 Patris
746 2449 890 2501 patriae
907 2448 1059 2488 titulum
1081 2449 1259 2503 Augusto
1277 2449 1429 2496 tribuit,
1455 2449 1547 2489 ideo
1567 2450 1701 2490 cusum
1717 2465 1820 2492 anno
1838 2451 1925 2505 post
1942 2451 2123 2491 Coloniae
2139 2449 2383 2490 constitutio-

272 2514 365 2541 nem
386 2500 594 2540 undecimo
611 2502 852 2549 arbitramur,
883 2503 909 2543 fi
929 2503 1088 2557 quidem
1103 2504 1322 2545 Patrensem
1338 2504 1547 2545 Coloniam
1567 2519 1671 2547 anno
1692 2507 1745 2546 U.
1765 2507 1814 2547 C.
1836 2520 1927 2558 740.
1947 2507 2155 2547 dedueram
2172 2504 2288 2546 tradit
2305 2505 2382 2546 Eu-

272 2555 397 2596 sebius
415 2556 453 2595 in
471 2555 620 2595 Chron.
640 2557 728 2596 cum
745 2559 938 2614 Augustus
954 2573 1058 2600 anno
1079 2572 1172 2611 751.
1197 2559 1325 2599 Pater
1335 2562 1476 2614 patriae
1493 2561 1515 2600 a
1532 2561 1691 2602 Messala
1708 2562 1881 2603 Consule
1899 2563 1947 2603 fit
1963 2563 2141 2603 salutatus
2153 2589 2164 2607 ‚
2196 2560 2384 2614 posterior

271 2624 367 2651 vero
393 2624 481 2651 cum
507 2610 621 2651 Divi
642 2613 801 2654 nomine
831 2615 917 2667 post
941 2620 1107 2656 mortem
1135 2614 1303 2670 fignatus
1332 2616 1414 2655 est:
1448 2616 1489 2655 in
1513 2628 1682 2671 utroque
1704 2617 1866 2658 colonus
1891 2620 2060 2672 priorem
2086 2630 2289 2657 nummum
2313 2616 2384 2659 sub

271 2667 498 2708 Duumviris
516 2665 579 2705 seu
592 2666 673 2719 jam
696 2668 934 2710 Patrensibus
950 2671 1098 2711 civibus
1110 2697 1122 2717 ‚
1149 2671 1212 2710 seu
1230 2684 1278 2711 ex
1297 2671 1454 2711 urbibus
1475 2671 1607 2711 vicinis
1622 2673 1663 2712 in
1679 2673 1813 2713 urbem
1829 2674 2011 2713 traduffis
2029 2672 2218 2728 lignatum
2235 2673 2382 2726 arguit,

274 2736 443 2777 quorum
460 2722 621 2762 colonus
642 2735 756 2777 typus
776 2724 831 2764 est
848 2752 860 2772 ,
887 2738 931 2766 ut
946 2726 1052 2782 signa
1068 2725 1243 2766 militaria
1256 2752 1267 2771 ‚
1296 2725 1584 2766 Veteranorum
1601 2728 1640 2766 in
1661 2728 1839 2769 Coloniae
1855 2727 2165 2783 supplementum
2185 2727 2382 2769 missorum

277 2778 435 2833 insignia
458 2778 543 2817 sunt
562 2793 569 2817 :
598 2778 662 2819 sed
679 2780 842 2821 colonus
866 2782 902 2821 in
927 2782 1048 2822 altero
1064 2795 1227 2822 nummo
1243 2781 1423 2822 vexillum
1441 2781 1585 2822 sinistra
1596 2797 1733 2837 gerens
1747 2810 1761 2832 ,
1788 2784 1896 2826 illum
1913 2783 2058 2827 indicat
2074 2783 2297 2827 dedicatum
2312 2784 2382 2825 sub

276 2834 500 2876 Duumviris
513 2858 526 2879 ‚
554 2847 723 2887 quorum
741 2835 834 2877 alter
853 2851 898 2878 ex
915 2838 1084 2893 civibus,
1111 2837 1203 2878 alter
1219 2850 1268 2877 ex
1285 2837 1490 2879 Veteranis
1506 2837 1632 2879 fuerit.

330 2914 451 2955 Prior
470 2926 643 2955 nummus
664 2914 970 2971 minimaefhnmae
986 2930 1098 2958 rarus
1113 2915 1185 2969 est,
1210 2914 1310 2956 alter
1324 2914 1546 2963 mediocris,
1559 2915 1763 2973 frequens.

1091 3019 1582 3062 PATRICIA.

1264 3180 1426 3241 ἀγὲ,

1229 3227 1457 3367 &⁰⁰me

1226 3300 1382 3363 Quamne
1420 3307 1429 3326 s*
1443 3304 1458 3347 ᾖ
1512 3333 1515 3337 ,

1259 3354 1333 3400 Q&
1373 3364 1424 3409 ψ’

1316 3393 1389 3417 {9¹2²ss
1450 3409 1459 3419 2

294 3635 319 3669 r
330 3639 356 3667 Ε
367 3639 398 3667 R
410 3638 458 3666 Μ.
489 3636 514 3666 c
524 3629 551 3666 A
563 3639 588 3665 E
601 3638 635 3665 s.
666 3639 693 3666 A
706 3641 733 3667 v
745 3641 784 3668 G.
814 3623 1005 3683 Permzffit
1020 3628 1180 3677 Caelaris·
1197 3620 1373 3688 Augusti.
1410 3623 1545 3686 Caput
1562 3616 1728 3687 Augusti
1743 3627 1822 3669 fine
1841 3627 1981 3669 laurea:

350 3694 597 3723 COLONIA
631 3693 916 3725 PATRICIA.
958 3685 1003 3725 In
1023 3699 1167 3726 corona
1184 3691 1361 3740 quercea.

351 3758 506 3801 Colonia
524 3759 705 3799 ‘Patricia
720 3761 855 3801 eadem
871 3763 926 3802 est
945 3778 1032 3818 quae
1049 3765 1243 3810 Corduba,
1273 3763 1300 3804 fi
1315 3763 1440 3805 Plinio
1454 3764 1550 3805 fides
1568 3764 1630 3805 lib.
1645 3777 1680 3816 3.
1699 3777 1782 3818 cap.
1801 3777 1834 3803 1.
1864 3760 2059 3809 Corduba,
2080 3760 2235 3802 Colonia
2248 3761 2390 3803 Patri-

297 3816 361 3855 'cia
375 3816 595 3869 cognomine.
624 3814 700 3854 Sed
716 3815 755 3854 in
775 3819 939 3858 nummis
955 3833 1035 3859 non
1053 3820 1159 3859 aliter
1176 3821 1293 3874 quam
1308 3820 1465 3861 Colonia
1483 3821 1688 3865 Patricia,
1715 3818 1784 3860 etsi
1799 3818 2010 3872 aliquando
2025 3817 2065 3858 in
2082 3817 2391 3871 inscriptionibus

299 3869 405 3924 apud
415 3870 623 3909 Gruterum
633 3896 645 3915 ,
673 3869 828 3911 Colonia
838 3873 1018 3912 Patricia
1031 3874 1213 3914 Corduba.
1251 3874 1357 3914 Urbs
1368 3877 1423 3916 est
1437 3875 1594 3916 Boeticae
1609 3874 1787 3928 primaria
1802 3873 1853 3914 ad
1870 3874 2014 3915 Boetim
2030 3872 2192 3913 fluvium
2203 3900 2214 3919 ,
2241 3875 2264 3913 a
2282 3873 2389 3913 Mar-

297 3925 398 3968 cello
407 3924 584 3973 condita,
596 3924 690 3966 teste
697 3925 882 3968 Strabone
893 3927 955 3968 lib.
969 3941 989 3982 3
1013 3942 1101 3984 pag.
1116 3942 1205 3984 14¹·
1225 3936 1344 3975 masor
1361 3934 1399 3976 dl:
1413 3934 1430 3975 ἦ
1443 3949 1473 3970 π
1487 3935 1630 3982 xo'gavea
1643 3933 1763 3982 ἦυξηπο,
1780 3936 1937 3983 Magum
1950 3938 2065 3983 κτίσμα
2081 3937 2105 3986 ξς,
2122 3934 2193 3982 δέξῃ
2206 3932 2390 4029 ssavum.

2129 4002 2140 4015 ·
2258 3998 2390 4028 axtma
