2491 4219
195 164 290 209 ηι
870 146 1608 198 VALERIAhMJffi

192 215 405 258 rotundum
422 241 435 262 ,
461 225 506 256 ut
525 213 726 268 traditJul.
747 213 904 262 Pollux,
932 214 973 254 in
994 228 1076 268 quo
1092 214 1261 255 vistoriae
1281 216 1436 268 praemia
1453 215 1618 270 repofita
1634 212 1774 255 mensae
1788 212 2087 268 imponebantur
2102 239 2116 261 ‚
2144 223 2189 256 ut
2204 213 2306 271 saepe

193 273 234 312 in
251 272 419 312 nummis
435 269 717 311 observavimus
729 296 742 316 ,
770 273 809 309 &
827 283 995 323 quorum
1017 270 1192 313 meminit
1209 269 1413 310 Pausanias
1429 271 1492 310 lib.
1515 285 1551 322 5.
1570 285 1656 327 pag.
1676 284 1723 324 32
1735 283 1769 322 5.
1797 272 1853 311 Kal
1868 274 1884 307 ὁ
1900 274 1985 314 ιφίτε
2001 271 2095 310 xmae
2108 296 2120 314 ,
2143 275 2170 323 ιζ,
2184 273 2305 320 reja-

197 334 255 380 ζσι,
280 334 331 377 ἐφ’
348 334 386 368 οῖς
403 329 589 374 ωυεέθεντιᾳ
607 336 659 366 aare
673 331 781 363 νικῶσιν
796 336 820 364 οῖ
835 328 971 375 ςέφοινοι.
999 326 1126 380 Iphiti
1142 323 1289 377 discus,
1318 324 1366 368 ὅτ
1383 325 1509 376 mensa
1514 326 1566 376 su
1591 340 1630 368 er
1645 339 1721 382 qua
1739 324 1951 366 victoribus
1968 339 2107 366 coronae
2122 325 2306 380 deponun—

196 391 270 423 tur.
306 383 445 423 Palmae
463 395 590 422 ramus
605 381 643 421 in
660 381 756 423 vafis
774 408 787 427 ‚
816 380 968 422 viuoris
984 380 1131 435 insigne
1147 381 1202 421 est
1216 407 1229 427 ‚
1257 380 1457 420 vistoriam
1477 337 1636 434 quicssm
1653 381 1843 422 denotans
1855 407 1869 427 ,
1898 379 1963 421 sed
1983 394 2064 422 non
2083 381 2305 435 praemium:

195 452 266 478 cur
280 451 408 479 autem
426 451 524 477 unus
540 437 690 477 tantum
708 450 834 477 ramus
851 437 890 476 in
906 435 1167 477 dexteriori&
1184 435 1401 476 sinisteriori
1417 435 1504 475 vase
1515 462 1528 482 ,
1557 438 1598 476 &
1613 435 1695 477 duo
1709 437 1748 476 in
1763 435 1830 476 illo
1845 435 1915 490 qui
1929 435 2102 476 medium
2115 448 2305 492 occupat,

195 493 265 534 nisi
282 494 364 534 duo
381 493 533 549 praemia
552 491 738 533 denotare
754 492 956 533 videantur
973 491 1020 532 ab
1037 492 1120 546 ipso
1139 490 1350 532 obtinenda
1365 491 1490 544 quiin
1508 490 1662 532 duobus
1672 490 1942 533 certaminibus
1952 491 2074 532 vie‘tot
2085 491 2262 534 extiterit.

251 571 336 613 Hic
350 584 523 629 nummus
538 570 734 612 mediocris
739 569 881 625 fhrmae
889 598 903 618 ,
931 569 955 610 ὰ
972 567 1142 623 Trtstano
1161 577 1250 609 tom.
1263 581 1299 623 3.
1307 579 1399 624 pag.
1418 581 1451 620 5.
1469 568 1615 617 editus,
1634 579 1707 624 pro
1720 583 1805 611 raro
1822 567 2060 626 &stngulari
2074 569 2275 612 habendus.

967 663 1011 704 ‘P
1041 663 1082 704 T
1104 663 1141 703 Ο
1170 662 1209 704 L
1238 662 1279 705 E
1306 662 1364 703 M
1386 663 1430 704 A
1457 662 1486 702 Ι
1509 661 1547 702 S.

200 1269 314 1298 1Mr.
347 1269 490 1297 CAEs.
522 1269 556 1296 Ρ.
592 1269 694 1296 L1c.
725 1267 1099 1296 VALERIANVS
1134 1266 1253 1293 Ave.
1291 1252 1425 1307 Caput
1442 1250 1875 1293 Valerianilaureatum.
2205 1292 2208 1296 ,
2363 1293 2368 1300 ,

255 1328 362 1354 con.
395 1327 416 1351 P
431 1326 454 1351 T
466 1326 539 1351 οι.
569 1311 723 1352 Colonia
740 1310 968 1351 Ptolemais.
1008 1310 1134 1349 Diana
1150 1308 1336 1349 Venatrix
1360 1309 1399 1348 in
1426 1307 1572 1360 templo
1592 1306 1730 1361 distylo
1749 1305 1848 1348 circa
1867 1305 1978 1361 quod
1997 1304 2101 1362 signa
2120 1304 2309 1355 Zodiaci5

310 1367 371 1407 illa
390 1367 562 1421 sagittam
585 1370 606 1407 e
623 1365 799 1420 pharetra
817 1364 930 1406 dorso
948 1364 1125 1420 imposita
1142 1363 1358 1418 depromit,
1389 1362 1691 1404 finistra‘arcum.

253 1442 460 1485 Ptolemais
484 1446 573 1485 urbs
599 1445 826 1490 Phoenices,
854 1444 960 1499 prius
984 1446 1064 1484 Ace
1087 1443 1308 1488 nominata,
1336 1442 1358 1481 ὲ
1379 1441 1591 1482 Ptolemaeo
1616 1441 1709 1495 Lagi
1733 1439 1812 1481 filio
1835 1439 1960 1480 diruta
1975 1466 1988 1486 ‚
2017 1443 2056 1480 ὃ(
2071 1439 2120 1480 ab
2137 1453 2186 1481 eo
2205 1449 2270 1481 aut
2285 1439 2310 1481 ὲ

198 1499 456 1554 Philadelpho
474 1499 552 1539 filio
571 1500 775 1540 restaurata
793 1504 831 1539 &
849 1499 1049 1552 ampliata,
1069 1498 1191 1552 Regis
1208 1511 1352 1537 nomen
1370 1497 1474 1538 tulit:
1503 1497 1670 1537 Colonia
1686 1498 1708 1536 ὲ
1721 1496 1888 1536 Claudio
1904 1495 2106 1536 constituta
2123 1495 2197 1541 est,
2214 1495 2310 1536 teste

198 1555 323 1594 Plinio
335 1582 347 1601 ,
376 1568 557 1594 nummos
572 1555 633 1594 illa
650 1555 858 1595 Valeriano
873 1555 923 1594 ad
943 1553 1083 1594 bellum
1099 1551 1292 1593 Perficum
1309 1552 1559 1593 contendenti
1581 1550 1769 1606 percuffit.
1808 1552 1934 1591 Diana
1951 1550 2005 1591 sui
2019 1551 2164 1591 cultum
2181 1550 2310 1592 Ptole-

199 1610 328 1650 maide
344 1609 506 1655 indicat,
521 1609 632 1663 cujus
650 1610 783 1664 templi
798 1609 1118 1664 ichnographiam
1135 1621 1316 1648 nummus
1329 1607 1496 1649 exhibet.
1528 1607 1724 1648 Zodiacus
1739 1606 1947 1648 duodecim
1964 1607 2166 1647 continens
2183 1605 2311 1661 figna,

198 1666 249 1706 ad
268 1666 552 1706 Astronomiam
571 1666 715 1720 spefflit
730 1692 742 1712 ,
769 1665 876 1706 illum
894 1663 1216 1706 ptolemaidenses
1233 1663 1443 1704 exhibuisse
1459 1662 1640 1704 videntur
1657 1690 1669 1710 ,
1697 1664 1736 1703 in
1755 1662 1981 1703 memoriam
1999 1667 2082 1714 ejus
2106 1660 2269 1702 scientiae
2287 1661 2311 1702 ὲ

199 1722 409 1774 majoribus
427 1722 499 1762 suis
519 1721 611 1761 olim
633 1733 792 1776 repertae
804 1749 816 1769 ,
843 1735 932 1762 nam
947 1721 1084 1762 Strabo
1100 1723 1139 1760 Sc
1154 1719 1297 1760 Plinius
1315 1730 1488 1765 narrant,
1517 1718 1721 1759 Phoenices
1738 1718 1854 1772 ipfius
1870 1718 2076 1771 plurimum
2094 1715 2203 1758 fuisse
2215 1716 2314 1770 peri-

199 1789 282 1823 tos,
312 1778 375 1817 hic
393 1779 496 1818 enim
514 1777 576 1817 lib.
597 1791 630 1827 5.
648 1792 731 1830 cap.
751 1792 765 1816 1
777 1791 808 1817 2.
839 1777 952 1831 Ipsa,
968 1776 1117 1830 inquit,
1124 1789 1222 1831 gens
1234 1775 1461 1815 ‘Phoemcum
1477 1776 1518 1814 in
1534 1787 1671 1830 magna
1678 1772 1806 1828 gloria
1822 1773 2053 1821 litterarum,
2062 1773 2313 1820 inventionis,

199 1832 442 1885 &fideman
471 1847 549 1888 qua
566 1831 617 1873 de
631 1847 672 1874 re
689 1833 911 1886 Propertius
928 1832 989 1873 lib.
1010 1846 1043 1871 2.
1062 1845 1096 1871 v.
1109 1834 1202 1881 989.

676 1889 872 1945 Qaeritis
893 1886 941 1932 ὅτ
963 1888 998 1927 C
997 1886 1061 1927 oelo
1080 1887 1308 1927 Phoenicum
1327 1887 1492 1926 inventa
1497 1885 1654 1937 sereno,

772 1944 877 1999 Qae
880 1943 937 1995 stt
938 1941 1055 1996 stella
1071 1942 1216 1982 homini
1233 1941 1423 1982 commoda
1434 1968 1447 1988 ‚
1475 1952 1630 1996 quaque
1648 1937 1760 1980 mala.
1807 1958 1809 1960 ·

255 2020 336 2062 Hic
353 2036 526 2063 nummus
535 2022 716 2075 fi’cundae
731 2021 1010 2079 magnitudinis
1031 2022 1133 2064 inter
1150 2019 1395 2076 elegantiores
1413 2018 1618 2061 habendus.

202 2666 376 2694 IMPER
392 2666 418 2692 A
435 2665 554 2692 ron.
587 2659 847 2699 L101N1vs
880 2662 904 2686 v
922 2659 1176 2689 ALERIAN
1193 2659 1251 2685 vs
1285 2660 1310 2685 A
1328 2659 1407 2685 vo.
1444 2645 1577 2698 Caput
1595 2643 1788 2685 Valeriani
1808 2641 2027 2684 laureatum.

257 2724 282 2749 c
293 2722 319 2748 o
334 2723 359 2747 L
372 2722 398 2746 o
411 2722 441 2746 N
456 2721 470 2747 1
483 2721 510 2747 A
551 2721 572 2746 P
585 2721 608 2745 T
621 2721 646 2746 ο
658 2721 683 2746 L
698 2721 721 2745 E
734 2719 769 2745 M
783 2719 808 2744 A
824 2719 838 2744 1
850 2719 876 2744 D
889 2719 912 2744 E
924 2717 955 2743 N
968 2718 999 2743 s.
1041 2703 1196 2745 Colonia
1213 2700 1537 2753 Ptolemaidenfis.
1573 2701 1653 2741 Ara
1677 2714 1725 2741 ex
1749 2700 1860 2754 cujus
1882 2699 1962 2739 imo
1979 2696 2056 2740 sese
2073 2696 2225 2754 erigunt
2241 2695 2317 2739 serss
2337 2746 2342 2756 ι

313 2775 471 2816 pentes,
500 2763 521 2802 a
541 2761 691 2803 sinistris
708 2760 914 2801 caduceus.

255 2840 337 2880 Hic
355 2838 669 2887 Ptolemaidenlis
686 2837 864 2878 Coloniae
888 2850 1070 2877 nummus
1093 2834 1260 2877 sacrificii
1285 2848 1358 2888 pro
1375 2831 1482 2874 felici
1503 2845 1645 2874 eventu
1665 2833 1751 2874 belli
1769 2843 1902 2888 contra
1921 2830 2048 2873 Persas
2067 2831 2088 2871 ὲ
2105 2829 2316 2874 Valeriano

200 2895 361 2949 suscepti
383 2900 680 2935 monumentum
701 2893 883 2933 exhibere
901 2891 1075 2938 videtum
1104 2892 1144 2931 in
1160 2905 1211 2930 eo
1230 2904 1292 2930 ara
1311 2890 1366 2930 est
1386 2890 1438 2930 ob
1454 2889 1553 2929 sacra
1570 2890 1618 2929 ab
1633 2888 1695 2929 illa
1712 2891 1752 2928 in
1773 2889 1873 2929 hanc
1889 2899 1968 2928 rem
1988 2887 2073 2928 Diis
2093 2885 2215 2932 faCta3
2243 2885 2317 2926 ser·
2350 2921 2363 2937 ,ζ

201 2962 359 3006 pentes,
391 2950 633 2990 vifloriarum
652 2949 738 2989 sunt
753 2948 921 2993 indices,
938 2959 981 2987 ut
995 2951 1035 2986 &
1047 2947 1238 2986 caduceus
1254 2944 1441 2986 felicitatis
1460 2944 1694 2999 symbolum:
1722 2944 1823 2985 sacra
1838 2953 1967 2984 autem
1985 2940 2074 2982 licet
2092 2941 2211 2981 fausta
2227 2939 2319 2980 fuis-

200 3005 283 3047 sent
302 3034 312 3051 ,
342 3009 380 3045 &
397 3006 447 3045 de
466 3004 631 3046 barbaris
649 3003 845 3043 vistoriam
863 3000 1076 3042 indicarent
1092 3028 1104 3047 ‚
1132 3002 1410 3054 Imperatorem
1435 2999 1571 3040 fefellit
1595 3010 1756 3040 eventus
1769 3027 1781 3046 ‚
1810 2999 1889 3053 ipse
1904 3000 2008 3039 enim
2028 2998 2050 3038 ὲ
2065 2997 2210 3051 Sapore
2226 2996 2320 3050 cap-'

203 3074 264 3103 tus
283 3062 336 3102 est
352 3088 364 3107 ‚
393 3061 504 3108 cuius
527 3061 579 3100 rei
599 3059 774 3099 meminit
793 3058 912 3098 Treb.
933 3056 1060 3096 Pollio
1083 3057 1121 3096 in
1146 3055 1231 3108 ejus
1250 3055 1328 3095 vita
1348 3053 1398 3094 de
1416 3055 1482 3094 illo
1500 3055 1666 3108 loquens
1684 3070 1692 3095 :
1727 3055 1783 3094 Ut
1790 3055 1950 3108 puderet
1970 3053 2088 3093 altius
2103 3054 2230 3092 virum
2247 3063 2315 3090 ex-

202 3116 330 3157 tollere
342 3145 354 3164 ,
383 3109 449 3170 qui
462 3115 583 3167 fatali
601 3116 765 3170 quadam
785 3112 1211 3165 neceffi'tatesitperatus
1228 3109 1290 3157 esl.
1322 3110 1459 3150 Victus
1475 3110 1529 3162 est
1542 3111 1641 3150 enim
1659 3110 1684 3149 a*
1699 3109 1836 3163 Sapore
1855 3110 1959 3164 Rege
1975 3107 2192 3160 Persarum.
2231 3105 2315 3146 Oe-

203 3173 367 3213 denatus
391 3172 636 3225 Palmyrenus
661 3171 824 3210 colle&o
847 3168 1016 3208 exercitu
1032 3168 1121 3207 curn
1138 3165 1287 3206 videret
1305 3165 1526 3206 Gallienum
1542 3165 1659 3219 patris
1676 3165 1935 3220 captivitatem
1951 3164 2142 3220 negligere
2155 3190 2168 3209 ,
2196 3162 2317 3215 Sapo-

202 3242 282 3268 rem
302 3227 460 3268 adortus
477 3227 530 3267 est
547 3254 558 3273 ‚
589 3239 677 3266 eum
697 3226 788 3266 vicit
805 3252 817 3271 ‚
847 3223 947 3264 fudit
963 3250 976 3270 ‚
1003 3223 1155 3264 &intra
1178 3222 1316 3262 limites
1337 3221 1515 3276 proprios
1530 3219 1681 3276 redegit
1697 3240 1711 3267 5
1745 3219 1994 3263 Valerianum
2014 3232 2143 3262 tamen
2156 3217 2315 3260 liberare

203 3296 282 3323 non
300 3284 448 3336 potuit,
477 3296 595 3337 quem
613 3283 735 3336 Sapor
750 3282 865 3321 iratus
879 3278 1085 3329 interemin

259 3359 341 3400 Hic
361 3374 534 3402 nummus
545 3362 682 3416 primae
697 3357 976 3414 magnitudinis
995 3358 1097 3397 inter
1110 3355 1270 3397 rariores
1284 3352 1332 3397 ὠ
1347 3354 1592 3411 elegantiores
1608 3354 1846 3409 reponendus.

875 3430 1650 3497 THESSALONJCA

2192 3994 2316 4024 AYT.
