2574 4214
358 228 455 265 204
1067 211 1114 254 L.
1229 207 1724 255 VERUS.

358 278 498 318 dorum
520 276 787 317 Isthmicorum
814 275 853 315 in
880 274 1090 316 Melicerta:
1111 274 1333 314 memoriam
1356 272 1614 314 institutorum
1633 273 1916 314 coronabantur
1931 271 2096 312 victores
2112 298 2124 318 ‚
2157 275 2197 312 St
2218 272 2396 327 frequens
2413 274 2450 317 in

360 332 756 428 nummisstMelicerta
791 330 990 386 Delphino
1026 330 1253 370 incumbens
1282 329 1393 382 juxta
1428 329 1605 370 arborem
1640 328 1887 385 depingitur;
1925 326 2007 368 haec
2033 329 2127 368 vero
2156 342 2227 369 arae
2252 328 2452 385 imposita,

359 402 474 444 pinus
497 402 518 428 e
554 420 561 428 .

416 467 500 509 Hic
512 479 681 507 nummus
698 466 822 506 tertiae
838 463 1114 521 magnitudinis
1126 489 1136 509 ‚
1164 463 1205 502 in
1221 461 1317 502 Vero
1333 463 1469 509 rarior,
1493 461 1609 519 quum
1626 464 1668 503 in
1685 460 1746 502 M.
1764 462 1922 502 Aurelio
1936 460 2142 502 habendus.

1367 594 1414 602 X

1193 594 1486 780 sse

1215 828 1446 937 Q
1470 857 1507 899 ss

1301 916 1454 947 tlt-s

355 1064 374 1092 1
386 1063 422 1092 M
436 1064 472 1091 P.
503 1064 526 1090 c
541 1062 566 1088 A
581 1062 604 1089 E
616 1061 650 1088 s.
680 1062 717 1089 L.
749 1061 776 1089 A
791 1061 816 1087 v
829 1061 871 1088 a.
903 1061 930 1086 v
942 1059 964 1085 E
979 1060 1007 1087 a
1021 1059 1047 1085 v
1060 1059 1093 1085 s.
1126 1059 1152 1085 A
1166 1059 1193 1085 v
1205 1059 1242 1086 G.
1282 1042 1416 1100 Caput
1432 1043 1528 1086 Veri
1546 1043 1766 1086 laureatum.

411 1120 429 1147 1
441 1120 460 1146 s
476 1119 499 1146 T
511 1120 538 1146 Η
552 1119 585 1144 M
599 1118 613 1144 1
628 1117 669 1144 A.
698 1103 745 1144 In
761 1117 904 1144 corona
920 1116 966 1143 ex
983 1102 1079 1157 pinu
1095 1112 1284 1143 contexta.

410 1184 559 1225 Comes
577 1182 856 1224 Mediobarbus
878 1197 962 1238 pag.
986 1195 1005 1223 2
1015 1195 1033 1235 3
1044 1195 1078 1234 3.
1101 1181 1205 1222 recte
1221 1192 1355 1221 monet
1371 1181 1445 1235 Eq.
1460 1179 1640 1221 Patinum
1662 1192 1741 1220 non
1761 1179 1800 1219 in
1816 1178 1894 1218 hoc
1913 1189 2075 1218 nummo
2088 1177 2255 1219 lauream
2271 1176 2293 1219 ὲ
2309 1176 2352 1219 L.
2366 1177 2452 1221 Ve-

354 1254 400 1283 ro
418 1240 603 1281 lsthmicis
618 1239 717 1281 ludis
733 1240 888 1281 relatam
905 1238 980 1280 ess'e
991 1265 1003 1286 ,
1032 1237 1096 1278 sed
1112 1238 1266 1293 pineam
1283 1251 1465 1277 coronam
1489 1236 1757 1276 Isthmicorum
1777 1235 1954 1274 ludorum
1972 1235 2182 1287 praemium.
2214 1240 2267 1275 At
2283 1235 2373 1289 quia
2387 1250 2454 1276 co-

346 1310 489 1339 .ronam
509 1296 663 1338 alteram
685 1311 732 1338 ex
757 1297 848 1352 apio
870 1297 910 1337 in
933 1295 1106 1336 Neronis
1131 1294 1298 1334 nummis
1321 1307 1392 1347 pro
1418 1292 1517 1333 ludis
1536 1292 1724 1332 Isthmicis
1744 1291 2029 1331 observavimus
2045 1317 2057 1336 ‚
2084 1291 2188 1330 unde
2207 1290 2268 1330 illa
2289 1305 2455 1332 corona-

354 1363 439 1393 rum
464 1353 629 1393 mutatio
651 1353 851 1393 obvenerit
866 1379 880 1399 ,
908 1351 1020 1392 nobis
1045 1348 1316 1403 inquirendum
1339 1349 1499 1389 videtur.
1540 1350 1647 1389 Cum
1672 1347 1838 1402 primum
1863 1346 2032 1386 Isthmici
2060 1345 2141 1386 ludi
2162 1346 2201 1385 in
2229 1345 2456 1387 Palaemonis

343 1407 544 1448 *honorem
564 1408 723 1449 instituti
744 1407 853 1454 sunt,
882 1420 1016 1448 eorum
1034 1406 1196 1446 vifilores
1219 1405 1312 1459 pinu
1333 1405 1615 1445 coronabantur
1638 1404 1691 1444 ob
1709 1416 1850 1457 corpus
1869 1402 2079 1442 Melicertae
2098 1415 2222 1455 prope
2243 1402 2377 1455 pinum
2396 1416 2455 1442 ar-

354 1463 488 1504 borem
515 1475 731 1517 repertum,
760 1463 902 1504 deinde
928 1462 977 1502 ad
1000 1461 1243 1501 Nemeorum
1272 1460 1522 1501 imitationem
1538 1487 1549 1505 ‚
1578 1459 1756 1500 Herculis
1781 1458 1902 1512 gratia
1923 1458 2053 1512 apium
2079 1456 2271 1510 obrepfit‚
2299 1456 2363 1497 sed
2382 1457 2456 1498 ari-

352 1517 471 1565 dum,
499 1533 586 1560 nam
607 1519 718 1558 viridi
736 1519 1033 1574 infigniebantur
1048 1517 1213 1556 Nemei:
1240 1515 1372 1555 denuo
1392 1517 1505 1569 pinus
1524 1516 1779 1568 redintegrata
1796 1513 1870 1560 est,
1898 1525 1941 1554 ut
1955 1513 2058 1568 apud
2080 1512 2324 1553 Plutarchum
2343 1513 2453 1568 Sym-

355 1574 437 1628 ΡΟ(
458 1575 517 1614 lib.
544 1588 575 1624 ς.
594 1588 630 1628 p.
648 1581 738 1625 676.
758 1573 906 1627 subjicit
920 1573 1123 1613 Lucianus.
1154 1584 1194 1611 Ως
1209 1577 1225 1614 n‘
1239 1570 1292 1618 lugu
1306 1577 1392 1610 πίτυς
1410 1573 1453 1607 lu?
1468 1583 1572 1620 ςἐμμοι
1591 1578 1617 1608 “‘f-
1630 1574 1734 1620 dyo'vwv
1751 1573 1877 1614 πέτρον
1891 1597 1901 1613 ,
1926 1575 1966 1609 &n
1981 1573 1998 1618 5
2018 1574 2136 1618 Νεμέας
2150 1571 2187 1619 a&
2201 1574 2285 1620 ζῆλον
2302 1571 2355 1612 ἧΞ
2370 1577 2454 1608 σελί-

352 1644 384 1664 υε
401 1631 476 1671 ξένος
490 1629 526 1662 ὦν
542 1631 690 1672 ἐπεισῆλθε
706 1632 740 1663 δι’
758 1633 906 1675 Ηϋικλὲοι
922 1652 932 1667 ,
957 1627 1004 1672 ιρὰ
1021 1626 1172 1672 κῗθετέουις
1186 1626 1352 1672 ἦμαόρωσεν
1369 1627 1473 1660 &mavei
1486 1650 1496 1666 ‚
1522 1628 1555 1661 ὦ,
1576 1626 1642 1671 ἱερὸν
1660 1625 1842 1663 &invidt-ww,
1865 1623 1927 1659 εἷτα
1942 1622 2037 1670 (didi-oa
2052 1625 2148 1674 χρόνῳ
2171 1624 2261 1659 πάλιν
2279 1626 2451 1662 ἀνακτησα-

350 1678 422 1727 μῼύη
438 1682 467 1716 «ἃ
483 1682 609 1724 mirem
624 1682 714 1729 2425?
730 1684 746 1721 ἦ
761 1690 847 1718 πίτυς
863 1683 950 1716 ἀνθεῖ
965 1685 1001 1727 τῇ
1016 1683 1097 1726 τιμῇ.
1134 1676 1190 1715 Ut
1198 1677 1315 1729 pinea
1336 1674 1415 1721 fuit
1434 1674 1537 1728 apud
1551 1677 1710 1730 majores
1728 1675 1864 1722 nostros
1885 1674 2121 1720 Isthmiorum
2138 1687 2296 1714 corona:
2324 1677 2453 1728 apium

351 1743 479 1775 autem
496 1734 516 1774 ὲ
535 1734 682 1774 Nemea
696 1737 910 1774 imitatione
925 1733 1109 1788 quadam,
1136 1731 1300 1771 alienum
1319 1729 1403 1769 cum
1420 1730 1508 1783 fft
1520 1756 1532 1775 ‚
1559 1729 1633 1770 huc
1652 1730 1803 1784 obrepfit
1820 1729 2002 1769 Herculis
2011 1727 2168 1783 grand,
2189 1729 2376 1786 pinusque
2379 1730 2456 1781 suo

350 1789 429 1830 loco
448 1790 602 1844 expulsa
621 1790 670 1837 ⁴st
679 1817 691 1836 ‚
719 1790 852 1829 habito
866 1791 950 1841 apio
957 1799 1027 1842 pro
1041 1802 1080 1826 re
1099 1786 1160 1826 his
1173 1785 1295 1834 fucris
1312 1786 1447 1826 idonea
1457 1800 1470 1824 :
1496 1785 1692 1840 aliquantu
1703 1786 1782 1838 post
1805 1794 1964 1839 tempore
1974 1786 2089 1840 pinus
2106 1788 2344 1837 recuperavit
2353 1786 2454 1840 prist

350 1847 474 1885 tinam
493 1845 722 1900 dignitatem
738 1872 751 1891 ,
779 1842 827 1888 &¹
846 1857 945 1883 nunc
962 1843 1011 1894 est
1030 1844 1071 1883 in
1113 1856 1232 1882 ummo
1257 1839 1347 1889 flore
1370 1850 1485 1897 atque
1508 1842 1652 1881 honore.
1688 1841 1766 1882 Sed
1786 1855 1872 1881 cum
1897 1840 2068 1881 Neronis
2093 1851 2266 1894 tempore
2290 1841 2380 1895 apio
2405 1854 2454 1882 ex

349 1901 518 1941 nummis
534 1912 808 1940 coronarentur
826 1899 1009 1945 vi&ores,
1037 1902 1074 1938 &
1093 1896 1283 1937 Plutarchi
1301 1909 1410 1938 aetate
1429 1897 1542 1951 pinus
1557 1897 1651 1938 ess'et
1672 1910 1847 1950 recepta,
1874 1897 1913 1936 id
1930 1897 1996 1936 sub
2017 1896 2243 1936 Domitiano
2260 1897 2328 1950 qui
2347 1897 2456 1937 Grae-

349 1957 417 1997 ciae
436 1954 632 1997 restituisse
649 1956 802 1996 videtur
817 1954 1049 2001 libertatem,
1069 1952 1211 1993 fastum
1228 1953 1420 2005 conjicere
1436 1952 1550 1994 nobis
1564 1952 1688 1994 liceat.
1728 1952 1834 1996 Vide
1851 1965 1938 2007 quae
1954 1951 2005 1993 de
2022 1950 2218 1993 Corintho
2232 1951 2274 1992 in
2287 1950 2367 1994 hoc
2377 1952 2457 2006 Imq

348 2025 526 2070 peratore
542 2011 718 2052 diximus.

404 2090 488 2132 Hic
504 2103 677 2133 nummus
681 2088 846 2143 ficundi
860 2089 1000 2132 moduli
1003 2100 1077 2146 pro
1096 2102 1182 2130 raro
1198 2087 1407 2128 habendus.

1152 2186 1643 2239 PATReAE.

348 2785 457 2814 IMP.
489 2782 513 2810 c
526 2782 552 2809 A
566 2781 590 2809 E
604 2780 638 2809 s.
667 2780 707 2809 L.
737 2779 765 2808 A
780 2779 806 2806 v
821 2778 886 2807 RF.
900 2777 939 2806 L.
969 2777 996 2805 v
1009 2778 1036 2813 ε,
1049 2778 1079 2806 R
1092 2778 1118 2805 v
1131 2778 1166 2805 s.
1197 2778 1226 2805 A
1241 2777 1267 2805 v
1279 2777 1319 2805 G.
1359 2763 1493 2818 Caput
1508 2762 1547 2804 L,
1565 2758 1661 2803 Veri
1675 2760 1896 2802 laureatum.

400 2842 424 2869 c
436 2840 462 2866 ο
477 2838 587 2920 usa..
614 2836 662 2885 3⁶¹·
681 2836 755 2918 ,υἱ
770 2836 795 2862 τ
810 2835 853 2864 a.
890 2820 1046 2862 Colonia
1068 2819 1240 2876 Augusta
1259 2822 1362 2861 Aroe
1383 2817 1590 2872 Patrensts.
1629 2816 1818 2860 Hercules
1834 2814 1977 2857 sinistra
1989 2812 2099 2856 axilla
2119 2813 2233 2856 clavae
2247 2816 2366 2871 cippo
2381 2814 2452 2862 im..

454 2895 510 2937 po
529 2891 590 2921 itae
611 2891 715 2919 innix
743 2908 750 2917 .

393 2960 483 3019 Jam
503 2957 647 3013 prodiit
664 2956 727 2997 hic
745 2954 924 2998 Herculis
943 2967 1058 3010 typus
1074 2955 1096 2995 a
1113 2952 1352 2995 Patrensibus
1370 2952 1408 2992 in
1426 2951 1484 2992 M.
1501 2951 1647 2994 Aurelii
1667 2950 1856 2992 honorem
1876 2946 2089 3003 percussuS‚
2117 2950 2186 3003 qui
2205 2949 2287 2999 ejus
2302 2950 2447 2995 cultum

344 3017 465 3060 Patris
483 3016 644 3056 denotat
656 3040 668 3060 ‚
697 3013 784 3053 licet
800 3011 902 3052 nulla
920 3011 963 3051 fit
979 3012 1015 3050 in
1035 3010 1137 3051 urbis
1149 3008 1403 3062 descriptione
1419 3008 1469 3047 de
1480 3007 1595 3060 ipsius
1613 3007 1742 3048 statuae
1761 3005 1819 3045 vel
1839 3004 1970 3058 templi
1988 3003 2092 3058 apud
2106 3004 2324 3047 Pausaniam
2342 3020 2448 3048 men·

295 3098 302 3103 -
345 3075 426 3119 tio,
454 3072 515 3113 ille
540 3084 668 3111 autem
696 3067 911 3109 Historicus
937 3065 1146 3106 Herculem
1175 3064 1363 3103 Minervae
1389 3076 1467 3115 ope
1494 3063 1531 3102 in
1557 3062 1732 3116 periculis
1757 3061 1942 3101 servatum
1971 3059 2007 3099 in
2035 3060 2197 3100 Arcadia
2215 3087 2226 3107 ,
2263 3061 2311 3102 ab
2334 3076 2379 3104 ea
2403 3063 2446 3104 in

347 3129 527 3169 Deorum
547 3125 779 3167 consortium
796 3122 1057 3163 introductum
1076 3119 1205 3166 fuisse,
1234 3119 1275 3158 in
1291 3118 1431 3159 Lacon.
1451 3117 1586 3164 tradit,
1615 3117 1676 3157 cui
1693 3118 1714 3157 a
1734 3115 1990 3157 Marathoniis
2014 3114 2165 3156 divinos
2191 3115 2361 3158 honores
2381 3119 2445 3159 tri-

348 3183 462 3225 butos
477 3184 516 3225 in
537 3182 673 3223 Atticis
690 3179 815 3221 scribit
835 3192 872 3233 p.
893 3183 957 3218 61.
989 3178 1194 3224 Μοιρῇιὲώνιοι
1209 3200 1221 3217 ‚
1245 3175 1376 3222 Φοὶμιῖυοι
1395 3176 1517 3214 ‘it-edrone
1534 3176 1663 3211 Εὶλῖαίων
1677 3179 1775 3218 σφίσιν
1793 3177 1942 3221 ngma
1955 3173 2016 3217 θεδν
2034 3177 2206 3220 νομιοθῆναᾳ.
2243 3172 2447 3213 Alaratho.

347 3240 405 3278 nii
436 3237 594 3279 Herculi
605 3236 724 3289 sacra
736 3236 785 3288 fe
804 3236 945 3289 primos
963 3230 1161 3285 iustituff’
1180 3230 1379 3271 dift'itant.
1421 3229 1547 3271 Varro
1565 3229 1755 3272 Hercules
1771 3234 1937 3284 quatuor
1956 3230 1994 3267 &
2014 3227 2265 3284 quadraginta
2285 3242 2448 3271 numero

349 3293 499 3347 colligit.

404 3370 488 3412 Hic
507 3384 677 3412 nummus
693 3371 839 3411 minimi
854 3366 993 3411 moduli
1007 3367 1109 3407 inter
1124 3378 1232 3406 raros
1249 3362 1527 3417 aaffcribmdus.

412 3911 520 3940 con.
554 3907 595 3936 A.
628 3906 669 3934 Δ.
700 3906 722 3933 1²
735 3905 762 3933 A
778 3906 802 3933 T
818 3905 861 3933 R.
892 3891 1046 3932 Colonia
1065 3889 1239 3946 Augusta
1253 3892 1357 3932 Aroe
1374 3888 1582 3940 Patrensis.
1612 3883 1738 3927 Diana
1754 3885 1954 3927 venatricis
1973 3884 2105 3926 habitu
2124 3884 2320 3942 gradiens,
2347 3883 2443 3927 cres-

465 3962 615 3993 centem
631 3950 782 3995 Lunam
796 3948 838 3989 in
852 3949 973 4003 capite
990 3951 1109 4004 gerit,
1138 3947 1271 3988 dextra
1288 3945 1411 3989 facem
1422 3972 1435 3993 ‚
1460 3945 1554 3988 laeva
1568 3942 1734 3990 hastam,
1761 3956 1835 3997 pro
1848 3942 2013 3997 pedibus
2028 3943 2132 3983 canis
2147 3942 2354 3984 venaticus.

2380 4018 2446 4062 De

2568 1174 2574 1203 .-
2550 968 2574 1134 aud-‘0⁴⁴'-
