2574 4214
730 196 1605 244 COMMOD*US.
2105 216 2194 250 aar

108 267 155 307 In
176 265 294 319 hujus
319 264 373 306 rei
397 264 621 306 memoriam
644 262 778 304 Livius
804 262 951 303 Decad.
977 277 1009 302 1.
1030 262 1093 302 lib.
1116 277 1175 303 10.
1190 277 1249 302 an.
1269 262 1319 302 U.
1339 263 1386 303 C.
1402 275 1496 315 457.
1527 262 1815 317 QOgulinum
1831 264 1870 301 δε
1887 261 1964 302 Cn.
1982 262 2200 318 Ogulinum

108 320 260 363 AEdiles
277 318 425 361 curules
443 321 565 374 Lupae
579 332 668 360 curn
683 318 852 372 puerulis
868 318 1105 358 fimulacrum
1123 318 1264 358 Romae
1280 317 1442 372 posuisse
1457 329 1591 358 narrat.
1620 318 1693 358 Ad
1699 317 1817 364 ficum
1834 317 2073 357 Ruminalem
2079 319 2198 369 stmu-

105 377 211 416 lacra
232 376 464 430 infantium,
491 375 724 416 conditorum
751 373 866 413 Urbis
878 374 957 425 sub
985 373 1158 414 uberibus
1183 373 1303 428 Lupae
1312 373 1526 427 posuerunt.
1563 372 1661 412 Inde
1688 372 1790 412 idem
1809 372 1956 428 {ignum
1971 372 2011 411 in
2026 374 2200 418 omnium

106 431 263 473 ditionis
279 431 470 472 Romanae
489 430 641 470 urbium
656 428 746 469 foro
762 429 930 470 erestum
947 429 1001 470 est
1011 456 1023 476 ‚
1051 432 1091 470 &
1108 428 1287 470 Colonia:
1303 429 1473 484 plurimae
1488 429 1526 468 in
1542 428 1709 469 nummis
1728 427 1820 468 illud
1838 427 2026 469 caelarunt.

158 508 242 549 Hic
260 523 431 550 nummus
446 507 753 562 minimaeforma’
769 506 941 562 vulgaris
957 506 1018 560 efl,

156 1053 181 1079 c
193 1053 219 1077 o
231 1051 267 1078 L.
299 1046 327 1077 A
339 1051 366 1077 v
380 1050 420 1077 G.
454 1050 479 1076 τ
493 1050 523 1076 R
534 1050 560 1076 o
575 1049 602 1075 A
614 1050 654 1076 D.
683 1035 837 1077 Colonia
851 1036 1024 1092 Augusta
1042 1034 1269 1088 Troaderffis.
1297 1036 1433 1093 Equus
1454 1036 1621 1092 pascens.

151 1115 321 1155 Similem
340 1125 476 1169 typum
492 1114 533 1153 in
548 1113 832 1155 Troadensium
849 1114 1017 1155 nummis
1035 1114 1242 1155 Caracallae
1263 1116 1398 1157 dicatis
1413 1116 1586 1172 vulgavit
1602 1114 1802 1156 Tristanus
1819 1125 1914 1156 tom.
1944 1129 1979 1156 2.
1998 1129 2085 1172 pag.
2108 1117 2209 1158 1802<

99 1171 168 1213 ubi
194 1169 308 1211 tradit
333 1183 479 1224 equum
503 1170 739 1224 pascentem,
766 1183 847 1210 non
867 1169 989 1209 modo
1008 1170 1143 1212 urbem
1163 1170 1237 1211 suis
1252 1172 1399 1226 legibus
1417 1173 1552 1225 &jure
1569 1171 1668 1212 Latii
1685 1175 1858 1212 utentem
1877 1184 2061 1226 tanquam
2080 1172 2201 1212 Colo-

99 1226 203 1269 niam
223 1225 446 1266 Romanam
461 1225 649 1272 indicare,
676 1225 741 1266 sed
759 1228 797 1264 δε
815 1225 898 1278 ejus
913 1225 1035 1267 solum
1059 1225 1206 1279 pascuis
1223 1226 1445 1273 abundans,
1473 1227 1565 1267 ideo
1581 1228 1692 1281 equis
1707 1227 1852 1267 alendis
1867 1227 2051 1268 idoneum
2068 1241 2202 1281 argue-

97 1295 152 1324 re.
178 1280 336 1321 Patinus
352 1279 517 1320 eandem
535 1281 685 1335 Lupam
701 1281 741 1321 in
758 1281 985 1321 Commodo
1002 1295 1089 1335 pag.
1110 1286 1201 1323 262.
1219 1281 1270 1322 ad
1285 1282 1352 1322 soli
1367 1281 1598 1323 fertilitatem
1615 1286 1653 1322 δε
1669 1296 1860 1337 equorum
1879 1283 2202 1323 velociffimorum

97 1347 330 1391 proventum
355 1347 511 1376 revocat
538 1351 546 1375 ε
575 1335 642 1376 sed
661 1349 784 1392 equus
807 1335 869 1375 ille
885 1336 978 1376 liber
1001 1339 1038 1375 &
1056 1336 1200 1377 solutus
1216 1337 1459 1378 Troadenses
1475 1337 1615 1378 liberos
1631 1341 1669 1378 &
1689 1339 1798 1378 omni
1821 1338 1977 1392 publico
1995 1352 2113 1378 onere
2130 1339 2203 1378 im-

98 1404 235 1433 munes
258 1391 402 1445 arguit,
432 1391 573 1445 quibus
595 1391 694 1445 Imp.
719 1391 907 1431 Claudius
933 1391 1073 1432 tributa
1104 1392 1144 1430 in
1175 1404 1404 1446 perpetuum
1430 1392 1577 1433 remilia
1605 1393 1793 1441 declarat,
1822 1393 1927 1434 unde
1947 1394 2054 1434 locus
2072 1394 2202 1434 Taciti

98 1447 160 1488 lib.
185 1461 199 1486 1
212 1460 244 1486 2.
264 1447 360 1486 mire
379 1445 589 1487 illustratur.
619 1446 680 1486 D.
697 1445 834 1498 Junio,
852 1445 1091 1501 QHaterio
1109 1446 1205 1499 Coffi
1209 1448 1408 1498 sexdecim
1423 1461 1543 1487 annos
1559 1458 1673 1488 natus
1687 1448 1816 1496 Nero,
1846 1450 2055 1489 Octaviam
2076 1448 2204 1501 Caesa-

96 1516 151 1544 rts
156 1501 284 1554 filiam
301 1504 343 1541 in
357 1504 639 1542 matrimonium
649 1504 806 1556 accepit.
837 1502 965 1556 thue
974 1500 1118 1552 studius
1133 1501 1312 1551 honestis,
1342 1501 1390 1545 ἐπ’
1407 1502 1625 1558 eloquentiae
1645 1504 1772 1559 gloria
1793 1503 2060 1555 innotesceret,
2087 1503 2203 1557 causei

97 1556 282 1607 Ilienstum
290 1556 492 1611 fitsceptci,
519 1557 734 1596 Romanum
751 1557 869 1613 Troja⁶
884 1555 1098 1609 demiffum,
1125 1555 1174 1600 ό*
1190 1557 1315 1610 Juliae
1325 1557 1452 1610 stirpus
1467 1559 1654 1598 auHorem
1674 1559 1894 1606 QAEneam,
1924 1559 2075 1614 aliaque
2097 1558 2205 1599 haud

85 1612 225 1669 procul
232 1612 388 1665 fabulis
414 1621 546 1652 vetera
559 1610 737 1666 facunde'
760 1610 957 1665 exsecutus
985 1613 1184 1666 impetrat,
1214 1621 1258 1652 ut
1274 1613 1432 1663 ilienses
1447 1615 1547 1653 omni
1557 1613 1706 1666 publico
1723 1628 1831 1654 onere
1835 1614 2087 1665 solverentur.
2127 1614 2201 1655 Per

95 1681 240 1722 equum
261 1667 481 1721 pascentum
499 1681 580 1709 non
595 1667 865 1723 intelligendus
883 1668 1032 1707 tantum
1049 1667 1274 1708 vehicularis
1292 1667 1421 1708 cursus
1438 1669 1628 1716 remiss'us,
1657 1669 1766 1721 cujus
1790 1671 1905 1709 causa
1927 1670 2072 1710 Nervae
2088 1683 2200 1710 num-

93 1737 180 1764 mus
197 1723 348 1764 caelatus
365 1723 439 1769 est,
466 1723 505 1763 in
526 1737 609 1777 quo
625 1724 712 1763 duae
727 1723 840 1763 mulae
856 1723 1054 1777 pascentes
1071 1724 1376 1778 conspiciuntur,
1404 1723 1468 1763 sed
1485 1724 1731 1780 intelligenda
1747 1737 1927 1778 praeterea
1940 1725 2087 1765 remissa
2097 1739 2202 1778 quae-

94 1792 263 1832 cumque
282 1779 567 1832 provinciarum
589 1793 727 1825 onera,
756 1778 1005 1832 sumptusque
1022 1792 1160 1820 omnes
1175 1780 1343 1834 quitum
1363 1780 1402 1819 in
1424 1779 1721 1834 Magistratuum
1741 1784 1779 1819 &
1796 1780 2030 1835 Legatorum
2052 1780 2200 1821 adven-

92 1845 156 1880 tu,
183 1845 266 1874 tum
294 1835 334 1873 in
361 1834 638 1875 Proconsulum
663 1835 849 1876 comitatu
876 1832 956 1875 fieri
979 1833 1175 1882 solebant,
1203 1834 1254 1878 de
1278 1834 1419 1889 quibus
1442 1835 1593 1876 erudite
1617 1835 1672 1878 111.
1697 1835 1953 1890 Spanhemius
1974 1836 2064 1876 Diff
2082 1849 2120 1886 9.
2142 1835 2200 1881 10.

93 1901 238 1945 quutus
253 1889 320 1929 est.

147 1966 232 2008 Hic
254 1980 424 2009 nummus
438 1968 586 2008 minimi
601 1967 743 2009 moduli
759 1967 896 2009 obvius
915 1964 1158 2024 &frequens
1174 1967 1236 2022 cst.

145 2528 170 2554 c
180 2527 206 2553 o
219 2524 258 2552 L.
291 2524 318 2550 A
333 2524 360 2551 v
371 2523 410 2550 G.
441 2523 467 2550 ‘r
483 2522 515 2551 R
526 2523 553 2550 o
567 2523 594 2550 A
604 2523 644 2550 n.
675 2509 830 2550 Colonia
849 2509 1022 2565 Augusta
1039 2507 1264 2561 Troadensis.
1294 2510 1430 2566 Equus
1445 2508 1625 2566 pascens,
1652 2514 1691 2552 δε·
1707 2511 1830 2554 arbor.

139 2590 277 2644 Equus
301 2589 478 2641 pascens,
505 2587 555 2626 ad
577 2587 713 2627 urbem
739 2589 788 2628 ab
813 2588 993 2629 omnibus
1017 2589 1172 2630 tributis⁴
1188 2589 1400 2631 immunem
1423 2589 1669 2631 indicandam
1691 2590 1857 2647 signatus
1874 2591 1939 2633 est.
1968 2593 2186 2638 Alexander

89 2645 264 2700 Magnus
280 2642 481 2683 Troadem
496 2641 632 2681 urbem
648 2641 805 2683 liberam
825 2647 866 2683 &
882 2644 1012 2685 tributi
1030 2645 1244 2685 immunem
1261 2644 1336 2685 eflc
1349 2645 1496 2699 primus
1511 2646 1655 2693 voluit,
1685 2648 1773 2687 cum
1793 2647 1814 2686 a
1835 2661 1964 2702 pugna
1981 2649 2029 2689 ad
2047 2651 2185 2692 Grani-

89 2714 180 2742 cum
204 2700 243 2739 in
267 2711 351 2738 eam
378 2695 617 2743 ascendisset,
647 2697 740 2738 teste
766 2698 953 2739 Strabone
976 2699 1039 2739 lib.
1072 2713 1132 2751 13.
1159 2713 1196 2752 p.
1225 2713 1314 2752 593.
1352 2704 1696 2749 Eaaaegyvn‘nejvaf,
1720 2709 1744 2755 ,ᾖ
1762 2705 1884 2750 ἔφορον.
1924 2703 2032 2743 Inter
2046 2705 2184 2747 llberas

116 2767 232 2812 noque
256 2753 303 2797 ὠ
329 2752 466 2792 tributi
484 2753 664 2792 immunes
680 2752 854 2805 retuliffe.
884 2754 1069 2808 Cumque
1084 2753 1146 2794 illa
1162 2755 1201 2793 in
1222 2754 1436 2795 Alexandri
1452 2755 1703 2797 successorum
1724 2756 1990 2809 posseffionem
2007 2759 2185 2808 ceffiffet‚

86 2770 250 2852 {enatus
267 2807 513 2862 Populusque
536 2807 740 2848 Romanus
760 2807 921 2849 Seleuco
948 2809 1052 2864 Regi
1079 2808 1282 2849 amicitiam
1308 2813 1346 2848 &
1368 2809 1585 2851 societatem
1600 2811 1651 2851 ita
1667 2811 1824 2851 demum
1846 2813 2036 2866 pollicitus
2051 2816 2105 2855 est
2113 2843 2124 2862 ,
2154 2817 2182 2857 fi

88 2864 392 2919 consanguineos
408 2862 495 2903 suos
511 2862 662 2903 Ilienses
681 2863 730 2903 ab
749 2864 857 2904 omni
875 2877 993 2905 onere
1012 2865 1202 2905 immunes
1222 2863 1444 2917 praestitiss‘et
1461 2885 1472 2911 ς
1501 2865 1644 2905 deinde
1658 2868 1747 2906 cum
1765 2867 1936 2908 Romani
1954 2882 2084 2910 contra
2106 2873 2184 2911 An-

88 2921 262 2962 tiochum
279 2919 472 2974 Magnum
491 2918 574 2971 ejus
586 2917 703 2959 filium
721 2918 860 2958 bellurn
878 2930 1074 2975 gererent,
1102 2919 1250 2974 ingreffi
1262 2919 1389 2960 Afiam
1401 2947 1413 2966 ,
1442 2920 1553 2960 llium
1570 2934 1776 2968 venerunt,
1807 2926 1865 2969 &,
1894 2935 1936 2963 ut
1951 2925 2180 2978 aitjustinus

90 2978 151 3017 lib.
165 2989 185 3030 3
197 2990 225 3016 1.
237 2991 268 3016 c.
283 2977 317 3015 8.
346 2975 492 3014 Mutua
501 2973 719 3029 gratulatio
734 2973 920 3022 Ilienfium
940 2989 986 3014 ac
999 2975 1254 3015 Romanorum
1257 2975 1347 3028 fuit
1360 2995 1371 3020 ς
1384 2975 1576 3027 Ilienstbus
1595 2977 2034 3034 QAEneamffaeterosqzie
2050 2995 2132 3019 cum
2141 2995 2181 3022 eo

88 3032 228 3072 Duces
253 3030 276 3070 d
294 3028 341 3080 se
359 3028 568 3082 profecJos,
597 3029 782 3069 Romanis
794 3029 843 3081 se
865 3030 915 3069 ab
936 3029 998 3070 his
1006 3039 1226 3084 procreatos
1251 3030 1519 3083 referentibus,
1549 3041 1733 3087 tantaque
1750 3031 1889 3073 la’titia
1905 3037 2066 3073 omnium
2070 3035 2181 3086 fuit,

87 3095 233 3143 quanta
249 3085 317 3138 esse
325 3085 405 3138 post
417 3085 566 3139 longum
582 3092 726 3138 tempus
740 3086 840 3125 inter
844 3094 1026 3140 parentes
1042 3083 1090 3129 ὅθ’
1109 3085 1242 3126 liberos
1247 3085 1361 3140 folet.
1389 3086 1502 3126 Ilium
1519 3088 1539 3126 a
1559 3087 1724 3127 Fimbria
1740 3088 1932 3127 incensum
1949 3089 2024 3135 est,
2054 3090 2118 3130 sed
2136 3105 2179 3134 ut

85 3143 139 3184 ait
154 3142 288 3182 Strabo
304 3140 392 3180 loco
412 3141 474 3181 cit.
499 3139 610 3193 Sylla.
641 3143 699 3179 τές
712 3145 751 3186 dl:
767 3148 860 3182 Ιλιέοις
875 3144 1093 3190 παρεμυθήσατο
1109 3153 1209 3181 πηλοῖς
1230 3146 1472 3194 ἐπανορθώμωσι.
1500 3142 1656 3194 Ilienses
1681 3143 1812 3182 multis
1835 3143 2019 3194 beneficiis
2042 3145 2175 3198 refecit

86 3207 203 3252 atque
224 3195 433 3247 confitlatus
449 3195 509 3245 est.
531 3195 657 3249 Julius
674 3197 801 3237 Caesar
820 3197 928 3239 fimul
948 3201 986 3237 &
1001 3198 1261 3238 Alexandrum
1279 3200 1448 3240 imitatus
1464 3199 1528 3239 est.
1561 3201 1668 3246 xafgqv
1683 3216 1711 3236 π
1727 3202 1763 3240 δὴ
1779 3201 1969 3246 wahan&
1982 3205 2099 3242 αὐτοῖς,
2122 3205 2172 3252 ³24}

88 3255 142 3292 alu)
157 3255 352 3298 ἐλόῖθτςλουκ,
377 3258 400 3305 »ὲ
419 3254 473 3290 niu)
486 3257 713 3303 οὶλε-ιτκξγγσίοιν
728 3260 828 3293 οἱυτοῖς
840 3257 1054 3299 σιωεφόλοιξε,
1081 3261 1105 3307 »ᾖ
1122 3261 1222 3303 paiz&
1238 3263 1293 3292 νιιῦ
1307 3258 1482 3304 ο-υμμῦἰύεσιν
1499 3262 1530 3293 ὸν
1544 3258 1652 3295 nii-ote.
1683 3254 1819 3308 Itaque
1836 3251 1883 3296 ό
1900 3268 2031 3309 agrum
2047 3257 2097 3295 iis
2111 3266 2172 3298 at.

82 3310 218 3350 tribuit
229 3307 275 3352 &
286 3307 518 3353 libertatem,
533 3309 839 3364 publicarumque
858 3320 1048 3363 operarum
1062 3311 1340 3350 immunitatem
1357 3313 1412 3350 eis
1415 3310 1602 3363 servavit
1608 3337 1621 3357 ,
1647 3308 1722 3364 qud
1739 3307 1949 3349 conditione
1966 3311 2172 3359 etiamnum

82 3373 244 3405 manent.
287 3364 351 3403 De
367 3363 501 3403 arbore
524 3363 620 3416 quid
636 3363 863 3411 sentiamus,
890 3365 929 3404 in
950 3364 1122 3418 sequenti
1143 3379 1306 3406 nummo
1323 3366 1454 3407 videre
1473 3367 1538 3407 est.

131 3441 214 3483 Hic
232 3455 402 3482 nummus
418 3439 555 3493 infimae
571 3442 679 3483 molis
696 3445 797 3485 inter
812 3457 916 3484 raros
932 3442 1206 3496 adscribendus.

1409 4000 1528 4055 Ee3
