2491 4219
629 157 1667 208 ELAGABALUS,
2153 172 2214 220 '7¹9

109 229 172 268 '1‘M
186 241 220 267 P.
251 241 286 267 c.
320 241 347 266 A
362 241 444 268 VR.
478 241 504 268 A
518 241 549 267 N
562 241 586 267 T
601 241 637 267 o.
668 241 703 266 p.
736 239 774 265 F.
806 239 831 264 A
848 240 874 264 v
887 240 926 266 G.
966 226 1100 279 Caput
1117 216 1310 282 Elagabali
1330 228 1552 267 laureatum.

162 297 188 322 A
205 297 227 322 E
241 297 278 322 L.
312 297 347 322 M
362 297 386 321 v
401 297 443 322 N.
475 298 497 323 e
508 299 533 323 O
545 297 559 322 1
572 298 610 322 L.
642 296 668 320 A
683 294 727 320 N.
765 280 952 326 &Elium
959 282 1215 337 lllnnim'pimn
1228 282 1485 324 Coillutanum
1495 283 1813 323 Antoninianum.
1853 282 1999 324 Silenus
2013 282 2114 323 stans
2127 282 2219 323 dex·—

218 348 311 377 tram
330 338 489 383 attollit,
517 338 613 377 laevo
631 337 795 376 humero
812 349 934 377 utrem
955 337 1144 378 hircinum
1162 339 1270 393 gerit.

160 416 290 455 Coillu
314 415 573 468 Municipium
590 416 628 454 in
646 414 861 461 Numidia,
892 416 1029 462 &Elii
1049 429 1193 456 nomen
1215 416 1262 456 ab
1280 415 1482 457 Hadriano
1501 414 1673 470 praefert,
1702 416 1764 456 cui
1784 418 2039 456 Antoniniani
2057 416 2217 456 alterum

103 471 144 510 in
164 471 366 511 Caracallae
386 471 576 510 honorem
594 498 606 516 ,
635 482 678 509 ut
693 471 859 509 diximus
879 471 917 510 in
937 472 1020 524 ejus
1038 472 1206 511 nummis
1221 498 1234 517 ,
1262 471 1371 511 addit
1391 499 1402 517 ,
1431 472 1602 524 plurimis
1620 472 1798 515 nimirum
1828 471 2022 512 beneficiis
2041 471 2088 511 ab
2109 483 2215 511 utro-

103 539 183 578 que
209 526 383 577 aeceptis.
432 526 539 564 Cum
566 537 693 564 autem
723 526 946 578 Elagabalus
970 540 1041 580 pro
1068 527 1257 567 Antonini
1282 525 1362 566 filio
1387 526 1539 568 habitus
1561 526 1771 580 Imperium
1790 528 1952 581 adeptus
1973 527 2065 567 esset
2084 554 2096 573 ,
2125 541 2216 567 mox

102 579 317 621 Coillutani
341 580 376 619 in
409 581 523 633 patris
547 579 878 620 munificentiffimi
904 581 1128 621 memoriam
1157 594 1339 621 nummos
1363 581 1431 635 ipsi
1457 582 1692 624 dedicarunt.
1740 583 1802 622 De
1824 583 1888 622 illo
1913 582 2155 636 Lampridius
2176 583 2216 623 in

78 634 85 639 “
102 635 220 688 ipfius
238 637 324 675 vita.
357 635 514 675 Nabim
536 636 738 689 Imperium
755 636 916 676 Romam
931 637 1086 675 nuntios
1102 635 1201 687 misit·
1220 652 1227 676 :
1245 637 1512 691 'excitatisque
1530 638 1702 678 omnibus
1719 638 1949 684 Ordinibus,
1979 641 2077 678 omni
2099 640 2217 678 etiam

96 691 232 745 populo
257 692 310 731 ad
337 705 466 730 nomen
493 691 731 730 Antoninum
744 717 755 736 ,
782 690 883 745 quod
902 705 976 730 non
989 690 1116 742 solum
1132 692 1269 737 titulo,
1299 701 1342 732 ut
1362 693 1404 732 in
1420 692 1669 734 ‘Diadumeno
1675 694 1838 746 fuerat,
1855 693 1933 743 sed
1946 696 2060 733 etiam
2075 696 2116 733 in
2122 693 2219 743 san-

94 748 216 805 guine
233 746 421 785 redditum
437 745 665 792 videbatur,
693 760 807 800 quum
814 745 863 796 st'
878 747 1119 785 Antoninum
1137 747 1307 796 Baffium‘
1314 747 1654 802 filiumscrzpfiffit
1671 751 1802 802 ingens
1825 749 1905 796 ejus
1922 748 2135 799 dqszderinm
2142 749 2216 802 fa-

104 802 208 842 &mn
234 801 295 853 cst.
333 801 502 840 S1lenum
526 801 605 853 jam
623 801 662 840 in
691 801 887 841 Caracalla
916 800 1021 855 apud
1051 801 1305 846 Coellutanos
1329 802 1476 845 summa
1500 804 1748 845 veneratione
1776 803 1923 844 cultum
1939 803 2125 851 diximus,
2149 803 2217 844 ‘ille

104 858 208 899 enim
226 856 370 897 Bacchi
388 857 573 897 nutricius
596 861 634 896 ὃς
652 869 867 912 praeeeptor
883 869 962 897 erat
974 884 986 902 ,
1016 856 1065 896 de
1080 871 1162 910 quo
1182 856 1321 903 Horat.
1342 859 1379 898 in
1403 858 1513 900 Poec.

94 919 100 927 ’
597 928 666 967 An
687 928 804 976 custos
807 926 1056 982 famulusque
1075 929 1163 967 Dei
1179 927 1328 972 Silenus
1345 927 1497 969 alumni.

29 1003 42 1018 ²*
94 1038 97 1044 .
156 1012 239 1053 Hic
252 1026 424 1054 nummus
439 1013 746 1068 minimaefhrmae
756 1040 768 1061 ,
779 1013 993 1070 stngnlaris
1012 1012 1058 1056 &J
1077 1027 1186 1054 rarus
1199 1014 1257 1067 cst.

885 1117 1426 1160 CREMNA.

13 1776 36 1806 rt]
95 1766 160 1806 zM
173 1770 208 1798 Ρ.
241 1772 264 1799 c
279 1771 307 1798 A
322 1771 343 1798 E
355 1771 389 1798 s.
419 1771 467 1797 M.
498 1773 526 1798 A
540 1772 566 1798 v
579 1768 620 1798 R.
654 1771 682 1798 A
697 1771 728 1797 N
741 1772 765 1799 τ
778 1772 805 1800 o
819 1772 850 1799 N
863 1773 877 1799 1
890 1773 922 1799 N
933 1773 961 1801 v
975 1773 1009 1801 s.
1040 1761 1175 1816 Caput
1190 1760 1385 1817 Elagabali
1403 1759 1622 1805 laureatum.
2146 1813 2149 1816 .

149 1830 172 1856 c
185 1828 211 1854 o
223 1828 261 1854 L.
294 1828 309 1853 1
325 1828 350 1853 v
362 1828 400 1853 L.
436 1828 462 1852 A
476 1827 500 1852 v
514 1828 554 1854 e.
587 1827 685 1854 can
697 1827 734 1853 M
746 1828 777 1854 N
789 1829 831 1855 A.
870 1815 1026 1856 Colonia
1051 1816 1170 1869 Julia
1193 1817 1366 1873 Augusta
1393 1819 1564 1860 Cremna.
1600 1819 1746 1875 Aquila
1768 1819 1976 1877 legionaria
1999 1820 2098 1862 inter
2125 1820 2207 1862 duo

205 1869 310 1923 figna
328 1869 510 1910 militaria.

147 1949 340 1994 Cremna,
359 1948 447 1988 urbs
467 1948 521 1988 est
538 1947 686 1987 Pifidiae
701 1949 740 1987 in
752 1948 991 2004 Pamphyliae
1007 1951 1198 1998 confinio,
1213 1952 1382 1994 Colonia
1395 1953 1578 1995 Romana
1591 1956 1685 1997 teste
1701 1956 1892 1998 Strabone
1909 1955 1974 1997 lib.
1989 1970 2005 1996 1
2017 1970 2052 1996 2.
2065 1970 2101 2011 p.
2119 1960 2206 2007 569.

13 2044 19 2052 ,
89 2009 159 2053 *rho*
173 2007 226 2053 ,ιδξδ
240 2007 272 2042 ἓν
291 2009 426 2055 Reiorum
442 2008 551 2046 olavam·
568 2008 705 2053 Ρωμαίων
721 2009 833 2054 ἔχεων.
863 2007 1064 2046 Cremnam
1081 2007 1237 2048 Colonia
1246 2008 1502 2050 Romanorum
1517 2015 1727 2066 occupavit.
1757 2012 1919 2054 Nomen
1928 2012 2053 2065 Juliae
2068 2019 2090 2053 a
2107 2012 2209 2066 Julio

24 2058 25 2061 ¹
89 2063 241 2104 Caesare
257 2062 526 2108 constitutam,
554 2062 734 2117 Augustae
756 2063 849 2102 vero
867 2061 914 2101 ab
939 2063 1119 2117 Augusto
1138 2062 1341 2104 Veteranis
1357 2062 1640 2118 frequentatam
1660 2067 1826 2114 indicat,
1854 2069 1965 2122 quod
1994 2069 2137 2122 Aquila
2154 2069 2206 2109 le-

88 2119 260 2174 gionaria
288 2131 377 2157 cum
406 2117 519 2171 fignis
543 2117 766 2157 militaribus
793 2118 834 2157 in
851 2131 1016 2156 nummo
1035 2117 1221 2171 insculpta
1241 2119 1467 2166 confirmat,
1495 2120 1524 2159 fi
1540 2122 1701 2174 quidem
1722 2123 1901 2163 Coloniae
1921 2123 2089 2164 militatis
2110 2124 2207 2178 sym-

89 2175 223 2216 bolum
242 2173 307 2213 est.
348 2173 540 2213 Cremnaei
567 2172 774 2226 Elagabalo
797 2185 866 2226 per
897 2185 1079 2219 nummos
1107 2172 1336 2226 obsequii&
1356 2173 1545 2225 fidelitatis
1560 2176 1634 2222 suae
1652 2177 1902 2233 perhibentes
1922 2179 2203 2228 testimonium„
2254 2175 2255 2178 ¹

87 2228 193 2285 figna
207 2228 378 2277 militaria
398 2227 448 2268 ad
466 2227 646 2274 Coloniae
663 2241 710 2274 ex
727 2227 930 2269 Veteranis
945 2226 1135 2282 originem
1152 2227 1398 2284 indicandam
1414 2231 1605 2273 caelarunt.
2201 2230 2208 2239 ²

94 2310 104 2370 ᾗ
141 2313 226 2362 liic
244 2328 416 2362 nummus
423 2313 604 2367 secundae
619 2313 899 2372 magnitudinis
918 2316 1019 2358 inter
1037 2313 1238 2365 rariffimos
1253 2315 1502 2362 collocandus,

874 2423 1214 2472 {DJUM

83 3038 145 3079 zm
157 3045 194 3072 Ρ.
226 3047 262 3073 e.
291 3041 341 3074 Μ.
375 3047 402 3073 A
416 3048 442 3074 v
454 3042 497 3074 R.
530 3047 557 3075 A
571 3047 601 3074 N
613 3047 638 3075 T
652 3048 678 3074 o
691 3047 722 3075 N
733 3048 748 3075 1
759 3048 791 3075 N
802 3048 830 3075 v
844 3048 874 3075 s.
903 3035 964 3077 Ca
996 3047 1039 3078 ut
1056 3034 1252 3092 Elagabali
1267 3033 1490 3080 laureatum.

135 3103 158 3129 e
170 3102 242 3130 οι.
274 3103 289 3128 1
302 3103 328 3128 v
340 3103 375 3130 L.
407 3104 433 3130 D
443 3104 459 3130 1
470 3104 493 3129 E
506 3103 537 3129 N
550 3104 569 3131 s
583 3104 597 3130 1
612 3104 645 3131 s,
675 3105 703 3131 D
714 3106 754 3132 D.
784 3091 940 3133 Colonia
954 3049 1072 3144 §ulia
1087 3092 1258 3143 Dienfis.
1287 3093 1460 3136 Decreta
1477 3094 1752 3137 ‘Decurionum
1790 3096 1938 3151 Jupiter
1951 3097 2072 3143 stans,
2100 3098 2194 3139 dex·

192 3144 249 3184 tta
268 3156 438 3198 pateram
449 3172 462 3191 ‚
493 3145 634 3187 sinistra
650 3146 817 3194 hastam,
846 3161 920 3202 pro
937 3148 1101 3202 pedibus
1115 3162 1230 3203 prora
1247 3149 1376 3196 navis,
1404 3150 1446 3190 in
1461 3149 1541 3191 aliis
1557 3151 1710 3205 Aquila.

107 3234 233 3276 -Tam
250 3235 393 3276 clarum
409 3236 516 3290 apud
534 3237 728 3292 Populum
748 3237 995 3285 Romanum,
1021 3239 1259 3293 provincias,
1288 3239 1470 3288 &urbes‚
1502 3241 1691 3281 Antonini
1708 3254 1873 3288 nomen,
1903 3241 1945 3282 ut
1962 3241 2187 3296 Lampridio

73 3291 167 3335 teste
184 3292 222 3330 in
244 3291 479 3332 Diadumen.
511 3291 578 3332 Illi
595 3307 662 3334 nec
681 3295 857 3335 Deorum
873 3308 1003 3334 nomen
1019 3294 1203 3335 commode?
1217 3294 1413 3335 videretur
1429 3297 1600 3351 adjungi.
1632 3296 1859 3351 Elagabalus
1878 3307 2027 3344 autem,
2055 3300 2124 3353 qui
2143 3300 2186 3340 il-

71 3343 140 3389 lud
160 3346 403 3399 assumpserat
411 3375 423 3394 ,
451 3348 631 3388 omnibus
648 3363 756 3390 carus
771 3350 914 3397 extitit,
943 3349 993 3389 de
1008 3364 1090 3404 quo
1105 3362 1233 3391 narrat
1249 3350 1355 3391 idem
1371 3351 1607 3398 Historicus‚
1637 3352 1715 3393 Ubi
1732 3353 1773 3391 in
1795 3351 1941 3392 Senatu
1961 3353 2067 3394 leuae
2081 3354 2182 3406 fitnt

69 3401 209 3444 ¹litterae
234 3403 464 3458 Elagabali‚
481 3403 619 3455 statim
632 3404 768 3457 fausta
790 3407 830 3445 in
855 3406 1116 3452 Antoninum,
1144 3406 1192 3450 ὠ
1216 3406 1300 3446 dira
1324 3409 1366 3446 in
1389 3407 1612 3446 Macrinum
1636 3405 1788 3460 ejusque
1802 3407 1933 3459 filium
1949 3408 2057 3449 dicia
2066 3409 2177 3461 fimt.

68 3455 230 3498 Dienses
248 3458 512 3505 Macedoniae,
540 3471 584 3498 ut
599 3462 637 3498 δε
653 3460 777 3500 caeteri
793 3460 929 3515 populi
945 3474 1051 3500 novo
1067 3461 1293 3515 Imperatori
1312 3461 1572 3508 blandientes,
1601 3474 1785 3501 nummos
1800 3463 1834 3501 ei
1849 3462 1936 3503 suos
1952 3464 2176 3506 obtulerunt

68 3526 158 3557 cum
174 3513 277 3565 Jove
292 3514 487 3568 praecipuo
507 3514 610 3554 urbis
630 3514 829 3561 Numine,
858 3515 908 3555 de
924 3516 1032 3567 cujus
1051 3517 1196 3571 templo
1217 3518 1256 3557 in
1277 3517 1381 3571 Sept.
1400 3517 1543 3557 Severo
1567 3515 1745 3556 diximus.
1784 3516 1853 3558 Ille
1879 3530 2049 3570 pateram
2075 3521 2173 3575 gerit

67 3568 121 3612 ob
150 3568 323 3609 sacrificia
345 3585 417 3625 pro
443 3569 649 3625 Elagabalo
676 3569 742 3610 fibi
766 3570 873 3611 fasta.
903 3570 1046 3624 Aquila
1065 3571 1115 3612 ad
1130 3573 1213 3626 ejus
1231 3571 1375 3625 pedes,
1404 3571 1472 3626 ipsi
1493 3571 1593 3612 sacra
1614 3572 1689 3618 est,
1719 3586 1808 3613 nam
1824 3574 1918 3614 teste
1934 3575 2108 3630 Didymo
2129 3575 2167 3616 in

66 3623 190 3664 Hom.
216 3624 320 3665 Iliad.
352 3640 387 3673 9.
418 3626 507 3666 cum
532 3624 674 3678 Aquila
693 3625 786 3679 Jovi
817 3625 1044 3680 apparuisset
1068 3638 1201 3668 contra
1219 3628 1409 3682 Gigantes
1425 3627 1646 3675 decertans,
1673 3627 1797 3669 victor
1809 3643 1895 3670 eam
1915 3630 2021 3673 bono
2038 3631 2167 3671 omine

69 3689 268 3732 acceptam
287 3681 413 3731 tutelae
435 3680 509 3721 suae
528 3681 695 3734 subjecit.

123 3768 207 3809 Hic
220 3783 390 3813 nummus
397 3772 577 3824 ficundae
597 3772 646 3819 ὅγ’
662 3774 974 3828 minimaeformae
993 3788 1101 3815 rarus
1115 3775 1176 3827 est.
