2491 4219
253 190 2298 315 &aaanaemaaaaaaaaaaaaaaaaaaaa

266 267 2309 346 aaaaaaaaafflaaaaaaaaaaassasse&

472 1073 487 1101 2
502 1079 536 1117 :21
555 1056 596 1097 R
609 1070 636 1096 A
651 1069 682 1096 N
696 1069 764 1109 Qu
777 1069 792 1096 1
804 1071 830 1097 L
841 1070 867 1097 L
879 1069 894 1096 1
906 1068 937 1095 N
949 1068 974 1095 A
1006 1053 1055 1096 ab
1071 1054 1253 1096 Historiae
1268 1054 1524 1109 Scriptoribus
1539 1053 1786 1108 Imperatoris
1803 1053 1993 1095 Gordiani
2012 1053 2069 1094 Pii
2086 1067 2183 1096 uxor
2200 1054 2331 1110 perhi-

531 1119 535 1159 ξ
555 1113 666 1153 betur
680 1140 693 1160 ,
722 1112 787 1153 sed
809 1111 977 1152 nummis
1002 1110 1127 1152 Furiae
1151 1115 1190 1151 &
1208 1111 1371 1153 Sabiniae
1392 1110 1477 1164 ejus
1499 1110 1777 1165 appellationes
1799 1110 2009 1157 debemus,
2038 1110 2078 1151 in
2102 1111 2331 1166 quibusdam

441 1211 448 1217 K
466 1167 499 1203 ⁵
532 1164 534 1180 ;
553 1170 646 1209 vero
663 1169 809 1209 Graecis
825 1168 886 1208 illa
905 1171 1022 1221 ‹1›ngae
1042 1180 1247 1223 perperam
1270 1181 1344 1222 pro
1368 1170 1487 1213 Φκόω,
1512 1169 1642 1206 >zucam
1661 1181 1734 1221 pro
1750 1170 1877 1203 Σωςινίω
1897 1166 2127 1221 appellatur,
2155 1181 2242 1222 quae
2259 1181 2334 1209 no-

234 1252 246 1261 <
261 1266 273 1278 Ο
296 1271 304 1277 x
451 1229 534 1266 12³3«
552 1225 654 1265 mina
674 1225 695 1264 a
711 1237 831 1265 matre
850 1225 1032 1266 Romana
1048 1223 1264 1276 affumpfit,
1291 1224 1381 1264 cum
1396 1236 1506 1279 pater
1522 1223 1605 1277 ejus
1622 1221 1829 1263 Mifitheus
1845 1223 2000 1264 natione
2023 1222 2182 1264 Graecus
2196 1222 2337 1265 fuerit:

236 1272 296 1349 βξ
383 1281 532 1335 ’Ὁ-’,δς-’ξ
548 1281 627 1335 ipsa
645 1280 851 1321 Gordiano
870 1280 1037 1336 nupfisle
1057 1279 1188 1333 paucis
1204 1278 1342 1320 diebus
1359 1291 1447 1321 ante
1465 1278 1652 1320 Perficam
1670 1279 1753 1333 ejus
1771 1278 2058 1333 expeditionem
2077 1278 2249 1326 videtur,
2274 1279 2330 1320 ita

219 1318 533 1386 wvmcffl—amffiffg
550 1348 593 1378 ut
608 1337 770 1377 Senatus
787 1336 857 1390 ipfi
877 1338 940 1378 vix
960 1349 1144 1377 nummos
1160 1347 1250 1377 ante
1270 1336 1353 1389 ejus
1369 1333 1569 1376 discessum
1589 1334 1733 1390 fignare
1756 1335 1927 1388 potuerit
1947 1353 1959 1381 ς
1994 1335 2141 1375 eximiae
2157 1335 2259 1375 enim
2276 1348 2334 1375 ra-

214 1388 335 1431 ritatis
353 1396 438 1432 lunt
455 1395 491 1430 &
511 1393 707 1448 elegantia:
727 1407 735 1431 :
765 1407 905 1434 aereum
923 1407 1046 1434 unum
1064 1391 1223 1444 majoris
1242 1391 1392 1432 moduli
1411 1405 1500 1432 cum
1521 1391 1556 1431 S.
1572 1391 1620 1430 C.
1639 1391 1740 1431 notis
1757 1389 1889 1430 cusum
1905 1389 2074 1430 vidimus
2090 1417 2102 1437 ,
2131 1401 2333 1446 argenteos

215 1459 346 1486 autem
364 1459 532 1501 quatuor
551 1448 611 1488 vel
629 1449 825 1502 quinque,
852 1449 1007 1504 plurimi
1023 1461 1155 1490 autem
1175 1448 1304 1488 Graeci
1321 1450 1359 1487 ὃς
1374 1448 1468 1488 varii
1485 1446 1667 1487 Colonici
1686 1447 1950 1501 reperiuntur,
1977 1447 2068 1486 cum
2086 1446 2148 1488 illa
2165 1447 2334 1501 Impera-

215 1511 341 1542 torem
359 1503 397 1543 in
412 1503 549 1544 itinere
566 1503 612 1545 fit
629 1505 822 1545 comitata.

271 1580 313 1620 T
323 1595 350 1621 R
366 1595 393 1622 A
409 1595 439 1621 N
452 1596 520 1637 Qu
531 1597 546 1623 1
557 1598 583 1624 L
598 1598 623 1624 L
635 1597 651 1623 1
664 1596 693 1622 N
707 1597 744 1625 [Ε
775 1585 919 1624 nummi
932 1585 1031 1623 inter
1049 1579 1251 1633 rariffl‘mos
1267 1579 1516 1628 collocantur,
1539 1581 1750 1635 praefi’rtim
1769 1580 1925 1639 majoris
1941 1561 2091 1621 mocbtli.

909 1684 1469 1731 ANTIOCHIA
1520 1685 1648 1739 Syriae.

222 2357 246 2394 Φ
256 2368 282 2395 o
293 2364 319 2395 τ
329 2366 363 2393 P.
394 2364 417 2391 c
429 2363 456 2390 A
469 2363 503 2390 Β.
535 2360 560 2389 τ
573 2361 594 2388 1³
609 2359 636 2388 A
651 2357 682 2387 N
693 2359 719 2388 K
730 2356 757 2386 *r
766 2356 794 2385 A
805 2356 832 2385 A
845 2356 862 2385 1
873 2356 905 2385 N
918 2357 947 2384 A
977 2356 1001 2384 c
1013 2356 1037 2383 E
1049 2356 1085 2384 Β.
1124 2340 1260 2396 Caput
1270 2338 1398 2382 Furiae
1409 2337 1571 2379 Sabiniae
1581 2334 1872 2391 Tranquillinaess
1951 2393 1962 2396 -

280 2424 309 2450 A
322 2422 353 2449 N
364 2421 388 2447 T
401 2421 416 2446 1
429 2420 454 2446 0
469 2419 495 2445 x
507 2420 530 2445 E
540 2417 622 2446 ΩΝ.
651 2417 689 2443 Μ
700 2418 729 2444 H
742 2417 766 2442 T
782 2416 803 2441 P
813 2416 851 2442 o.
882 2413 908 2443 Κ
921 2414 947 2440 o
957 2412 984 2439 A
997 2413 1022 2439 o
1035 2413 1080 2439 N.
1111 2411 1146 2437 s.
1173 2412 1208 2438 c.
1239 2410 1274 2438 A.
1301 2411 1339 2436 E.
1384 2400 1544 2446 Ανποχὲων
1570 2397 1780 2438 Μητςοπόλεως
1803 2398 1961 2434 Κολωνίοις.
1996 2388 2341 2446 Senatusbonficlto'l

333 2470 521 2514 Δημαςχικῆς
537 2463 664 2506 ἐξὸοίαε.
701 2457 846 2500 Mulier
870 2456 994 2499 velata
1020 2459 1059 2495 δε
1079 2453 1212 2496 turrita
1229 2452 1367 2494 sedens
1383 2452 1424 2493 in
1443 2451 1628 2507 rupibus,
1657 2450 1789 2492 dextra
1807 2449 1927 2505 spicas
1942 2475 1955 2497 ‚
1984 2462 2059 2504 pro
2077 2449 2244 2505 pedibus
2262 2450 2340 2505 flu-⁴
2405 2453 2409 2459 '
2462 2439 2464 2442 ‚

332 2520 418 2561 vius
439 2531 648 2573 emergens.

280 2597 491 2639 Antiochia
509 2593 744 2649 Metropolis
761 2596 800 2632 &
812 2591 980 2633 Colonia
997 2590 1111 2645 Syriae
1123 2616 1136 2636 ,
1165 2601 1346 2629 nummos
1354 2586 1630 2642 Tranquillinae
1648 2599 1798 2628 memor
1815 2584 1868 2627 ob
1885 2584 2020 2626 urbem
2037 2584 2085 2625 ab
2100 2583 2339 2640 Imperatore

227 2655 433 2696 Gordiano
453 2663 713 2706 recuperatam
736 2647 913 2704 percussit
929 2674 940 2693 ‚
972 2647 1055 2687 haec
1078 2645 1182 2686 enim
1210 2645 1231 2685 a
1256 2643 1378 2685 Perfis
1397 2644 1477 2697 jam
1504 2655 1693 2697 occupata
1711 2653 1814 2689 erat,
1843 2641 1936 2683 teste
1954 2640 2180 2696 Capitolino
2197 2642 2237 2682 in
2254 2642 2340 2696 ejus

225 2711 315 2751 vita.
345 2711 482 2750 Etiam
497 2707 641 2759 ‘Persas
651 2734 663 2754 ,
686 2714 731 2745 ut
747 2705 855 2745 brevi
872 2703 993 2743 multa
1009 2704 1227 2742 conneffam
1237 2728 1250 2748 ‚
1267 2700 1315 2741 ab
1324 2699 1633 2750 Antiochenfium
1650 2699 1884 2744 cervicibus,
1906 2710 1999 2752 quas
2002 2697 2095 2752 jam
2109 2710 2230 2737 nexas
2239 2697 2339 2738 Per-

219 2765 408 2819 ficoferro
420 2763 605 2819 gerebant
622 2790 634 2810 ‚
664 2760 710 2805 &⁴
732 2760 857 2815 Reges
876 2759 1108 2812 Petfarum‚
1136 2754 1184 2801 (sy
1200 2756 1298 2811 leges
1314 2757 1534 2796 amovimus.
1573 2754 1673 2796 Ideo
1691 2753 1912 2795 Gordianus
1927 2752 2170 2806 summopere
2185 2753 2207 2792 a
2223 2752 2342 2807 Syriis

213 2811 442 2866 amabatur,
473 2830 514 2858 ut
530 2818 643 2858 refert
661 2818 764 2857 idem
779 2815 1024 2870 Capitolinus
1043 2829 1051 2854 z
1082 2812 1223 2854 Veritm
1239 2811 1462 2864 citmfi’cum
1476 2809 1552 2866 ipfi’
1566 2813 1750 2866 cogitaret
1766 2822 1924 2850 amorem
1947 2807 2002 2848 P.
2020 2807 2187 2848 Romani
2204 2806 2251 2852 ὁ·
2272 2809 2338 2850 Se-

227 2885 343 2918 natus
358 2879 459 2915 circa
479 2873 730 2918 Gordianum,
759 2870 806 2915 ὠ
831 2874 952 2911 totjus
970 2869 1119 2924 Africae
1134 2883 1180 2908 ac
1197 2867 1324 2924 Syriae.
1354 2867 1499 2908 Mulier
1516 2867 1618 2908 urbis
1644 2867 1697 2907 est
1721 2865 1893 2922 Genius,
1919 2861 2057 2924 insidet
2078 2863 2257 2918 rupibus,
2285 2863 2338 2906 ad

227 2931 477 2972 indicandum
495 2929 577 2975 eius
594 2930 633 2968 in
651 2929 750 2968 clivo
767 2927 888 2967 situm.
918 2926 1078 2967 Fluvius
1095 2924 1269 2965 Orontes
1293 2924 1348 2964 est
1371 2936 1505 2964 muros
1524 2922 1608 2977 ejus
1636 2922 1778 2964 alluens
1794 2942 1806 2968 3
1832 2920 1893 2960 illa
1913 2919 2038 2981 ‘spicas
2060 2920 2180 2975 gerit,
2205 2919 2257 2961 ad
2277 2934 2336 2974 arg

226 2987 421 3044 guendam
440 2985 621 3025 frumenti
638 2985 678 3024 in
695 2997 788 3039 agro
806 2983 874 3023 suo
891 2979 1178 3022 abundantiam.
1208 2979 1272 3019 De
1287 2979 1448 3019 vocibus
1467 2991 1501 3018 s.
1534 2993 1570 3019 c.
1601 2991 1637 3019 A.
1668 2993 1705 3019 ε.
1727 2976 1862 3032 paffim
1880 2975 2058 3017 diximus,

282 3065 365 3107 Hic
382 3077 554 3106 nummus
564 3064 698 3119 primae
715 3059 991 3118 magnitudmis
1010 3060 1111 3099 inter
1129 3054 1330 3109 rariffi'mos
1345 3054 1602 3108 ascribendus.

983 3157 1573 3207 CARRHQAE.

236 3779 374 3811 φοτρ.
407 3779 518 3805 CAn.
550 3776 970 3806 TPANKTAAINA.
1000 3778 1106 3806 CER.
1135 3757 1575 3818 CaputTranquillinae.‘
1777 3812 1783 3820 ι
1976 3811 1983 3818 ·
2317 3809 2329 3817 Ἴ

291 3838 328 3864 M
340 3838 368 3864 H
382 3836 406 3860 T
418 3836 451 3861 P.
485 3836 510 3861 1<
524 3835 550 3861 o
562 3833 601 3859 A.
632 3835 656 3860 1<
674 3836 698 3859 A
714 3836 734 3859 P
747 3835 767 3860 Ρ
782 3837 809 3862 H
822 3836 853 3862 N
864 3835 943 3863 nN.
974 3822 1184 3865 Μητςοπίλεως
1199 3824 1345 3860 Romulae:
1359 3827 1515 3869 Καρρηνῶν.
1545 3817 1678 3870 Caput
1693 3812 1878 3854 muliebre
1895 3822 2071 3855 turritum
2087 3815 2126 3854 &
2141 3811 2330 3858 velatum,

340 3878 451 3932 supra
468 3877 577 3933 quod
594 3876 760 3918 crescens
776 3878 911 3927 Luna,
939 3881 980 3920 &
994 3890 1084 3920 ante
1100 3876 1215 3924 illud,
1241 3875 1422 3918 columna
1436 3875 1499 3916 cui
1513 3870 1715 3927 impositus
1735 3869 1789 3910 est
1808 3868 1985 3910 cabirus·
2139 3922 2329 3966 Carrheni

2455 3837 2471 3866 ll
2476 3852 2491 3870 ,«
