2574 4214
922 173 966 220 A
1001 174 1046 221 U
1088 174 1129 219 G
1171 173 1212 219 U
1252 174 1277 218 S
1312 171 1360 218 'T
1397 166 1444 218 U
1482 168 1522 216 S.
2210 190 2272 225 47

177 259 198 286 Ρ
210 260 233 286 Ε
247 260 271 285 a
290 257 336 284 M.
351 267 355 271 -
368 259 391 285 c
403 258 430 284 A
443 257 467 282 E
481 254 514 282 S.
547 247 574 282 A
588 256 615 281 v
629 254 669 281 G.
700 237 890 292 ‘Permiffu
909 240 1071 290 Cael'aris
1087 239 1260 294 Augusti.
1300 239 1435 292 Caput
1455 236 1617 292 Augusti
1635 235 1717 276 fine
1733 236 1870 276 laurea.

231 315 247 340 1
258 315 283 340 v
297 315 334 340 L.
366 314 390 339 τ
401 313 433 340 R
447 312 489 337 A.
520 313 554 337 c.
586 312 625 337 L.
656 311 679 336 c
691 310 719 336 A
732 310 756 334 E
770 310 803 335 s.
839 294 957 347 Julia
973 295 1177 335 Tradcha.
1209 296 1327 335 Caius
1343 294 1493 334 Lucius
1509 291 1644 344 Caesar.
1681 292 1823 345 Capita
1837 290 1927 332 Caii
1945 294 1983 330 δε
1999 291 2107 332 Lucii
2120 293 2273 346 opposi-

286 356 332 396 tis
352 353 572 395 cervicibus.

229 431 465 474 Traduecani
485 432 523 470 in
542 429 762 484 adoptionis
781 429 869 469 Caii
891 432 929 468 ὃς
947 429 1056 469 Lucii
1074 429 1298 470 memoriam
1316 455 1327 474 ‚
1357 439 1423 468 aut
1443 427 1481 467 in
1500 439 1636 468 eorum
1660 424 1850 465 honorem
1877 437 2060 464 nummos
2077 451 2088 470 ,
2119 437 2162 464 ut
2181 426 2270 466 ante

173 487 480 529 Tarraconenses
493 513 504 532 ‚
533 486 710 539 Augusto
734 485 965 540 gratulantes
984 484 1253 538 percusserunt.
1292 484 1438 524 Eorum
1455 482 1708 536 adoptionem
1730 479 1779 519 ad
1795 494 1939 520 annum
1961 481 2016 520 U.
2036 481 2084 520 C.
2110 494 2131 532 7
2139 494 2200 533 37.
2219 481 2274 520 vi-

171 553 288 585 vente
307 542 482 598 Agrippa
498 553 605 595 patre
625 540 890 580 revocavimus
907 561 918 586 3
949 540 1012 580 illo
1027 552 1157 580 autem
1175 552 1331 580 mortuo
1343 567 1352 584 ,
1383 536 1729 592 Augustuthiliam
1751 535 1866 575 filiam
1879 563 1891 581 ‚
1919 535 2071 576 illorum
2090 548 2274 581 matrem,

172 600 213 639 in
229 598 515 639 matrimonium
533 597 693 636 Tiberio
710 596 912 636 collocavit
932 610 1035 636 anno
1055 609 1146 649 743.
1167 609 1210 635 ut
1225 596 1368 634 eruitur
1385 608 1431 633 ex
1445 595 1577 634 Dione
1594 593 1657 632 lib.
1674 604 1734 642 54.
1749 605 1833 645 pag.
1854 596 1939 642 546.
1975 601 2006 627 Εν
2023 593 2041 637 {3
2057 596 2098 638 τῷ
2115 593 2163 631 ‘ivi
2172 594 2272 636 ἐκείνῳ

175 658 230 694 ‘rlw‘
242 674 270 692 π
285 662 386 692 Izalam
402 661 444 702 τῷ
459 655 590 701 Τιὲεόῳ
609 655 746 701 musmo-5
761 680 770 695 ‚
798 659 821 705 u}
841 654 895 690 viu)
912 659 1070 689 ommam
1089 653 1143 688 ‘rlui
1159 652 1311 695 ἁδελφῖυ)
1324 655 1512 694 Σθτυῇοινὲο-ωι
1531 655 1671 695 ςς-ῧὲᾓτπ
1689 656 1735 685 ἐπὶ
1750 650 1771 689 Ξ
1787 654 1870 685 mlx
1885 651 1967 696 ἦρώκ.
2009 644 2152 687 Eodem
2173 659 2272 684 anno

173 711 327 763 Juliam
344 710 489 750 Tiberio
507 710 745 749 matrimonio
764 709 988 763 conjunxit,
1017 705 1065 750 CL*
1084 708 1295 746 Offaviam
1307 706 1474 758 furorem
1495 707 1584 746 vitai
1607 704 1827 759 defunffam
1847 706 1888 744 in
1893 704 2066 756 sacrario
2081 699 2276 755 Juliopu-

174 767 270 806 elice?
284 767 466 820 equsuit.

227 844 311 884 Hic
328 856 498 882 nummus
502 844 638 896 primae
652 840 927 897 magnitudinis
946 839 969 880 a
986 840 1041 881 P.
1058 838 1204 891 Noristo
1208 849 1298 895 pag.
1314 853 1380 890 92.
1395 839 1581 894 ‘fatigatus
1597 867 1609 887 ‚
1639 837 1687 883 ἔγ
1702 840 1744 879 in
1760 838 1881 890 museo
1898 835 2016 889 nostro
2035 834 2275 887 affervatum

172 902 322 940 eximiae
335 900 512 939 raritatis
530 896 577 942 ὠ
593 898 785 952 elegantiae
802 895 859 948 est.

169 1461 190 1488 Ρ
202 1460 226 1486 E
241 1458 270 1484 R
284 1457 330 1483 M.
362 1458 384 1484 c
399 1457 425 1483 A
439 1457 462 1483 E
476 1456 508 1482 s.
542 1457 569 1483 A
584 1457 610 1483 v
622 1457 663 1483 G.
695 1443 887 1495 Permiffit
904 1441 1064 1495 Caesaris
1076 1441 1249 1498 Augusti.
1290 1443 1424 1496 Caput
1443 1441 1617 1497 Augusti.

223 1515 276 1542 1v
288 1516 314 1540 L
326 1514 340 1540 1
352 1513 377 1539 A
412 1513 436 1538 Τ
448 1514 480 1539 R
495 1513 519 1539 A
534 1514 574 1539 D.
603 1498 719 1552 Julia
735 1499 939 1540 TraduHa.
972 1502 1085 1554 Apex
1103 1502 1141 1538 &
1162 1498 1380 1552 simpulum.
1421 1497 1471 1537 In
1491 1498 1589 1544 alto,
1618 1495 1879 1552 asperginum,
1907 1493 2208 1549 praefericulum‚
2227 1494 2272 1534 li-

273 1568 362 1598 tuus
376 1559 416 1596 ὃς
433 1566 576 1610 patera.

219 1633 385 1689 Insignia
401 1633 482 1674 haec
498 1630 733 1688 pontificalia
751 1635 787 1674 in
804 1645 972 1688 utroque
989 1646 1152 1673 nummo
1170 1631 1460 1672 &Traduftanis
1477 1629 1648 1685 percussa
1660 1657 1672 1676 ,
1702 1629 1751 1669 ad
1770 1628 2044 1670 Pontificatum
2062 1630 2271 1669 maximum

162 1691 327 1746 Augusti
348 1689 540 1743 spectant,
571 1703 689 1745 quem
709 1702 866 1730 mortuo
883 1689 1037 1743 Lepido
1053 1703 1155 1728 anno
1171 1700 1264 1740 741.
1282 1687 1343 1727 ille
1359 1689 1508 1741 accepit
1523 1700 1561 1739 4.
1580 1685 1748 1726 Kalend.
1769 1685 1925 1731 Martii,
1953 1696 1997 1724 ut
2012 1696 2122 1724 notat
2137 1685 2272 1725 Tabu-

165 1746 201 1786 la
226 1759 436 1786 marmorea
463 1745 569 1799 apud
600 1746 812 1785 Gruterum
842 1760 929 1800 pag.
962 1758 1056 1798 333.
1103 1758 1206 1784 HOC
1235 1757 1324 1782 DIE
1358 1756 1531 1783 CAESA
1548 1756 1577 1782 n
1616 1755 1837 1781 PONTIF.
1875 1753 1951 1780 MA
1967 1753 2083 1779 XIM.
2116 1754 2139 1780 F
2155 1755 2270 1780 Aer.

162 1815 218 1841 ns
233 1815 271 1840 T.
313 1801 477 1854 Apicem
506 1801 555 1840 ad
578 1800 850 1842 Pontificatum
875 1802 1085 1841 maximum
1107 1827 1119 1846 ‚
1155 1798 1360 1852 simpulum
1379 1798 1428 1838 ad
1447 1797 1680 1838 Pontificum
1699 1795 1904 1855 collegium
1921 1823 1935 1842 ,
1962 1795 2102 1836 lituum
2124 1795 2174 1835 ad
2192 1797 2274 1836 Au-

161 1870 273 1912 gures
291 1884 302 1902 ‚
332 1868 501 1910 pateram
519 1855 568 1895 ad
588 1855 811 1909 quindecim
832 1857 937 1896 viros
960 1856 1127 1909 spectare
1150 1854 1318 1895 diximus
1336 1870 1344 1894 z
1371 1853 1455 1895 haec
1473 1852 1635 1908 quidem
1654 1852 1872 1908 singulatim
1889 1863 2046 1905 accepta
2062 1878 2074 1897 ‚
2103 1851 2271 1907 singulo-

159 1925 246 1952 rum
264 1910 518 1951 sacerdotium
541 1911 725 1952 exhibent
743 1931 756 1958 3
786 1911 896 1951 fimul
921 1912 1015 1952 vero
1041 1913 1191 1965 sumpta
1208 1936 1221 1957 ‚
1255 1910 1460 1964 dignitates
1484 1910 1526 1949 in
1542 1908 1732 1949 Pontifice
1752 1907 1934 1948 Maximo
1950 1906 2178 1960 conjunetas
2193 1907 2270 1949 effe

159 1965 433 2007 demonstrant.

210 2044 296 2151 ῗίε
310 2056 481 2150 nffimmm
499 2057 608 2083 rarus
622 2043 694 2095 cst,
722 2043 821 2083 alter
841 2045 1008 2083 minima
1018 2043 1161 2097 formae
1182 2043 1208 2082 a
1223 2043 1276 2083 P.
1292 2042 1442 2094 Norifi'o
1458 2053 1545 2098 pag.
1563 2055 1628 2094 92.
1648 2041 1836 2098 vulgatus
1850 2067 1864 2089 ‚
1892 2040 1993 2082 alter
2011 2040 2209 2083 mediocris
2224 2042 2269 2083 in

158 2111 220 2138 mu
238 2112 278 2138 eo
297 2110 344 2136 no
375 2111 438 2137 ro..
699 2114 701 2117 ·

996 2188 1424 2233 TURJASO.

150 2816 167 2843 1
178 2816 214 2843 M
225 2817 259 2843 P.
292 2816 319 2842 A
334 2817 361 2843 v
373 2817 399 2844 G
412 2817 440 2842 v
451 2816 470 2842 s
486 2817 510 2844 T
523 2817 578 2844 vs
606 2817 641 2845 P.
665 2817 702 2843 P.
743 2803 878 2859 Caput
895 2805 1060 2861 Augusti
1080 2806 1306 2847 laureatum.

202 2873 240 2899 M
251 2871 278 2898 v
291 2872 335 2898 N.
363 2858 620 2914 Municipium
631 2887 644 2907 ‚
673 2860 714 2900 in
731 2874 875 2901 corona
890 2875 1066 2915 quercea.
1105 2875 1130 2901 Τ
1144 2876 1171 2901 v
1185 2877 1215 2903 R
1227 2876 1244 2901 1
1256 2877 1282 2902 A
1297 2877 1316 2902 s
1328 2877 1356 2903 o
1381 2863 1480 2904 circa
1498 2863 1698 2906 ambitum.

149 2992 157 2998 .
201 2934 358 2988 Turiaso
381 2937 470 2978 urbs
486 2937 684 2990 Hispaniae
702 2938 999 2981 Tarraconenfis
1016 2941 1054 2980 in
1073 2939 1277 2983 Celtiberis
1297 2956 1423 2997 prope
1444 2955 1618 2984 montem
1635 2943 1821 2984 Caunum·
1844 2942 1895 2984 ad
1912 2957 2074 2999 parvum
2089 2939 2254 2988 fiuvium

144 2999 186 3032 in
204 2991 359 3054 Iberum
374 2993 638 3047 prolabentem
649 3021 661 3041 ‚
688 2995 797 3049 cujus
815 2997 990 3038 meminit
1009 2998 1234 3039 Antoninus
1252 2998 1344 3039 Pius
1362 2999 1404 3038 in
1418 2999 1550 3040 Itiner.
1585 2999 1653 3040 Ab
1672 2999 1853 3048 Asturica
1861 3010 1932 3054 per
1949 3000 2171 3041 Cantabria.
2189 3034 2196 3040 .
2216 3034 2225 3043 .
2243 3033 2252 3042 .

145 3045 366 3087 Numantia
384 3062 433 3088 M.
454 3063 489 3088 P.
510 3064 611 3090 xxv.
639 3050 918 3107 Augustobriga
934 3067 985 3093 M.
1003 3067 1036 3094 Ρ.
1061 3058 1203 3094 xxvn.
1228 3053 1270 3094 T
1263 3053 1435 3108 uriasbne
1454 3069 1503 3096 M.
1525 3070 1556 3095 P.
1578 3070 1667 3096 XVI.
1697 3055 1803 3096 Inter
1819 3056 1962 3096 civium
1977 3055 2250 3099 Romanorum

143 3103 312 3167 populos
332 3103 545 3167 recensetur
568 3106 590 3145 ὲ
611 3105 736 3146 Plinio
759 3106 821 3147 lib.
845 3121 877 3161 3.
898 3123 981 3164 cap.
1002 3121 1036 3163 3.
1078 3109 1150 3150 Ex
1167 3109 1232 3149 his
1248 3111 1394 3150 civium
1410 3111 1666 3152 Romanorum
1682 3109 1979 3164 Turiasbnenst’s.
2016 3111 2064 3151 In
2080 3114 2250 3155 nummis

141 3171 236 3198 vero
254 3158 459 3214 Muntczpn
482 3160 595 3201 titulo
614 3160 789 3203 donatur.
827 3164 990 3206 Corona
1008 3166 1174 3220 qnercea
1193 3165 1247 3205 ob
1266 3168 1370 3207 cives
1390 3167 1437 3208 ab
1457 3167 1636 3222 Augusto
1654 3167 1833 3207 servatos.

142 3235 470 3334 ragennunzmus
486 3238 666 3347 sffundae
686 3241 962 3297 mgnitudinis
982 3242 1096 3300 paulb
1119 3242 1297 3297 diversus
1322 3245 1371 3287 ab
1388 3244 1488 3287 Ant.
1506 3246 1717 3302 Augustino
1736 3244 1853 3285 Dial.
1875 3257 1913 3298 7.
1936 3245 2122 3302 vuigatus
2138 3274 2152 3296 ,
2179 3260 2247 3289 nec

291 3307 366 3333 eco
392 3307 481 3334 vius
495 3309 515 3333 e
549 3326 557 3334 .

139 3900 156 3928 1
166 3901 202 3927 M
214 3900 249 3927 r.
279 3901 308 3927 A
322 3901 349 3928 v
359 3902 387 3930 G
400 3902 427 3929 v
439 3903 459 3930 s
471 3903 496 3931 r
509 3903 537 3930 v
547 3903 566 3931 s
592 3903 629 3932 Ρ.
652 3905 688 3933 P.
726 3892 861 3948 Caput
875 3892 1041 3949 Augusti
1056 3893 1276 3936 laureatum.

190 3957 216 3986 τ
231 3956 258 3983 ν
270 3956 301 3986 iz
313 3957 329 3984 1
340 3958 368 3985 A
382 3959 401 3985 s
415 3959 453 3985 ο.
491 3946 625 4001 Caput
638 3947 832 3990 muliebre.

162 4015 163 4018 ,
2145 4010 2238 4054 Ant'·
