2491 4219
708 133 1641 184 CARACALLA.
2119 148 2173 197 39

95 205 160 246 XM
171 214 205 241 P.
236 213 287 241 M.
320 214 348 241 A
362 214 388 241 v
399 214 440 241 R.
474 215 499 241 A
511 213 542 242 N
554 215 577 242 T
592 216 617 241 o
632 215 661 242 N
674 214 689 240 1
701 214 731 239 N
744 212 770 239 v
781 212 799 239 s
832 215 860 240 A
874 214 900 240 v
913 216 953 241 o.
984 201 1117 255 Caput
1136 202 1339 242 Caracallae
1356 203 1572 244 laureatum.

151 270 258 297 COL.
290 270 316 296 L
330 270 357 295 A
371 270 398 295 o
409 270 435 295 D
445 270 460 296 1
473 272 496 297 c
507 271 530 296 Ε
543 271 568 296 A
586 271 604 296 s
636 271 672 296 M
685 270 707 294 E
720 269 744 294 T
759 269 789 294 R
801 270 826 295 o
839 269 858 294 P
872 270 898 294 o
913 271 935 296 t,
948 271 970 295 E
983 270 1008 295 o
1023 270 1055 296 s.
1085 258 1244 298 Colonia
1263 258 1475 299 Laodicea<
1486 258 1741 313 Aletropolcos.
1773 269 1807 297 Δ.
1817 270 1846 299 Ε.
1868 260 1908 299 in
1924 273 2027 305 arca,
2058 271 2180 310 Δημας.

205 319 285 363 χικῆς
302 315 426 358 ἐξεσίας.
456 313 597 366 Aquila
615 312 654 351 in
670 310 816 364 templo
833 311 983 365 distylo.

149 406 221 445 Sex
238 403 322 445 sunt
339 403 540 445 Laodiceae
555 403 666 443 urbes
683 402 703 440 a
720 401 878 442 Seleuco
896 401 1081 443 Nicatore
1101 403 1150 443 de
1167 403 1353 443 Laodices
1371 403 1497 443 matris
1518 402 1672 442 nomine
1698 403 1878 449 condirae,
1908 403 2000 443 teste
2017 403 2179 442 Libanio

93 460 133 500 in
152 460 334 500 Antioch.
360 473 407 498 ex
433 458 570 512 quibus
597 471 673 496 una
698 458 845 497 tantum
871 457 1037 497 Colonia
1061 460 1083 498 a
1106 459 1208 512 Sept.
1236 460 1376 499 Severo
1399 458 1599 497 constituta
1622 458 1696 502 est,
1725 472 1840 510 quarn
1864 459 2061 498 Tristanus
2082 461 2118 496 &
2136 458 2179 497 P.

94 514 318 556 Harduinus
344 514 392 554 ad
415 527 499 554 eam
522 527 609 565 quae
636 513 675 551 in
698 511 896 565 Caelesyria
921 513 995 559 est,
1022 528 1094 566 pro
1117 515 1179 553 illa
1203 527 1290 566 quae
1304 513 1343 551 in
1366 513 1469 565 Syria
1488 512 1537 551 ad
1555 527 1655 552 mare
1671 513 1895 560 collocatur,
1924 525 2150 553 revocarunt
2169 532 2182 559 3

94 569 308 623 Ulpianum
324 569 363 608 in
382 569 497 610 lib.,1.
520 567 569 607 de
585 566 775 608 Censibus
792 566 917 607 forsan
933 568 1102 622 sequuti,
1129 569 1236 621 cujus
1255 569 1334 608 haec
1355 567 1438 608 sunt
1459 569 1584 608 verba.
1622 567 1690 620 Est
1710 566 1757 611 ὠν
1785 569 2001 608 Laodicena
2026 569 2181 609 Colonia

92 626 134 665 in
155 624 262 680 Syria
283 624 401 670 Caele,
431 625 492 663 cui
508 623 626 662 divus
644 623 886 678 Severmjm
903 625 1083 662 Italicum
1101 624 1145 662 ob
1163 624 1248 662 belli
1265 623 1392 663 civilis
1408 625 1542 663 merita
1557 622 1730 673 conccgffit.
1759 624 1834 663 Sed
1853 624 2107 679 expungenda
2127 623 2181 664 est

95 693 171 720 vox
189 679 306 725 Caele,
335 691 378 719 ut
394 678 510 718 docet
535 678 674 717 Paulus
694 678 756 717 lib.
778 692 811 717 2.
834 678 884 717 de
901 678 1098 718 Censibus.
1140 679 1330 718 Laodicea
1354 679 1394 717 in
1420 679 1448 717 S
1451 681 1546 724 iria,
1577 675 1618 721 ὅ)
1644 682 1807 729 &emas
1822 682 1862 718 in
1880 680 2063 719 ‘Phoenice
2067 680 2180 735 juris

81 735 182 787 fimt
203 734 339 774 Italici.
369 733 592 773 Holstenius
608 733 646 772 in
663 733 900 786 Stephanum
919 747 956 787 p.
981 747 995 771 Ι
1007 736 1066 783 87.
1095 731 1261 771 Tristani
1279 732 1436 786 quidem
1453 747 1614 773 errorem
1630 735 1762 790 arguit.
1793 734 2045 775 ‘proculdubio
2060 737 2180 780 enim,

91 791 166 836 ait,
195 789 225 830 S
222 791 309 839 yriae
326 789 536 834 Laodicea,
566 785 613 831 (ὢν
630 787 779 842 quidem
794 788 863 827 illa
879 789 1072 827 maritima
1088 787 1144 826 ibi
1162 787 1410 837 intelligitur,
1439 802 1520 843 ΨΜ)
1538 789 1688 828 Colonia
1693 789 1811 842 fac‘la
1822 817 1834 836 ,
1848 792 1924 844 jus
1942 791 2121 829 Italicum
2135 790 2181 829 ob

92 844 179 885 belli
195 845 324 885 civilis
343 845 477 883 merita
491 843 515 882 a
534 843 597 882 D.
615 843 754 883 Severo
771 846 926 896 accepit.
957 842 1032 883 Sed
1047 842 1164 896 ipsius
1181 843 1381 882 Laodicea:
1399 858 1577 884 nummos
1595 857 1797 898 antequam
1815 844 1914 885 faem
1931 844 1972 886 fit
1991 845 2181 891 Colonia,

91 914 180 941 cum
201 900 279 940 aliis
295 899 410 952 hujus
425 899 590 938 nominis
613 897 817 938 Laodiceae
837 898 987 938 urbium
1005 898 1291 938 numismatibus
1308 899 1510 939 confundit
1530 915 1537 938 :
1567 900 1665 939 unde
1681 900 1818 940 dubius
1836 902 1962 955 inquit
1980 915 1987 939 z
2004 901 2090 955 Qti
2105 915 2182 940 om-

89 969 155 997 nes
177 954 348 1010 quorfitm
364 953 569 1006 referendi,
599 951 804 993 videndum
819 953 989 1007 amplius.
1020 953 1061 992 P.
1081 953 1306 993 Harduinus
1325 953 1384 994 fol.
1407 957 1492 994 286.
1514 955 1614 996 hune
1630 956 1834 995 Caracallae
1861 970 2064 996 nummum
2083 957 2184 997 Lao-

90 1010 210 1052 diceae
224 1009 435 1064 Caelesyriae
451 1007 645 1054 adscribit,
676 1007 871 1061 utriusque
884 1008 1084 1048 Laodiceae
1100 1009 1213 1062 Syriae
1230 1009 1366 1051 scilicet
1382 1011 1563 1066 propriae,
1593 1015 1628 1051 ὅ(
1644 1011 1792 1052 alterius
1809 1013 2019 1067 Caelesyriae
2036 1027 2122 1067 qua:
2132 1011 2183 1052 ad

90 1066 280 1107 Libanum
297 1065 374 1110 est,
401 1077 581 1104 nummos
599 1063 816 1117 promiscue
832 1063 1026 1112 describit,
1054 1081 1219 1120 quorum
1237 1068 1516 1108 distinctionem
1536 1070 1575 1109 in
1598 1068 1803 1123 Tyronum
1823 1069 1980 1122 gratiam
1993 1097 2005 1117 ,
2034 1067 2181 1109 etiamsi

90 1121 132 1162 id
153 1119 203 1160 ad
227 1120 385 1161 Librum
414 1132 532 1174 quem
557 1119 606 1159 de
629 1119 797 1159 nummis
822 1120 987 1168 Graecis,
1017 1122 1107 1162 Deo
1127 1123 1304 1176 juvante,
1334 1124 1471 1164 edituri
1486 1124 1613 1165 sumus
1623 1151 1636 1171 ,
1663 1125 1851 1177 pertineat
1868 1152 1880 1172 ,
1915 1125 1979 1165 hic
2007 1125 2178 1179 proferre

88 1175 208 1218 lubet.
1760 1191 1763 1195 ⁴

136 1231 354 1273 'Laodiceni
383 1230 518 1285 Syriae,
548 1233 704 1280 mgy'm,
733 1229 774 1270 id
802 1230 856 1270 est
882 1230 931 1270 ad
957 1246 1057 1272 mare
1067 1260 1078 1279 ,
1106 1234 1194 1274 cum
1224 1235 1244 1273 a
1274 1233 1372 1285 Iulio
1393 1233 1541 1274 Caesare
1559 1233 1786 1274 beneficium
1806 1234 2003 1289 quoddam
2020 1233 2182 1289 accepis-

89 1287 193 1333 sent,
222 1286 260 1328 se
271 1286 458 1341 Julienses
473 1287 730 1339 appellarunt,
759 1286 810 1326 ad
827 1300 927 1339 quos
943 1288 1135 1340 pertinent
1158 1290 1304 1328 nummi
1329 1290 1365 1328 in
1392 1289 1559 1341 plurimis
1585 1291 1883 1343 imperatoribus
1900 1291 1975 1331 cusi
1994 1305 2081 1331 cum
2101 1294 2182 1347 epi-

89 1341 237 1400 graphe
269 1352 509 1381 ΙοΥΛΙΕΩΝ
534 1354 630 1381 τΩΝ
655 1354 729 1381 KAl
754 1353 1054 1385 AAOAIKEQN‚
1085 1343 1214 1384 addita
1240 1346 1260 1383 a
1285 1343 1470 1383 beneficio
1495 1359 1566 1384 sera
1589 1358 1681 1398 puta
1707 1346 1746 1384 in
1769 1346 1941 1399 Trajano
1958 1358 2045 1384 ΒΞΡ.
2077 1355 2181 1391 anno

92 1404 183 1439 162.
199 1397 249 1438 de
265 1412 342 1452 qua
362 1397 547 1438 Eusebius
567 1399 736 1453 loquitur
755 1400 793 1438 in
819 1398 969 1438 Chron.
990 1399 1040 1438 ad
1062 1413 1094 1438 2.
1116 1413 1259 1439 annum
1279 1399 1394 1438 Probi
1409 1399 1506 1452 Imp.
1537 1399 1671 1451 Juxta
1690 1400 1923 1441 Laodicenos
1943 1418 1964 1442 c
1977 1418 1998 1442 c
2011 1417 2178 1444 cxxlx.

30 1487 34 1491 .
86 1453 197 1510 supra
215 1453 326 1509 quod
345 1453 508 1508 Scaliger
527 1454 565 1494 in
583 1455 740 1495 Comm.
764 1469 848 1508 pag.
870 1468 960 1505 240.
978 1455 1115 1508 inquit.
1144 1454 1249 1508 Ergo
1266 1454 1441 1507 epocham
1462 1455 1716 1501 Laodicenam
1747 1457 1986 1497 Antiocheno
2004 1468 2181 1499 antever-

31 1512 34 1534 ἕ
86 1511 142 1551 tit
155 1522 257 1551 anno
275 1522 355 1549 uno.
394 1508 522 1548 Haud
539 1508 651 1550 dubie>
678 1509 702 1549 a
726 1510 873 1562 Caesare
897 1510 968 1557 est,
996 1508 1299 1564 quemadmodum
1317 1509 1364 1552 eff
1381 1509 1634 1550 Antiocheno.
1666 1510 1740 1550 Sed
1759 1510 1857 1552 hanc
1875 1512 1935 1552 ille
1952 1513 2000 1552 ad
2019 1514 2183 1569 Caelesy-

82 1565 179 1607 riam
204 1577 405 1619 perperam
432 1576 604 1611 revocat,
632 1565 824 1606 Laodicea
850 1564 991 1605 deinde
1015 1566 1054 1604 in
1083 1565 1184 1605 bello
1205 1565 1301 1605 civili
1322 1564 1515 1605 Pescennii
1535 1580 1624 1606 cum
1640 1566 1800 1613 Severo,
1830 1568 1869 1607 in
1887 1567 2020 1609 odium
2044 1571 2181 1611 Antio-

83 1620 182 1661 chiae
198 1619 341 1661 Severo
357 1619 601 1664 acclamavit,
630 1621 722 1662 teste
740 1620 979 1662 Herodiano.
1010 1620 1200 1660 Laodicea
1219 1619 1367 1676 quidem
1385 1622 1426 1659 in
1442 1620 1570 1675 Syria,
1597 1622 1920 1663 Antiochenorum
1937 1625 2038 1671 odio,
2068 1626 2183 1673 Tyros

84 1677 127 1718 in
144 1675 346 1716 ‘Phoenicia
361 1676 529 1728 Beiytiis
548 1675 698 1728 infensa
710 1703 722 1723 ,
750 1690 831 1732 quae
848 1677 1030 1716 nunciata
1048 1675 1294 1731 Nigrifiiga,
1318 1675 1478 1725 sublatis
1495 1676 1601 1716 illius
1611 1676 1833 1724 honoribus,
1864 1678 2001 1740 Severo
2010 1681 2181 1743 prospare}

20 1768 23 1770 .
82 1729 355 1773 acclamarunt.
385 1729 595 1772 Antiochia
612 1731 727 1786 igitur
744 1733 766 1771 a
785 1733 926 1772 Severo
945 1733 1054 1786 capta
1066 1759 1078 1778 ,
1106 1731 1168 1772 ille
1186 1730 1403 1771 Antiochiae
1419 1731 1613 1786 privilegia
1629 1732 1831 1773 Laodiceae
1850 1735 2040 1780 attribuit,
2069 1749 2110 1778 ut
2125 1751 2182 1777 in-

81 1786 168 1828 nuit
187 1786 292 1828 idem
311 1786 450 1827 austor.
482 1786 720 1838 Byzantium
738 1787 848 1834 urbs,
876 1790 977 1827 omni
997 1787 1101 1827 cultu
1116 1796 1230 1842 atque
1245 1787 1378 1826 honore
1401 1786 1593 1833 deiram,
1622 1787 1841 1828 Perinthiis
1865 1789 2089 1841 adjudicata
2109 1792 2181 1844 est,

8 1879 17 1891 ,
80 1842 389 1899 quemadmodum
400 1841 613 1881 Antiochia
623 1841 862 1883 Laodicenos.
892 1842 1102 1883 Laodiceni
1119 1842 1293 1882 beneficii
1309 1855 1524 1888 memores,
1551 1842 1588 1882 se
1598 1841 1784 1894 Julienses
1803 1844 2043 1886 Laodicenos
2062 1848 2178 1890 Seve-

81 1898 210 1939 rianos
233 1897 483 1952 indigitarunt
507 1910 594 1937 cum
618 1898 729 1938 titulo
753 1898 1093 1952 Metropolitarum
1111 1925 1123 1944 ,
1161 1898 1317 1939 testibus
1352 1897 1480 1937 Severi
1506 1898 1672 1938 nummis
1701 1899 1790 1938 cum
1819 1900 2028 1954 epigraphe
2054 1910 2178 1942 iorA.

86 1965 181 1993 Alio
192 1963 249 1992 ΔΙ.
278 1968 299 1990 c
310 1963 413 1991 flor.
441 1963 565 1990 ΜΗΤΡ
577 1964 601 1990 o
613 1965 640 1991 ri
652 1965 677 1991 o
688 1963 820 1991 ΛΕΩΣ.
846 1961 943 1996 Izala
959 1957 1129 1994 Amasin-{002
1153 1958 1332 1999 Σεκηρμνῆς
1356 1954 1584 2001 Μητροπόλεςῳι.
1622 1953 1698 1994 Sed
1723 1954 1812 1993 cum
1840 1955 2043 1997 Caracallae
2066 1959 2180 1998 inter.

82 2020 204 2053 ventu
227 2009 389 2051 Severus
414 2007 671 2051 Antiochenis
700 2009 922 2064 ignovisset,
950 2014 988 2050 &
1007 2010 1100 2063 ipfis
1112 2009 1197 2061 jura
1214 2008 1456 2054 reddidisset,
1483 2008 1644 2048 Severus
1659 2008 1764 2061 quafi
1782 2024 1855 2062 pro
1875 2014 2179 2055 remuneratione

81 2063 318 2119 Laodiceam
335 2064 545 2106 Coloniam
561 2065 774 2111 constituit,
799 2065 885 2118 jure
904 2065 1038 2113 Italico
1055 2062 1337 2118 ipsiconceffo,
1365 2066 1404 2102 &
1424 2063 1555 2102 τεῐίᾶὶο
1572 2063 1840 2116 Metropoleos
1855 2065 2027 2107 secundae
2045 2068 2180 2116 titulo,

84 2121 189 2162 unde
205 2123 244 2160 in
262 2121 428 2161 nummis
447 2135 469 2160 c
481 2134 507 2159 o
521 2135 560 2160 L.
581 2135 607 2160 L
621 2134 647 2159 A
661 2134 687 2159 o
699 2135 725 2160 D
737 2134 752 2160 1
764 2135 786 2160 c
797 2135 820 2160 E
834 2135 860 2160 A
877 2135 896 2160 s
929 2134 966 2159 M
977 2135 1001 2160 E
1015 2134 1039 2159 T
1051 2133 1080 2158 R
1090 2133 1116 2159 o
1127 2133 1161 2158 P.
1178 2118 1397 2159 inscribitur.
1424 2117 1489 2157 Ad
1505 2117 1603 2158 hanc
1621 2118 1734 2158 etiam
1751 2120 1884 2160 urbem
1901 2123 2095 2175 pertinent
2111 2124 2181 2164 mi-

20 2197 28 2203 ·
79 2177 167 2220 nuti
182 2175 330 2216 nummi
346 2189 436 2216 cum
452 2174 662 2230 epigraphe
682 2175 979 2217 Latino-Graeca
999 2190 1026 2217 L
1039 2188 1065 2216 A
1079 2188 1106 2213 o
1117 2188 1144 2214 D
1155 2188 1171 2215 1
1184 2188 1208 2214 c
1218 2188 1242 2213 E
1253 2188 1279 2214 o
1290 2186 1334 2213 N.
1364 2186 1453 2213 cum
1479 2173 1603 2228 capite
1631 2173 1766 2214 turrito
1793 2175 1834 2216 in
1849 2177 2017 2232 templo,
2047 2183 2085 2221 &
2101 2179 2182 2222 aliis

0 2239 1 2245 ’
29 2272 31 2274 ,
83 2232 198 2289 typis.

135 2286 329 2328 Laodicea
345 2285 576 2340 Caelesyriae,
604 2300 690 2340 quae
708 2286 873 2328 Cabiosa
888 2285 1012 2327 Plinio
1028 2285 1188 2332 dicitur,
1204 2284 1254 2326 ad
1271 2284 1461 2326 Libanum
1479 2295 1651 2326 montem
1671 2284 1758 2333 fita,
1788 2300 1924 2329 omnes
1939 2289 2057 2333 habet
2069 2296 2181 2333 num.'

81 2357 170 2384 mos
191 2342 241 2382 ad
266 2341 402 2396 prioris
427 2342 711 2382 distinctionem
739 2356 827 2382 cum
855 2342 990 2383 Libani
1018 2341 1189 2381 nomine.
1219 2350 1501 2380 ΛΑοΔΙΚΕΩΝ
1525 2352 1583 2380 EN
1608 2353 1666 2380 τΩ
1691 2352 1885 2386 ΛΙΒΑΝΩ,
1916 2345 1956 2385 in
1973 2347 2179 2389 Antonino
2230 2341 2232 2343 ’

82 2398 167 2439 Pio.
200 2409 391 2437 AAOAIK.
417 2410 551 2438 111200.
580 2410 776 2441 ΛΙΒΑΝΩ,
816 2400 855 2439 in
886 2399 1029 2439 Severo
1052 2401 1091 2438 ὃς
1115 2397 1320 2438 Caracalla.
1357 2409 1641 2438 AAOAIKEQN
1666 2409 1896 2445 AiBANor,
1936 2402 1976 2441 in
2005 2401 2178 2456 Trajano

80 2454 218 2495 Decio.
248 2455 388 2508 Aquila
407 2455 446 2494 in
466 2455 612 2507 templo
629 2455 759 2507 potius
774 2456 822 2494 ad
846 2455 1001 2507 lovem,
1031 2453 1150 2507 quam
1167 2452 1216 2493 ad
1236 2453 1446 2508 Imperium
1467 2455 1692 2497 Romanum
1718 2455 1884 2511 spefitare
1911 2456 2074 2499 videtur.
2115 2459 2181 2501 De

82 2509 216 2551 litteris
231 2521 266 2547 Δ.
283 2521 314 2547 Ε.
341 2511 383 2550 in
401 2510 612 2550 Antiochia
631 2511 746 2565 Syriae
765 2510 875 2564 supra
891 2509 1038 2550 dietum
1065 2508 1129 2548 est.

138 2603 222 2644 Hic
236 2617 408 2644 nummus
411 2604 589 2655 secundae
606 2604 897 2658 magnitudinis,
925 2603 949 2644 a
963 2603 1135 2657 Tristano
1154 2612 1242 2643 tom.
1264 2618 1299 2644 2.
1314 2615 1402 2659 pag.
1425 2617 1440 2644 1
1449 2618 1513 2658 77.
1536 2603 1584 2650 ἄν
1601 2605 1625 2647 ὰ
1645 2606 1795 2648 Patina
1805 2617 1892 2662 pag.
1912 2610 2002 2658 298.
2020 2608 2179 2651 mutilas

81 2658 154 2712 etst
162 2659 346 2716 vulgatus
356 2687 370 2708 ‚
388 2670 460 2714 pro
477 2673 561 2700 raro
578 2658 778 2701 habendus.
2176 2658 2178 2663 '

887 2761 1370 2812 PATRQAE.

76 3371 126 3426 :921-
157 3393 187 3420 A
198 3393 226 3420 v
238 3392 282 3420 R.
315 3391 343 3419 Α
355 3392 385 3419 N
400 3392 424 3419 'r
436 3393 463 3421 o
473 3392 504 3419 N
517 3393 533 3419 1
544 3392 575 3419 N
589 3393 614 3420 v
627 3392 646 3420 s
681 3393 710 3420 A
724 3394 750 3421 v
763 3394 801 3421 G.
830 3380 963 3436 Caput
979 3381 1184 3425 Caracallae
1201 3370 1357 3428 nudum.

99 3481 101 3484 Α
131 3448 237 3476 cot..
269 3448 313 3476 Α.
346 3449 387 3475 A.
418 3449 515 3475 PAT
528 3449 571 3476 R.
602 3434 756 3478 Colonia
774 3437 946 3491 Augusta
961 3438 1065 3477 Aroe
1081 3440 1288 3491 Patrenfis.
1315 3442 1532 3483 Mercurius
1554 3441 1718 3483 insidens
1737 3441 1922 3496 scopulis,
1949 3441 2081 3486 dextra
2101 3444 2167 3496 cxi

183 3491 312 3539 tensa,
342 3490 485 3532 sinistra
501 3490 733 3539 caduceum,
760 3506 835 3546 pro
852 3492 1016 3547 pedibus
1033 3494 1138 3535 aries.

129 3558 237 3586 con.
269 3561 310 3586 A.
333 3561 384 3642 la.
415 3560 437 3586 P
451 3560 479 3586 A
493 3561 518 3587 Τ
533 3560 575 3588 R.
605 3546 760 3588 Colonia
782 3547 956 3604 Augusta
980 3548 1084 3589 Aroe
1111 3550 1320 3603 Patrenfis.
1355 3551 1466 3593 Idem
1486 3552 1671 3593 Mercurii
1688 3551 1837 3607 fignum
1851 3553 1892 3595 in
1910 3555 2055 3610 templo
2075 3555 2168 3596 dua-⁴v

184 3613 270 3641 rum
284 3615 332 3643 co
347 3615 558 3644 umnarum.

124 3677 246 3720 Patrae
263 3679 352 3722 urbs
369 3680 524 3722 Achaiae
543 3682 643 3723 inter
659 3694 841 3723 nummos
856 3696 956 3737 quos
976 3682 1179 3737 praesertim
1204 3685 1406 3725 Caracallae
1433 3685 1644 3732 dedicavit,
1671 3686 1764 3727 alter
1788 3687 1971 3728 Mercurii
1997 3687 2140 3742 signum
2153 3710 2168 3734 ,

14 3727 38 3791 ᾗ
73 3731 167 3775 alter
189 3734 283 3774 vero
301 3735 383 3788 ejus
398 3737 586 3790 templum
603 3751 692 3778 curn
712 3738 851 3779 eodem
876 3738 1072 3779 simulacro
1089 3740 1244 3780 exhibet
1266 3755 1273 3779 :
1302 3741 1367 3781 sed
1383 3740 1434 3781 de
1449 3742 1633 3781 Mercurii
1653 3740 1765 3796 fignis
1777 3769 1788 3788 ,
1817 3743 1983 3796 templo,
2011 3754 2076 3782 aut
2090 3742 2168 3782 cul-

75 3800 119 3830 tu
137 3789 178 3829 in
193 3788 361 3832 Colonia
377 3791 568 3840 Patrenfi,
597 3807 647 3833 ne
665 3795 823 3834 verbum
842 3794 1000 3848 quidem
1019 3795 1122 3848 apud
1144 3794 1373 3835 Pausaniam.
1409 3796 1455 3835 In
1480 3811 1564 3836 arce
1589 3807 1716 3837 tamen
1742 3809 1809 3837 aut
1828 3799 1867 3837 in
1893 3797 1993 3837 clivo
2014 3797 2169 3837 Mercu-

11 3879 13 3881 .
75 3844 154 3884 rius
180 3843 344 3886 insidens
371 3847 554 3901 rupibus,
580 3849 768 3902 templum
792 3849 961 3890 habuisse
985 3850 1153 3891 denotat.
1194 3851 1271 3891 Sed
1290 3851 1339 3890 ad
1355 3851 1452 3905 quid
1470 3852 1686 3892 Mercurius
1703 3853 1741 3891 in
1758 3852 1817 3892 his
1837 3851 2040 3892 Caracalla:
2059 3865 2170 3891 num-

0 3923 28 3984 ᾧ

0 4009 35 4022 A

0 4141 26 4174 ²2

2 4185 7 4194 ι
18 4179 27 4193 Ρ

3 4198 37 4219 J.»

76 3899 149 3942 mis
166 3902 183 3942 ?
207 3913 258 3943 an
275 3912 318 3942 ut
338 3900 402 3945 ille
423 3901 612 3946 facundiae
626 3904 738 3947 Deus
753 3905 920 3948 creditus
933 3931 948 3953 ,
976 3905 1144 3948 Colonia
1162 3905 1348 3949 Patrensis
1367 3906 1580 3949 adularetur
1599 3907 1853 3962 Imperatori,
1880 3905 1990 3961 qued
2009 3905 2070 3947 ille
2093 3907 2171 3947 elo-

2046 3974 2180 4014 quens
