2574 4214
172 220 396 276 appellatur.
425 215 543 314 FB‘la‘zZi
558 228 778 313 >cognomen
797 217 819 257 a
831 152 969 258 colos-e.
994 152 1071 258 ι[ζεῖ
1081 150 1298 270 gmgonsia
1307 149 1435 271 {eng
1449 151 1594 256 dise-*tum
1610 211 1675 256 est.
1705 213 1903 254 Barbatus
1920 213 1942 254 ὲ
1958 212 2070 254 barba
2088 161 2269 268 deproinia

173 289 289 335 ptus,
315 287 360 316 ut
374 279 411 315 &
466 288 509 314 ar
535 288 559 314 u
574 288 611 314 a.

227 354 311 398 Hic
326 366 497 395 nummus
511 352 641 393 medice
647 351 787 406 formae
801 353 901 391 inter
917 364 1022 391 raros
1035 349 1229 396 locandus,

171 959 236 989 1M
249 958 282 984 P.
314 948 480 984 Avovs
495 956 532 982 T.
564 955 587 981 P
604 954 627 982 Α
642 955 702 981 ΤΕ
717 955 740 981 R
778 955 799 982 Ρ
814 955 841 981 A
856 955 922 981 ΤΚ
938 954 954 981 1
971 955 1049 998 Al}-
1089 942 1224 996 Caput
1239 932 1405 997 Augusti
1421 931 1645 983 laureatum.

224 1013 298 1044 Mv.
314 1014 349 1040 c.
369 1012 400 1038 1.
432 1011 480 1037 M.
508 1012 533 1038 L
550 1011 566 1037 1
585 1013 617 1038 c.
651 1012 672 1038 c
687 1011 711 1036 A
726 1011 747 1036 Ρ
760 1012 783 1036 E
797 1012 834 1037 L.
866 1012 900 1037 c.
921 1011 1028 1038 FvL.
1059 1012 1090 1039 R
1103 1012 1130 1038 v
1143 1012 1167 1037 T
1185 1012 1200 1037 1
1216 1013 1254 1039 L.
1288 1011 1305 1036 1
1326 1013 1339 1038 1
1364 1001 1404 1038 ,v
1422 1012 1435 1037 1
1452 1012 1495 1038 R.
1526 995 1780 1050 Municipium
1794 994 1994 1050 calaguris
2004 994 2134 1048 Julia.
2151 992 2262 1036 Mat*

278 1069 318 1095 co
340 1054 494 1094 Licinio
511 1052 664 1105 Capella
676 1079 687 1099 ‚
716 1054 808 1093 Caio
824 1051 963 1093 Fulvio
976 1053 1112 1093 Rutilo
1129 1053 1381 1094 Duumviris.
1415 1053 1508 1094 Bos.

221 1131 480 1189 Calaguritani
501 1131 677 1187 Augusto
695 1131 945 1185 gratulantes,
975 1145 1119 1172 nomen
1141 1131 1284 1172 Patris
1297 1133 1441 1187 patriae
1468 1132 1507 1171 in
1531 1131 1615 1185 ejus
1638 1130 1805 1170 nummis
1825 1129 2040 1184 apposuissie
2060 1128 2239 1177 videntur
2246 1131 2262 1176 ,‘

167 1188 373 1244 'postquam
395 1185 488 1227 illud
514 1201 617 1226 anno
645 1187 698 1227 U.
719 1187 768 1227 C.
790 1200 882 1238 751.
912 1200 979 1241 per
995 1187 1081 1227 Val.
1102 1186 1301 1228 Messalam
1322 1186 1534 1228 Consulem
1558 1187 1593 1226 ei
1618 1186 1787 1227 delatum
1803 1186 1899 1238 *ess'et
1915 1214 1927 1233 ,
1957 1185 2051 1227 teste
2074 1185 2263 1225 Suetonio

164 1258 249 1297 cap.
279 1246 340 1294 58.
378 1243 518 1283 ‘Patris
529 1243 668 1296 patriae
684 1256 880 1297 cognomen
897 1242 1064 1295 univeifi
1073 1244 1264 1296 repentino
1281 1245 1517 1297 maximoque
1534 1241 1710 1293 consensu
1730 1244 1764 1280 ei
1782 1241 2006 1281 detulerunt.
2095 1252 2166 1294 per
2184 1241 2262 1278 Va·

162 1299 296 1340 lerium
313 1298 512 1351 Affeffalam
535 1298 580 1337 id
599 1297 869 1338 mandantibus
886 1299 1046 1338 cunetis.
1084 1298 1210 1347 Quod
1229 1298 1265 1338 ei
1282 1299 1334 1338 ob
1351 1298 1591 1338 clementiam
1609 1296 1741 1342 datum
1767 1308 1891 1337 narrat
1909 1296 2039 1336 Aurel.
2059 1295 2195 1337 Victor
2211 1293 2262 1338 de

164 1354 341 1396 Caesarib.
373 1354 499 1395 Pater
506 1355 649 1407 patriae
667 1353 712 1392 ob
729 1352 986 1399 clementiam,
1013 1367 1061 1392 ac
1080 1353 1300 1394 Tribunitia
1310 1353 1494 1408 potestate
1500 1351 1681 1407 perpetuo
1699 1352 1868 1391 habitus.

219 1409 378 1450 Licinia
401 1422 493 1465 gens
510 1409 532 1447 ἐι
549 1409 685 1449 Licino
702 1409 932 1464 cognomine
952 1407 1075 1455 dicta,
1103 1409 1201 1449 inter
1227 1409 1395 1463 plebeias
1420 1419 1666 1453 numeratur,
1695 1408 1756 1447 cui
1773 1419 1991 1462 cognomen
2013 1404 2172 1460 Capellae
2189 1419 2261 1444 no-

160 1479 256 1517 ,vum
275 1492 286 1511 ‚
315 1465 404 1506 licet
420 1464 591 1519 plurimis
608 1464 780 1504 distincta
797 1464 843 1504 sit
862 1464 1046 1519 stirpibus.
1085 1463 1229 1504 Fulvia
1248 1465 1268 1504 a
1288 1463 1396 1504 fulvo
1412 1463 1541 1504 colore
1558 1475 1693 1503 vocata
1711 1491 1723 1510 ‚
1751 1463 1849 1503 inter
1863 1461 2031 1516 plebeias
2046 1460 2186 1516 pariter
2202 1474 2259 1501 re-

162 1520 354 1567 censetur,
381 1520 444 1563 cui
462 1520 577 1560 etiam
594 1520 726 1561 Rutili
742 1533 959 1574 cognomen
978 1522 998 1560 a
1014 1520 1184 1574 corporis
1199 1520 1329 1560 colore
1345 1533 1475 1560 recens
1493 1519 1560 1560 est.

216 1598 299 1640 Hic
316 1613 486 1640 nummus
490 1599 654 1653 secundi
668 1598 807 1641 moduli
823 1613 891 1641 nec
906 1613 1016 1640 rarus
1030 1612 1099 1640 nec
1115 1598 1252 1639 obvius
1267 1597 1329 1651 cst.

148 2180 227 2213 Μν.
254 2181 278 2208 c
290 2171 318 2206 A
331 2168 373 2207 ἰζ
404 2175 422 2207 1
437 2181 464 2208 v
476 2166 518 2209 12]
552 2165 808 2220 Municipium
824 2165 1027 2221 Calaguris
1038 2164 1167 2219 Julia.
1204 2164 1339 2221 Caput
1356 2164 1521 2223 Augusti
1539 2154 1619 2208 sine
1634 2162 1777 2209 laurea]

204 2238 240 2266 c.
261 2235 413 2318 gum.
450 2236 561 2264 cAP.
600 2237 652 2276 Q·
679 2235 815 2263 vRso
855 2235 872 2266 1
892 2235 925 2262 1.
964 2235 1022 2262 vl
1040 2235 1084 2264 R.
1139 2222 1233 2263 Caio
1265 2222 1397 2264 Mario
1427 2224 1613 2278 capitone
1630 2250 1645 2271 ,
1685 2224 1840 2281 Qinto
1874 2222 1970 2277 Uffb
1997 2222 2253 2281 {Duumvirit}

296 2292 353 2318 os.
1364 2291 1367 2294 ·

201 2355 273 2397 Nil
290 2356 430 2397 mirum
450 2355 478 2396 fi
498 2356 760 2413 Calaguritani
779 2366 858 2398 tam
880 2356 1022 2397 multos
1042 2355 1220 2411 Augusto
1236 2370 1419 2398 nummos
1437 2356 1649 2398 dedicarint
1668 2384 1681 2404 ,
1708 2359 1798 2398 cnm
1820 2372 1900 2399 non
1924 2357 2047 2399 solum
2062 2353 2150 2412 Iulii
2166 2359 2253 2412 ejus

148 2412 264 2468 patris
282 2411 475 2453 beneficiis
493 2439 505 2459 ‚
535 2414 556 2452 a
574 2427 656 2467 quo
674 2413 764 2453 urbs
784 2426 928 2453 nomen
944 2411 1068 2465 Juliae
1085 2411 1222 2453 habuit
1239 2439 1252 2459 ‚
1279 2413 1449 2468 obstristi
1473 2414 1593 2454 efflent
1609 2433 1621 2460 3
1648 2413 1714 2454 sed
1738 2414 1805 2468 ipfi
1828 2415 2005 2470 Augusto
2023 2441 2036 2461 ,
2064 2415 2173 2468 quod
2193 2415 2251 2455 in·

145 2480 204 2508 ter
226 2468 432 2524 armigeros
459 2467 508 2508 ad
534 2469 707 2522 corporis
732 2467 946 2509 custodiam
972 2464 1266 2522 Calag'uritanos
1291 2467 1503 2514 adscivisset
1519 2496 1531 2516 ‚
1569 2481 1611 2509 ut
1636 2469 1751 2510 tradit
1774 2470 1983 2510 Suetonius
2007 2470 2047 2509 in
2073 2470 2155 2523 ejus
2172 2470 2251 2510 vita

146 2537 229 2576 cap.
248 2536 314 2575 49.
355 2522 710 2578 Calaguritanorum
737 2537 850 2565 manu
867 2550 880 2570 ,
913 2537 1026 2579 quam
1051 2525 1166 2580 usque
1191 2523 1247 2563 ad
1270 2522 1466 2568 devictum
1481 2526 1696 2565 Antonium
1719 2526 1821 2566 iuter
1837 2528 2040 2580 armigeros
2056 2528 2195 2566 circum
2199 2525 2250 2579 fh

145 2577 344 2618 habuerat.

201 2633 335 2672 Maria
360 2646 453 2688 gens
469 2659 481 2678 ‚
509 2633 670 2694 plebeia.
710 2633 846 2674 Sextus
863 2634 1012 2674 Marius
1030 2633 1303 2688 Hispaniarum
1327 2633 1528 2674 ditissimus
1549 2634 1616 2674 sub
1632 2635 1794 2676 Tiberio
1811 2646 2046 2675 memoratur
2062 2636 2084 2675 a
2100 2635 2244 2676 Tacito

147 2687 284 2726 Annal.
304 2692 340 2726 6.
369 2689 565 2740 Capitonis
582 2701 800 2742 cognomen
815 2689 837 2728 a
856 2689 989 2743 capitis
1009 2689 1184 2742 quodam
1202 2689 1308 2729 vitio.
1353 2689 1462 2730 Alter
1482 2690 1695 2736 Duumviyr,
1726 2691 1814 2729 cum
1835 2696 2057 2744 praenomen
2078 2692 2248 2744 Qinffi,

146 2745 186 2781 &
200 2754 420 2796 cognomen
435 2740 523 2792 Urst
530 2743 679 2782 tantum
697 2742 932 2789 exhibuerit,
959 2742 1068 2795 cujus
1087 2742 1132 2783 fit
1148 2742 1320 2789 familiae‚
1339 2745 1531 2799 conjicere
1545 2758 1626 2784 non
1640 2744 1748 2785 facile
1762 2745 1826 2798 est..
1856 2746 2004 2801 Qinti
2021 2753 2245 2800 praenomen

145 2797 168 2838 ἐι
183 2809 344 2837 numero
360 2796 517 2837 dietum.
556 2796 612 2837 Ur
630 2812 650 2837 o
667 2797 791 2838 scribit
806 2798 949 2838 Plinius
967 2798 1030 2838 lib.
1043 2811 1081 2850 4.
1101 2802 1140 2838 &
1163 2811 1196 2849 5.
1591 2825 1594 2830 -
1629 2823 1631 2826 v
1664 2822 1666 2825 -
1688 2820 1689 2823 ¹
1707 2822 1709 2824 -
1733 2828 1735 2830 »
1784 2823 1803 2829 ·<
1823 2822 1826 2825 -
1963 2821 1967 2823 -
1999 2819 2002 2823 ·

160 2875 178 2899 -’
197 2873 280 2916 Hic
293 2873 466 2916 nummis
481 2875 610 2917 mediae
623 2875 899 2933 magnitudinis
912 2874 1137 2917 interrae-os
1155 2875 1419 2919 numerandus.

133 3462 208 3504 MV.
238 3473 261 3500 c
275 3473 301 3499 A
315 3459 356 3500 t:
389 3473 405 3501 1
422 3475 447 3501 v
461 3474 498 3502 L.
528 3456 784 3518 Municipium
803 3465 1005 3521 Calaguris
1021 3467 1149 3520 Julia.
1180 3471 1315 3525 Caput
1331 3467 1494 3526 Augusti
1512 3467 1672 3512 nudumss

185 3528 322 3609 Min
336 3530 362 3555 A
376 3530 425 3579 E’.
445 3531 469 3557 Τ
482 3531 555 3612 ιῑΑ
570 3532 614 3558 N.
642 3533 697 3574 Q
711 3535 737 3560 v
751 3535 782 3561 R
794 3534 812 3560 s
826 3535 852 3560 0
887 3535 903 3561 1
923 3536 955 3562 ι.
988 3537 1014 3562 ν
1030 3537 1045 3564 1
1059 3538 1103 3564 R.
1136 3538 1153 3564 1
1170 3539 1194 3566 Τ
1208 3540 1231 3565 E
1243 3540 1288 3567 m.
1313 3528 1461 3568 *Marco
1483 3525 1668 3566 Plaeiorio
1686 3525 1930 3583 Tranquillo,
1957 3527 2109 3582 Qinto
2128 3527 2224 3581 Urso

292 3584 465 3611 uumviro
484 3588 498 3612 z
519 3587 632 3613 erum.
1959 3595 1961 3598 ’

183 3624 305 3678 Apud
320 3626 620 3669 Mediobarbum
641 3644 726 3686 pag.
745 3642 812 3683 47.
842 3645 915 3685 pro
946 3646 970 3672 Τ
983 3646 1014 3672 R
1027 3646 1054 3672 A
1067 3647 1097 3673 N
1112 3649 1162 3690 Q
1179 3636 1264 3692 lege
1295 3651 1319 3676 Τ
1334 3647 1404 3683 ΚΑ
1419 3649 1461 3675 N.
1495 3651 1548 3691 Q

135 3761 137 3763 ι
177 3701 303 3762 Julius
318 3704 444 3746 Caessrr
459 3705 509 3747 de
521 3707 630 3748 Bello
642 3708 712 3749 civ.
729 3709 792 3750 lib.
812 3723 843 3749 1.
874 3710 1166 3765 Calaguritanos
1183 3713 1352 3767 partibus
1370 3713 1544 3768 Pompeii
1560 3710 1627 3754 sub
1642 3716 1724 3768 ejus
1742 3715 1895 3770 Legatis
1913 3715 2073 3757 Afranio
2093 3719 2132 3756 δε
2149 3715 2218 3757 Ρερ

131 3765 229 3796 tre1o
252 3756 421 3801 faventes
435 3788 448 3807 ,
475 3761 525 3802 ad
542 3763 625 3803 suas
644 3764 915 3820 transmigrasse
934 3766 1086 3806 narrat.'
1107 3768 1271 3812 Interim
1287 3795 1301 3814 ‚
1316 3769 1379 3817 ait
1394 3795 1408 3815 ,
1438 3769 1616 3821 Oscenses
1634 3771 1681 3813 ἄρ’
1700 3771 1966 3825 Calaguritani
1987 3799 1997 3817 ,
2026 3773 2092 3825 qui
2108 3780 2218 3812 erant

129 3825 213 3850 cum
230 3812 443 3878 Oscensi-but
459 3818 666 3879 contributi
681 3846 693 3865 ,
720 3822 883 3860 mittunt
897 3821 952 3861 ad
965 3835 1024 3861 eos
1042 3820 1211 3875 Legatos
1224 3849 1235 3869 ‚
1251 3816 1407 3879 βῆξαι»
1422 3825 1790 3879 ιἠιρθνιιῑιιῇιιῗιηω
1803 3826 2040 3879 pollicentur.
2070 3826 2145 3880 Ips1
2166 3827 2215 3866 ad

129 3864 286 3907 Caesans
301 3882 502 3912 amicitiam
519 3872 714 3926 adjunffi,
742 3874 936 3916 frumento
956 3877 1060 3916 illum
1072 3876 1255 3929 juverunt
1270 3906 1282 3926 ,
1311 3879 1420 3933 quod
1440 3880 1620 3920 omnibus
1639 3882 1811 3935 undique
1828 3881 2047 3935 conquisitis
2060 3896 2214 3931 jumen-

131 3921 179 3972 tifi
192 3922 234 3967 in
246 3922 332 3995 ejus
345 3926 462 3967 castra
478 3927 742 3989 deportarunt.
771 3931 974 3973 Beneficiis
990 3933 1042 3973 ob
1058 3931 1098 3972 id
1116 3933 1255 3987 &Julio
1272 3935 1458 3990 acceptis,
1478 3935 1567 3975 urbs
1579 3935 1702 3987 Juliae
1719 3951 1936 3991 cognomen
1955 3936 2158 3990 ass'umpfit.

2009 4005 2022 4030 1
2036 4005 2064 4031 1.
2098 4005 2123 4032 v
2137 4004 2151 4029 1
2165 4005 2207 4037 a,
