2574 4214
364 139 423 190 56
1111 130 1797 193 NLA'GRIPPAss·
2086 191 2088 193 ¹

416 195 473 233 En
495 196 652 234 alterum
675 194 855 250 Agrippae
874 206 1075 239 nummum
1095 200 1116 238 a
1136 199 1477 255 Caefaraugustanis
1501 201 1569 242 sub
1590 202 1764 256 Caligula
1783 201 1974 258 figna'turn
1989 227 2001 250 2
2032 212 2075 244 ut
2091 201 2258 246 Titullus
2278 209 2315 246 &
2333 206 2456 248 Mon-

366 260 475 289 tanus
495 250 700 289 Duumviri
723 251 762 289 in
786 251 980 305 utriusque
1004 255 1170 294 nummis
1190 254 1356 308 inscripti
1381 255 1578 297 denotant.
1616 257 1692 298 Sed
1706 270 1776 298 cur
1791 258 2009 298 Montanus
2034 259 2072 298 in
2093 262 2255 300 nummo
2273 261 2455 315 superiori

364 304 556 343 Duumvir
572 318 659 344 cum
680 303 878 357 Scipione,
909 310 947 346 ὃς
965 308 1004 346 in
1021 308 1098 348 hoc
1114 322 1203 350 cum
1219 309 1368 350 Titullo
1386 312 1648 358 renunciatur,
1676 326 1725 352 an
1741 312 1910 354 Titullus
1929 313 2124 367 Scipioni,
2153 327 2220 356 aut
2237 316 2366 370 Scipio
2382 318 2455 357 Ti-

364 358 458 397 tullo
481 359 520 397 in
545 359 724 398 Montani
749 359 1003 403 Duumviratu
1027 362 1120 402 alter
1147 363 1253 403 alteri
1280 364 1459 405 suffectus
1485 365 1552 411 fit,
1581 380 1630 405 an
1646 367 1740 406 vero
1757 367 1850 407 alter
1869 369 2102 422 cognomine
2123 371 2360 418 Montanus,
2388 373 2453 412 seu

363 412 532 464 ejusdem
560 413 621 452 scu
647 414 798 452 alterius
816 416 938 468 gentis
955 429 1041 455 cum
1057 416 1207 457 Titullo
1223 419 1481 472 magistratum
1497 421 1633 462 inierit.
1673 421 1852 462 colonus
1867 423 1917 463 ad
1937 423 2124 478 originem
2141 425 2317 468 deduuae
2332 427 2452 468 Colo-

364 467 435 506 nia:
457 467 696 507 indicandam
716 469 909 520 percuss'us
925 471 989 510 est.

418 544 501 584 Hic
517 558 687 585 nummus
693 545 870 596 secundae
889 547 1163 604 magnitudinis
1174 569 1187 594 3
1202 547 1647 604 fingularispraestantiae
1665 551 1713 597 ἄν
1729 554 2004 610 magnitudinis
2020 556 2077 608 est.

1141 650 1662 697 NEMAUSUS.

355 1286 464 1318 ιΜΡ.
496 1291 628 1317 DIVI.
660 1292 696 1318 F.
728 1291 759 1317 p.
790 1292 825 1318 P.
863 1280 1004 1333 Capita
1025 1279 1241 1336 Augusti&
1258 1281 1468 1336 Agrippae,
1497 1280 1707 1323 cervicibus
1723 1282 1933 1338 oppofitiS,
1962 1282 2121 1323 alterum
2137 1282 2369 1331 laureatum,
2395 1283 2446 1325 al-

462 1344 585 1373 terum
606 1335 749 1373 corona
769 1335 925 1374 rostrata
940 1335 1171 1390 infignitum.

407 1401 467 1428 co
481 1403 538 1482 L.s
550 1401 581 1427 N
595 1402 617 1426 E
629 1402 679 1428 M.
710 1388 864 1429 Colonia
882 1389 1102 1442 Nemausus
1113 1418 1126 1438 ,
1148 1404 1215 1433 aut
1229 1390 1281 1432 N
1279 1390 1505 1445 emausenfis.
1541 1392 1775 1434 Crocodilus
1792 1393 1928 1448 palmae
1943 1393 2133 1450 alligatus,
2161 1394 2201 1433 in
2222 1393 2448 1449 quibusdam

462 1443 511 1483 de
533 1457 624 1497 uper
640 1458 794 1484 corona.

408 1520 647 1570 Nemansm,
676 1523 765 1562 urbs
783 1525 821 1561 &
837 1523 1007 1564 Colonia
1026 1525 1161 1565 Galliae
1181 1519 1465 1573 Narbonensis,
1494 1528 1603 1580 cujus
1620 1528 1795 1568 meminit
1813 1528 1948 1569 Strabo
1968 1527 2030 1568 lib.
2043 1541 2081 1580 4.
2101 1542 2185 1583 pag.
2207 1530 2294 1569 186.
2325 1532 2450 1572 Μητςᾶ-

355 1586 432 1612 πτλις
449 1585 465 1621 ξ)
483 1580 508 1610 ⁶72
526 1581 690 1624 Αςνρμικῶν
712 1577 752 1613 ἐςῖ
771 1583 957 1623 Νὲμοωσζφκ
977 1604 986 1612 .
1004 1603 1013 1612 .
1029 1604 1038 1613 .
1055 1609 1062 1615 .
1083 1607 1091 1615 .
1117 1581 1262 1620 §arn-4684
1283 1582 1336 1627 ’έχέ
1351 1581 1452 1626 κώμαις
1468 1581 1613 1627 τὲτΊοιξρις
1629 1608 1639 1621 ,
1665 1581 1713 1628 ιω),
1729 1582 1815 1622 &imo-i
1840 1587 1866 1618 ’τῖ’-
1882 1585 2033 1630 ἑμοεθνῶν
2056 1583 2210 1626 &maledieo
2230 1585 2450 1631 Qssepis'trooe»

355 1625 534 1663 συντελέσας
555 1629 593 1663 εἰς
614 1625 710 1662 ἀντία)
734 1628 842 1672 {xxm
863 1626 911 1672 »μὴ
935 1628 964 1661 πὶ
985 1628 1150 1674 κοιλέμῼυον
1166 1635 1297 1668 Aoo-cam.
1336 1632 1461 1685 Caput
1481 1632 1742 1672 Aremicorum
1759 1632 1808 1681 est
1827 1631 2044 1684 Nemausus
2048 1664 2174 1671 ......
2203 1633 2317 1672 habet
2327 1646 2449 1688 pagos

347 1678 583 1732 populanum
596 1679 817 1732 praestantes
833 1682 932 1720 viris
949 1708 961 1726 ,
988 1683 1055 1736 qui
1070 1684 1105 1722 ei
1114 1682 1276 1737 sitbsunt
1286 1709 1300 1731 ,
1327 1682 1375 1729 ὠ
1377 1687 1455 1742 jus
1474 1699 1618 1742 quoque
1634 1685 1751 1727 Latii
1765 1687 1916 1729 habent.
1955 1687 2081 1730 Vetus
2096 1686 2141 1728 N
2144 1687 2284 1729 emaufi
2301 1700 2450 1743 reperta

353 1733 547 1789 inscriptio
564 1734 770 1776 Coloniam
789 1735 1000 1790 Augustam
1017 1737 1192 1792 appellat.

1031 1834 1764 1950 T.1N*1'3Els)iii4'TERT11.

1052 1970 1200 2013 AED.
1231 1973 1377 2015 COL.
1407 1975 1559 2017 AVG.
1589 1975 1758 2018 NEM.

985 2043 1331 2085 DoMiTiA
1371 2046 1627 2087 EORTE
1665 2047 1813 2088 SIBI

1012 2114 1100 2156 ET
1139 2113 1331 2157 VIRO
1369 2116 1457 2156 DE
1495 2116 1567 2156 SE
1608 2115 1802 2157 BENE

1154 2185 1475 2231 MERsslTO.
1505 2187 1558 2229 V.
1588 2187 1634 2230 F.

1671 2261 1786 2308 Grut.
1793 2274 1886 2323 pag.
1906 2269 1995 2323 323.
2021 2268 2057 2320 52

357 2366 455 2408 Haec
471 2367 585 2424 igitur
600 2368 648 2410 ab
665 2368 842 2425 Augusto
859 2369 1059 2412 constituta
1075 2371 1249 2418 videtur,
1277 2370 1334 2412 uti
1349 2371 1465 2412 etiam
1481 2372 1573 2414 Ant.
1591 2371 1809 2466 Augustino
1829 2371 1964 2426 placet.
2003 2371 2137 2425 Qam
2149 2370 2295 2428 effigies
2305 2373 2450 2429 Agrip-³

357 2437 418 2477 pae
434 2436 522 2463 cum
542 2426 718 2480 Augusto
734 2426 875 2466 'sociata
893 2453 906 2472 ,
940 2426 1006 2467 illo
1025 2439 1182 2469 curante
1209 2426 1444 2481 designatam
1461 2454 1473 2474 ,
1502 2427 1657 2468 crocodi
1674 2441 1717 2467 us
1741 2427 1876 2481 palmae
1898 2427 2070 2482 alligatus
2086 2455 2098 2473 ,
2125 2441 2208 2468 eam
2233 2441 2336 2469 anno
2363 2442 2448 2483 quo

357 2477 555 2534 AEgyptus
574 2480 613 2519 in
633 2481 866 2534 provinciam
886 2481 1037 2522 redacta
1058 2482 1113 2523 est
1128 2509 1140 2529 ,
1169 2495 1235 2523 aut
1249 2482 1366 2537 paulo
1385 2484 1471 2535 post
1487 2483 1693 2523 deductam
1710 2483 1834 2537 arguit
1851 2497 1859 2522 ε
1888 2483 1992 2523 unde
2009 2483 2289 2524 Nemausenses
2305 2483 2381 2524 hoc
2396 2483 2448 2524 ad

359 2533 538 2574 Coloniae
562 2536 746 2590 originem
773 2538 942 2589 spectans
964 2537 1176 2592 symbolum
1201 2539 1241 2578 in
1266 2538 1432 2579 nummis
1460 2538 1650 2593 perpetuo
1676 2537 1879 2593 signarunt.
1919 2539 2085 2579 Devisto
2105 2551 2233 2600 autem
2252 2539 2449 2600 Antonio,

358 2590 512 2642 plurimi
533 2603 580 2629 ex
597 2602 674 2631 tam
692 2593 818 2633 multis
837 2592 1070 2647 Legionibus
1087 2593 1271 2634 Veterani
1294 2594 1334 2633 in
1358 2593 1526 2634 colonias
1546 2593 1683 2647 partim
1705 2597 1745 2632 in
1763 2593 1910 2634 Italiam
1927 2620 1939 2640 ,
1967 2594 2105 2648 partim
2127 2608 2166 2633 in
2188 2595 2277 2634 alias
2292 2607 2448 2648 provin-

359 2645 436 2684 cias
456 2645 505 2684 ad
521 2659 583 2684 eas
600 2647 776 2687 tutandas
799 2662 870 2702 pro
892 2649 1037 2689 ratione
1054 2648 1277 2689 neceffitatis
1294 2648 1431 2689 dimifli
1447 2649 1531 2689 sunt
1549 2664 1556 2688 :
1584 2650 1652 2703 qui
1676 2648 1916 2690 Nemausum
1936 2648 2100 2689 traduffi
2116 2676 2128 2696 ,
2160 2649 2259 2689 bello
2280 2649 2446 2689 Alexan-

358 2700 470 2739 drino
487 2699 609 2740 forsan
627 2702 900 2751 interfuerunt,
928 2704 966 2744 in
989 2703 1097 2757 cujus
1117 2704 1342 2745 memoriam
1359 2704 1594 2745 crocodilum
1612 2704 1747 2759 palmae
1767 2703 2000 2759 appensum,
2027 2703 2191 2760 AEgypti
2210 2703 2445 2759 symbolum,

358 2756 398 2795 in
414 2756 580 2796 nummis
595 2757 781 2798 caelarunt.

413 2832 496 2872 Hic
512 2838 681 2875 nummus
703 2835 896 2876 mediocris
914 2837 1072 2884 moduli,
1099 2837 1202 2891 apud
1216 2837 1316 2878 Ant.
1337 2837 1590 2893 Augustinum
1605 2836 1720 2878 Dial.
1741 2842 1774 2879 6.
1788 2842 1880 2893 pag.
1899 2851 1986 2891 191.
2007 2832 2202 2879 Patinum
2205 2842 2295 2893 pag.
2315 2839 2375 2891 38.
2390 2835 2440 2882 ὠ·

362 2888 542 2941 Oiftlium
558 2886 651 2930 Tab.
668 2896 731 2931 26.
748 2891 930 2946 vulgatus
940 2919 953 2940 ,
979 2894 1097 2932 tritus
1117 2889 1164 2935 ὅγ’
1180 2891 1315 2932 obvim
1330 2892 1390 2940 est.

1161 2993 1642 3036 INCERTA‚

370 3653 408 3682 r,
439 3650 506 3693 ο]
517 3650 532 3678 1
544 3649 574 3677 N
587 3649 610 3676 τ
623 3650 639 3677 1
650 3650 688 3679 L.
718 3653 745 3679 v
757 3652 784 3679 A
799 3641 842 3681 R,
871 3653 888 3681 1
899 3654 927 3682 1.
957 3655 985 3682 v
997 3655 1012 3682 1
1027 3655 1057 3682 R
1063 3671 1201 3683 .......
1239 3632 1384 3684 Publio
1402 3640 1598 3700 Qintilio
1617 3641 1718 3683 Varo
1734 3637 1971 3681 Duumviro.
2011 3637 2145 3692 Caput
2167 3636 2349 3693 Agrippae
2369 3636 2448 3678 sine

479 3706 633 3734 corona.

426 3763 455 3790 A
468 3763 494 3789 v
508 3763 546 3789 G.
577 3761 675 3787 pon
688 3759 725 3787 r.
757 3762 793 3788 M
806 3763 831 3788 A
844 3764 883 3789 x.
913 3765 946 3791 c.
977 3767 1015 3793 L.
1051 3751 1243 3807 Augustus
1259 3753 1454 3809 Pontg'fex
1472 3753 1686 3794 Maximus.
1715 3751 1856 3797 Caius,
1883 3748 2040 3790 Lucius.
2081 3746 2175 3788 Tria
2192 3748 2339 3803 capita,
2366 3747 2450 3788 Au-

461 3831 466 3836 ·
481 3803 611 3858 gustus
628 3803 724 3843 inter
742 3804 880 3843 Caium
901 3808 939 3844 ὃ(
955 3806 1128 3847 Lucium.

421 3881 598 3923 Perrarus
613 3880 667 3923 est
685 3880 748 3922 hic
767 3895 944 3923 nummus
960 3909 973 3930 ,
1002 3885 1071 3938 qui
1085 3884 1362 3940 Imperatorem
1382 3890 1420 3927 &
1437 3886 1592 3941 Imperii
1613 3883 1839 3928 successbres
1862 3873 2082 3938 defignatos
2099 3881 2278 3939 exhibet,
2305 3894 2452 3977 εῐκέιὲἷ

1640 3966 1644 3968 ,
2331 3951 2364 3977 c}
