2491 4219
208 113 309 162 176
775 70 1356 153 PHR1L1PPUS
1440 107 1860 157 SENIOR‘:

954 222 1591 271 VIMINACIUM

216 847 235 876 1
247 848 283 874 M
295 847 330 875 P.
361 847 409 875 M.
443 848 458 874 1
470 848 497 875 v
510 848 548 874 L.
580 847 601 873 Ρ
612 847 640 874 H
656 847 667 872 x
681 847 706 874 L
720 846 802 873 11¹1³
817 847 843 873 v
854 846 874 873 s
909 847 935 873 A
949 848 974 875 v
987 847 1024 873 o.
1055 833 1191 889 Caput
1203 834 1373 888 Philippi
1390 833 1611 875 laureatum.

272 905 308 932 P.
341 904 390 931 M.
425 905 458 931 s.
491 905 513 930 c
527 904 552 929 o
565 904 603 930 L.
635 904 663 929 v
676 903 691 929 1
704 903 750 930 M.
784 903 810 929 A
824 903 868 929 N.
898 903 934 930 v.
965 890 1192 930 Provinciae
1214 888 1353 941 Moefiae
1375 888 1584 945 Superioris
1609 888 1765 931 Colonia
1791 888 2044 932 Viminacium
2059 903 2157 932 anno
2181 892 2331 948 quinto}

330 947 375 987 In
397 948 477 987 aliis
502 960 582 985 AN.
615 960 641 984 v
658 959 691 986 1.
723 958 808 985 AN.
839 959 866 985 v
883 958 898 984 1
917 954 949 985 1.'
982 959 1063 985 AN.
1096 959 1153 985 νῐ
1173 960 1188 985 1
1209 959 1239 986 1.
1273 959 1358 985 AN.
1390 959 1418 985 v
1435 959 1449 986 1
1470 960 1484 986 1
1504 959 1519 985 1
1539 960 1571 986 1.
1605 958 1690 985 AN.
1722 959 1761 985 x.
1791 945 1935 988 Mulier
1954 946 2222 997 stolatastans‚
2248 962 2330 992 ma-

330 1003 444 1043 nibus
464 1001 561 1042 infra
578 1000 762 1048 extenfis,
791 1015 863 1055 pro
880 1001 1044 1056 pedibus
1061 1002 1082 1040 ὲι
1100 1000 1245 1042 dextris
1263 1001 1416 1042 Taurus
1433 1001 1498 1042 seu
1520 1002 1621 1048 Bos,
1648 1000 1741 1041 inde
1757 1001 1852 1042 Leo.

274 1081 534 1122 Viminacium
569 1079 719 1120 Moefiae
742 1079 944 1135 superioris
974 1079 1108 1120 urbem
1135 1080 1156 1121 ξι
1182 1081 1386 1121 Gordiano
1411 1080 1524 1121 tertio
1543 1079 1753 1120 Coloniam
1777 1079 1886 1120 fuisse
1901 1078 2106 1122 dedufkam
2124 1096 2229 1124 anno
2247 1083 2333 1137 ejus

221 1136 369 1192 imperii
385 1136 554 1177 stcundo
572 1147 756 1182 exeunte,
787 1147 853 1177 aut
869 1135 982 1177 tertio
998 1136 1180 1184 ineunte,
1206 1136 1318 1190 supra}
1334 1136 1502 1177 diximus
1522 1155 1534 1182 ς
1561 1135 1756 1190 vocesque
1773 1150 1799 1176 A
1814 1149 1856 1175 N.
1892 1149 1922 1174 1.
1959 1149 1974 1176 1
1987 1150 2019 1177 1.
2051 1140 2091 1177 δε
2104 1137 2195 1179 alias
2210 1138 2333 1194 usque

221 1192 271 1232 ad
297 1206 376 1232 AN.
408 1206 448 1232 v.
471 1193 509 1232 in
528 1191 604 1232 hoc
627 1192 862 1244 Imperatore
886 1191 1068 1247 fignatas,
1097 1192 1220 1233 annos
1243 1206 1324 1231 aerae
1350 1192 1372 1231 ὲ.
1393 1191 1562 1232 ἀετάυξὶει
1588 1191 1757 1232 Colonia
1782 1190 2000 1245 designare,
2028 1206 2193 1248 quarum
2217 1194 2335 1235 inter-

222 1249 479 1303 pretationem
497 1246 670 1288 eruditus
687 1247 729 1287 P.
748 1247 790 1287 N
794 1247 927 1288 orifius
944 1248 996 1289 ob
1010 1262 1134 1289 annos
1148 1249 1187 1288 in
1206 1247 1372 1287 nummis
1394 1246 1537 1288 Latinis
1561 1260 1642 1288 non
1670 1246 1914 1294 observatos,
1942 1248 2138 1290 neminem
2156 1248 2336 1305 assequu-

223 1315 307 1345 tum
328 1304 441 1346 refert
462 1304 611 1345 Differt.
637 1318 672 1344 2.
691 1318 774 1358 cap.
796 1309 831 1345 6.
855 1320 892 1359 p.
910 1317 977 1357 97.
1008 1303 1232 1361 Nusquam,
1261 1303 1408 1359 inquit,
1437 1304 1530 1345 anni
1542 1303 1672 1358 scalpi
1695 1303 1870 1358 leguntur
1895 1304 1938 1343 in
1961 1305 2122 1345 nummis
2150 1304 2334 1354 Latinis,

213 1370 474 1417 praeterquam
491 1363 533 1400 in
555 1362 604 1401 iis
623 1362 690 1415 qui
707 1361 915 1401 Viminacii
930 1363 972 1401 in
988 1360 1106 1413 lWyst‘a
1111 1362 1302 1414 superiore
1321 1359 1496 1412 custfitnt
1513 1379 1527 1405 ,ς
1548 1359 1625 1409 sed
1637 1368 1682 1398 ut
1694 1358 1853 1412 ingenui}
1857 1357 2018 1411 fatear,
2044 1359 2171 1401 nullus
2185 1360 2260 1402 huc
2273 1360 2336 1414 κβ

222 1426 297 1478 que
315 1417 467 1456 illarum
486 1425 661 1456 notarum
678 1418 1023 1469 interpretationem
1039 1419 1202 1457 invenit.
1233 1416 1384 1456 Goltzii
1399 1415 1450 1456 de
1467 1429 1631 1455 nummo
1654 1414 1833 1455 Coloniae
1858 1413 2067 1455 viminacii
2087 1414 2178 1458 falsa
2202 1416 2335 1458 citatio

215 1465 267 1512 'm
290 1472 395 1512 Alex.
416 1473 560 1512 Severo
577 1474 615 1512 δε
634 1471 700 1522 Iul.
724 1471 864 1517 Maeffi,
894 1472 1078 1526 plurimos
1093 1474 1132 1512 in
1153 1486 1319 1512 errorem
1340 1471 1492 1511 induxit
1510 1491 1522 1517 3
1551 1470 1692 1511 dubius
1717 1470 1809 1511 ideo
1831 1469 1871 1510 P.
1894 1469 2074 1512 Norifius
2097 1471 2169 1513 loc.
2195 1473 2258 1514 cit.
2278 1473 2337 1514 in-

227 1529 312 1582 quit
336 1543 343 1566 :
371 1529 508 1582 Qare
525 1541 582 1565 res
601 1526 696 1566 mihi
715 1529 755 1566 in
778 1528 928 1574 obscuro
947 1527 1043 1566 latet
1061 1547 1072 1573 ς
1099 1528 1211 1567 video
1227 1526 1495 1583 enimfucilius
1513 1526 1581 1579 eff&
1599 1526 1757 1566 aliorum
1774 1527 2106 1579 interpretationes
2118 1527 2343 1581 corffutare,'

218 1583 342 1638 quum
361 1582 553 1637 quidpiam
572 1583 666 1621 certi
676 1581 850 1629 [latuere.
883 1584 1021 1622 Annus
1039 1597 1076 1622 v.
1099 1583 1119 1622 ἐι
1140 1583 1307 1623 Colonia
1328 1581 1496 1622 dedue‘m
1511 1581 1552 1622 in
1567 1581 1750 1636 Philippo
1767 1591 1810 1622 ut
1831 1580 1871 1620 in
1900 1581 2104 1624 Gordiano
2120 1583 2316 1637 percussus
2323 1609 2340 1635 2

229 1638 422 1679 Gordiani
443 1651 605 1678 mortem
624 1638 701 1677 hoc
716 1651 838 1684 anno,
867 1642 906 1678 ὃς
921 1637 1087 1691 Philippi
1105 1638 1254 1692 imperii
1270 1637 1420 1679 initium
1439 1638 1546 1678 certo
1562 1637 1725 1679 denotat
1743 1653 1750 1677 :
1777 1637 1926 1679 nummi
1949 1648 2081 1682 autem
2105 1638 2279 1684 Romani
2296 1639 2340 1683 in

231 1695 414 1747 Philippo
437 1708 498 1733 vl.
528 1693 784 1733 Tribunitiam
802 1693 1031 1747 potestatem
1049 1694 1294 1735 dinumerant
1312 1714 1324 1740 3
1350 1694 1442 1734 ideo
1463 1693 1666 1734 Viminacii
1689 1693 1752 1733 sex
1775 1694 1891 1734 etiam
1916 1707 2039 1740 annos
2058 1694 2098 1735 in
2120 1697 2204 1750 ejus
2226 1707 2341 1738 num·

225 1751 307 1790 *mis
322 1759 549 1802 computant
570 1764 578 1789 ε
606 1748 826 1803 primusque
848 1748 1018 1804 Philippi
1044 1749 1194 1805 imperii
1215 1763 1337 1790 annus
1363 1749 1504 1804 quinto
1530 1762 1612 1789 aerae
1635 1748 1817 1789 Coloniae
1842 1748 2071 1803 respondet,
2099 1753 2139 1791 &
2153 1749 2342 1806 deinceps

230 1806 354 1859 >usque
375 1805 424 1844 ad
441 1805 609 1859 Philippi
626 1817 760 1844 necem
779 1818 903 1845 annus
917 1804 1091 1846 decimus
1105 1807 1146 1847 in
1164 1806 1282 1863 ipfius
1299 1802 1468 1849 nummis
1488 1803 1656 1862 fignatus
1674 1804 1740 1847 est.
1769 1804 1834 1846 De
1847 1804 2006 1848 muliere
2019 1804 2117 1848 inter
2133 1805 2285 1852 Bovem
2297 1809 2340 1860 ὃς

230 1862 408 1905 Leonem
428 1861 568 1908 stante,
595 1874 635 1901 1n
653 1859 861 1902 Gordiano
877 1860 1022 1902 dietum
1039 1861 1104 1902 est.

227 1939 236 1998 ἶ
290 1939 373 1982 Hic
387 1953 557 1998 nummus
574 1953 623 1982 ex
641 1941 742 1983 omni
755 1938 902 1982 modulo
917 1939 1053 1984 obvius
1067 1936 1128 1996 cst.

1414 3048 1444 3117 il'sn‘z

1285 3046 1371 3073 La-

1203 3061 1205 3071 '
1246 3041 1405 3119 ῑῑῑίἷῗιιῐιὶυὶιῖιῖῇᾗῇῑῖῐῇ
