2574 4214
914 119 1509 182 AUGUSTUS.
1614 177 1616 179 ,
2202 132 2261 194 49

224 204 368 243 Nullus
394 202 448 244 cst
472 202 510 242 in
534 216 574 242 re
593 202 803 257 antiquaria
827 212 904 243 tam
928 215 1064 255 parum
1084 201 1275 247 versatus,
1303 202 1371 255 qui
1391 200 1553 254 Augusti
1580 195 1746 255 effigiem
1772 202 1885 240 etiam
1906 200 1984 241 fine
2001 203 2264 257 epigraphem

171 260 248 298 hoc
264 273 426 298 nummo
442 272 522 297 non
540 255 745 311 agnoscat3
775 256 896 312 figura
917 257 1065 296 militari
1092 255 1224 295 habitu
1252 256 1291 295 in
1318 256 1394 296 bafi
1412 282 1424 301 ‚
1453 255 1535 306 ejus
1557 254 1675 294 statua
1701 254 1774 294 effe
1793 255 1969 300 videtur,
1997 271 2111 309 quam
2132 258 2183 298 ob
2201 259 2264 309 ga*-

168 314 265 353 leam
285 313 310 352 fi
326 313 497 352 institeris
517 312 585 351 sub
605 312 742 352 Martis
760 311 880 366 figura
894 311 1081 365 positam,
1111 325 1191 350 non
1211 324 1273 349 me
1289 310 1544 365 refragantem
1561 309 1739 354 habebis;
1769 309 1818 348 fic
1833 310 1872 348 in
1895 310 2056 350 denariis
2075 302 2264 367 argenteis

168 368 297 408 visitur
315 384 322 407 :
350 366 414 406 sed
433 368 472 406 in
489 381 565 419 qua
584 368 676 406 urbe
692 380 872 406 nummus
893 366 1024 411 cusus‚
1054 370 1092 405 &
1112 365 1228 405 statua
1248 365 1402 418 publice}
1423 364 1544 404 locata
1561 364 1638 409 est,
1667 364 1743 402 hoc
1763 377 1862 417 opus
1882 378 1889 402 :
1913 375 2027 416 ‘notas
2057 380 2090 404 P.
2113 381 2144 405 s.
2168 381 2199 405 s.
2225 382 2260 406 c.

167 424 476 476 interpretamur,
502 422 652 473 pomero>
667 420 832 471 Suffi³tes
853 419 1181 475 Carthaginensi’s.
1215 419 1305 473 jam
1323 419 1528 459 reclamant
1546 430 1701 471 tyrones
1719 437 1730 463 ·,
1760 431 1797 458 at
1813 432 1993 469 nummos
2017 420 2262 461 Uticenfium

166 479 205 518 in
227 478 385 517 Tiberio
407 476 627 522 consulant,
656 477 694 516 in
715 477 855 529 quibus
878 475 1098 529 frequentet
1124 475 1290 515 occurrit
1315 475 1433 514 statua
1457 473 1621 514 sedentis
1641 473 1757 512 Livia:
1776 487 1863 513 cum
1884 474 2015 514 litteris
2045 489 2080 513 D.
2100 489 2138 514 D.
2168 489 2199 513 P.
2224 489 2260 515 P.

166 547 261 586 quas
280 532 396 586 vulgo
417 543 617 584 exponunt
635 558 647 577 ,
677 528 915 570 *Decuriones
934 531 1086 583 posuere
1103 556 1115 576 ,
1145 542 1188 570 ut
1205 529 1443 569 simulacrum
1464 530 1485 569 a
1504 527 1787 568 Decurionibus
1808 527 1973 581 positum
1996 542 2165 584 arguant.
2206 530 2261 570 Si'-

165 588 262 627 milis
289 588 406 628 statua
429 587 546 625 Liviae
564 587 604 625 in
623 585 749 625 aversa
769 586 916 624 Tiberii
932 599 1040 639 parte
1060 600 1149 625 cum
1171 585 1302 624 iisdem
1319 585 1419 624 notis
1450 599 1484 623 Ρ.
1510 597 1542 622 s.
1567 597 1599 622 s.
1626 597 1657 622 c.
1689 582 1853 634 Pofuere
1873 582 2035 634 Suffi¹tes
2052 583 2258 638 Carthagi-

163 644 290 693 nense's
307 669 316 687 ,
346 641 567 687 exhibetur3
595 640 731 694 quidni
747 640 1065 695 Carthaginenses
1084 641 1221 679 statuas
1240 639 1415 693 Augusto
1435 643 1472 677 δε
1487 638 1604 677 Livia:
1621 636 1853 683 dedicarint,
1886 639 2047 692 Augusti
2067 635 2259 679 benefieiis

164 697 216 738 ob
234 697 438 736 Coloniam
456 696 566 735 novis
586 696 731 735 colonis
749 694 1049 748 frequentatam,
1078 704 1122 733 ut
1141 707 1225 746 pag.
1249 708 1281 732 2.
1304 693 1470 732 diximus
1483 720 1495 739 ‚
1525 692 1733 746 plurimum
1754 691 1932 732 devinffi.
1969 693 2133 734 Suffetes
2153 688 2256 734 enini

163 752 297 792 summi
318 751 400 791 sunt
417 751 681 804 Carthaginis'‚
710 761 752 789 ut
773 750 1013 790 Decuriones
1037 748 1182 794 Uticae,
1215 748 1473 802 Magistratus.
1513 748 1624 787 Plura
1645 746 1694 786 de
1714 747 1842 787 Lollio
1861 751 1897 786 δε
1910 748 2087 789 Domitio
2105 749 2256 790 Duum}

162 808 269 853 viris,
300 818 341 846 ut
361 809 398 845 δε
415 807 463 846 de
479 806 686 846 Suffetibus
705 805 744 844 in
765 805 931 844 nummis
948 802 1096 844 Tiberii
1114 803 1276 843 incertis.

217 900 298 940 Hic
316 898 528 940 nummulus
545 897 569 939 d
588 899 734 940 Patina
752 898 857 941 Fam.
876 899 985 939 Rom.
997 909 1089 953 pag.
1112 911 1127 937 1
1141 900 1200 949 58.
1223 896 1426 952 vulgatus,
1451 898 1512 936 im
1517 912 1553 937 er
1569 899 1728 938 rariores
1745 889 2004 938 numm-anam.

917 1009 1061 1049 IMP.
1100 1007 1398 1049 CAESAR

957 1076 1364 1117 AVGVSTVS

936 1144 1149 1185 PONT.
1207 1144 1380 1185 MAX.

980 1213 1342 1255 PATRENS.

847 1285 1254 1326 COLONIAE
1295 1283 1455 1325 DED.

1414 1392 1622 1448 Grut.pag.
1647 1395 1731 1446 187.
1752 1384 1790 1446 7.

194 3910 296 3953 Yam.
325 3911 360 3953 Ι.
1396 3929 1401 3936 “
1435 3910 1477 3960 G
