2491 4219
791 139 1104 212 Jut1A·
1183 138 1586 191 DoMNA:
2175 143 2235 200 ωῑ

799 266 837 308 C
861 265 955 315 (ΛΕ
982 264 1013 307 S
1038 265 1084 308 A
1110 265 1152 307 R
1181 264 1220 307 E
1246 265 1294 306 A
1345 263 1570 317 Palaestinae.

138 812 154 841 1
165 814 191 841 v
203 814 240 841 L.
270 814 298 840 D
308 814 334 839 o
348 813 384 839 M
394 812 425 839 N
437 812 480 838 A.
511 810 538 838 A
555 811 582 839 v
592 810 632 838 G.
660 796 907 852 CaputJuliae
916 796 1094 837 Domnae.

190 871 214 897 c
226 870 252 896 o
267 870 304 896 L.
336 869 357 894 P
372 869 410 895 R.
444 868 467 894 ε
480 868 518 894 L.
553 868 580 893 A
594 867 621 894 v
637 867 675 893 G.
709 868 731 893 c
746 867 772 892 A
787 867 810 892 E
824 867 842 892 s
858 867 884 891 A
899 867 929 892 R
941 867 963 892 r,
979 867 1020 892 A.
1049 851 1186 892 Venus
1206 848 1271 890 seu
1292 849 1463 894 Astarte,
1493 846 1596 901 pede
1615 846 1709 888 saxo
1734 844 1936 901 imposito,
1965 842 2097 884 dextra
2119 849 2235 897 caput

243 910 455 964 Serapidis,
484 907 627 949 finistra
647 908 875 962 scipionem,
905 922 977 962 pro
993 907 1157 962 pedibus
1174 906 1332 946 Fluvius
1345 917 1558 958 emergens.

188 989 361 1034 Astarte,
391 987 455 1027 seu
482 987 620 1027 Venus
649 986 783 1040 Byblia
809 986 948 1027 iterum
963 985 1093 1038 prodit
1111 985 1150 1025 in
1168 984 1350 1024 Caefiareae
1368 983 1556 1028 nummis,
1584 994 1701 1035 quam
1718 981 1757 1020 in
1775 978 1977 1037 Hadriano
1997 981 2034 1016 δε
2058 976 2236 1038 Faustina

126 1043 289 1099 Juniore
309 1044 475 1084 vidimus
491 1062 502 1088 ³
530 1043 612 1082 haec
630 1043 716 1082 Dea
733 1053 850 1096 caput
863 1042 996 1082 dextra
1014 1052 1139 1086 tenet,
1167 1039 1260 1078 illud
1279 1053 1421 1092 nempe
1441 1050 1718 1092 papyraceum,
1748 1035 1859 1089 quod
1874 1035 2062 1093 Luc1anus
2079 1031 2239 1091 lpsemet

133 1099 230 1139 vidit
253 1098 461 1153 quotannis
488 1098 528 1137 in
552 1111 655 1137 mare
673 1097 912 1152 projeetum,
941 1100 980 1135 &
997 1095 1185 1136 diabolica
1202 1095 1240 1133 vi
1259 1094 1421 1148 Byblum
1437 1094 1581 1147 septem
1602 1092 1737 1131 diebus
1757 1105 1804 1131 ex
1827 1087 2054 1130 Alexandna
2072 1086 2238 1149 AEgypti

133 1154 325 1200 delatum,
357 1159 395 1193 &
415 1152 523 1205 cujus
541 1153 674 1205 capitis
695 1153 884 1193 adventus
906 1152 1082 1205 planetus
1100 1149 1294 1191 Adonidis
1314 1149 1506 1189 indicabat
1524 1167 1535 1194 3
1563 1148 1666 1187 unde
1690 1161 1763 1201 pro
1782 1146 1944 1200 pedibus
1969 1144 2131 1184 Veneris
2161 1141 2240 1196 ipsa.

130 1210 326 1252 Adonidis
353 1210 470 1265 figura
487 1208 555 1249 sub
576 1208 702 1248 Fluvii
720 1208 843 1261 specie
864 1221 1064 1261 emergens
1085 1223 1093 1247 :
1123 1206 1232 1259 cujus
1248 1206 1302 1246 rei
1322 1203 1531 1245 meminisse
1548 1203 1702 1244 videtur
1722 1201 1847 1242 Esaias
1870 1204 1928 1241 18.
1956 1214 1988 1239 1.
2040 1200 2107 1239 Vae
2128 1207 2238 1238 terrae

131 1264 287 1317 cymbali
305 1279 452 1305 orarum
478 1277 560 1319 quae
577 1264 626 1309 est
650 1263 932 1315 transflumina
957 1262 1085 1305 Thus,
1112 1263 1286 1302 mittenti
1311 1263 1353 1301 in
1372 1274 1472 1299 mare
1490 1261 1674 1313 imagines
1686 1285 1697 1305 ,
1725 1259 1836 1313 idque
1853 1260 1894 1297 in
1914 1255 2012 1307 vcfis
2020 1265 2240 1310 pagrracets

120 1320 236 1374 super
252 1334 385 1376 aquas.
414 1319 459 1360 N
462 1334 506 1360 ec
523 1318 710 1359 diffimilia
726 1319 871 1359 habent
888 1319 938 1358 D.
951 1318 1118 1372 Cyl-illus
1133 1321 1172 1356 &
1188 1315 1402 1370 Procopius
1416 1316 1456 1354 in
1472 1314 1576 1354 hunc
1594 1313 1837 1368 Prophetam.
1871 1312 1970 1352 Vasa
1988 1314 2104 1366 porro
2120 1323 2245 1365 papy-

130 1389 238 1417 racea
253 1376 338 1418 sunt
348 1375 581 1431 AEgyptiaca
598 1375 770 1429 navigia,
784 1389 871 1429 quae
887 1389 934 1415 ex
950 1370 1102 1428 papyro
1119 1371 1283 1419 fiebant,
1304 1371 1398 1412 teste
1406 1369 1692 1424 Theophrasto.
1723 1373 1813 1409 Αύτός
1828 1373 1847 1418 ᾖ
1862 1374 1878 1406 ὁ
1892 1371 2024 1415 πέπυρος
2039 1371 2119 1412 πῶς
2132 1374 2239 1405 amm

132 1434 294 1483 χρήσιμος,
319 1437 343 1483 ³37
361 1435 393 1479 ᾧ
410 1443 506 1471 πλοῖα
518 1439 622 1468 nussim
640 1436 670 1477 ἐξ
686 1435 773 1469 mg.
801 1429 886 1484 Jpfh
901 1429 1052 1484 quidem
1060 1439 1224 1483 papyrus
1239 1427 1294 1468 ad
1300 1426 1412 1479 plura
1424 1425 1555 1471 utilis,
1585 1439 1633 1465 ex
1645 1439 1685 1464 eo
1697 1428 1795 1465 enim
1807 1426 1965 1479 navigia
1977 1431 2128 1465 texunt.
2160 1423 2239 1463 Bo-

94 1516 97 1519 *
131 1486 285 1528 chartus
304 1499 418 1542 caput
435 1487 529 1527 illud
548 1486 712 1528 Osiridis
730 1487 806 1528 esse
822 1485 959 1532 refert,
988 1484 1052 1525 lib.
1074 1497 1112 1536 4..
1133 1498 1217 1538 cap.
1243 1497 1278 1523 2.
1297 1482 1362 1522 sed
1379 1481 1498 1522 Ofiris
1518 1481 1622 1522 idem
1642 1481 1695 1522 est
1716 1495 1805 1521 cum
1823 1479 2013 1536 Serapide.

185 1565 269 1606 Hic
281 1579 453 1607 nummus
472 1565 800 1620 minimaeformae,
826 1567 928 1607 inter
942 1556 1187 1620 elegantiores
1208 1561 1457 1616 recenfindus.

126 2146 290 2179 terA
325 2150 477 2178 DoMN
491 2150 531 2177 A.
562 2151 676 2178 Avo.
711 2136 846 2192 Caput
863 2136 968 2186 Juliae
983 2137 1165 2178 Domnae.
1464 2186 1467 2189 Δ

132 2217 135 2222 ·
176 2208 215 2234 c.
245 2207 284 2233 L.
315 2206 342 2232 Γ.
357 2217 359 2219 -
377 2197 436 2232 co
451 2206 491 2232 R.
522 2191 680 2233 Colonia
700 2192 809 2232 Laus
823 2192 941 2245 Julia
959 2194 1179 2233 Corinthus.
1209 2192 1391 2234 Minerva
1410 2192 1555 2249 galeata
1573 2192 1692 2241 stans,
1722 2192 1855 2235 dextra
1877 2190 2113 2239 Vistoriamj
2140 2190 2233 2234 laeva

234 2247 400 2295 hastam,
429 2262 502 2302 pro
522 2248 688 2302 pedibus
708 2248 798 2288 hinc
814 2263 899 2296 ara,
926 2249 1017 2288 inde
1035 2249 1204 2303 clypeus.

179 2325 416 2373 Corinthus,
444 2340 562 2380 quam
581 2326 723 2367 Cicero
743 2328 863 2367 totius
881 2327 1038 2366 Graeciae
1056 2327 1179 2367 lumen
1197 2326 1383 2381 appellat,
1411 2340 1485 2379 pro
1501 2327 1609 2381 Lege
1625 2327 1806 2373 Manilia,
1834 2328 1943 2380 cujus
1958 2340 2050 2383 ager
2064 2327 2237 2381 optimus

124 2382 165 2420 &
182 2379 492 2422 fruetuofiffimus
511 2384 552 2421 L.
573 2382 758 2423 Mummii
773 2383 938 2437 imperio
956 2396 999 2422 ac
1016 2381 1195 2423 felicitate
1212 2383 1260 2421 ad
1281 2382 1479 2438 vestigalia
1496 2382 1536 2421 P.
1555 2383 1744 2424 Romano
1773 2382 1976 2435 adjunetus
1997 2383 2140 2429 fuerat,
2171 2382 2232 2432 Ju-

124 2436 196 2477 lius
222 2438 349 2478 Caesar
371 2438 420 2477 ad
441 2437 623 2478 eumdem
651 2438 857 2479 colendum
883 2438 1079 2478 libertinos
1110 2436 1329 2483 transmisit,
1357 2442 1395 2477 δε·
1421 2438 1659 2479 Corinthum
1686 2438 1896 2478 Coloniam
1914 2438 2075 2479 deduxit
2090 2438 2231 2478 eodem

124 2502 300 2547 tempore
320 2508 401 2547 quo
419 2492 696 2548 Carthaginem
710 2521 721 2539 ,
753 2506 796 2534 ut
811 2494 925 2534 tradit
947 2493 1173 2534 Plutarchus
1192 2494 1232 2533 in
1244 2493 1350 2546 Julio
1371 2506 1457 2547 pag.
1479 2506 1500 2545 7
1508 2507 1569 2546 34.
1606 2506 1646 2532 Ων
1670 2497 1890 2542 &mmmmm
1915 2497 2081 2545 Καρχηδὼν
2103 2495 2151 2541 μὴ
2176 2495 2232 2531 Κό-

126 2551 221 2588 υνθτς
235 2545 312 2585 fimus·
338 2547 386 2583 αῗις
401 2546 448 2591 ζα),
467 2549 605 2593 περ’προν
621 2547 676 2582 ‘vitiux
690 2548 803 2583 ἅλωσιν
818 2573 828 2589 ,
852 2547 900 2594 ιρι),
916 2547 979 2583 τᾶπ
997 2546 1050 2583 'riui
1064 2548 1209 2590 αἰνοὶλιψιν
1223 2548 1313 2595 οἶμαι,
1336 2549 1384 2594 219⁴}
1401 2549 1435 2594 ἦ
1451 2549 1471 2581 ‘i
1487 2548 1575 2583 οἰυτόν
1591 2549 1693 2598 χξόνον
1715 2552 1903 2596 ἀμφοτέραις
1922 2553 2038 2593 &soil-&4
2058 2554 2230 2594 σιωέτυχεν-

123 2596 303 2649 ‘Quarum
318 2595 485 2649 fuerunt
513 2596 717 2646 clariffimae
743 2597 936 2651 Carthago
966 2595 1013 2640 ἵν’
1037 2598 1244 2639 Corinthus
1271 2613 1282 2637 :
1310 2598 1444 2653 quibus
1470 2594 1517 2640 ὅν
1545 2601 1630 2652 capi
1649 2608 1738 2638 ante
1757 2597 1804 2642 όν
1825 2608 1917 2640 tunc
1937 2598 2139 2650 instaurarc=
2155 2596 2232 2637 una‘*

122 2652 320 2705 eademque
335 2651 549 2704 tempestate
564 2652 747 2692 ambabus
767 2655 939 2707 contigit.
969 2652 1166 2694 Corinthii
1184 2652 1279 2694 ficut
1292 2654 1457 2699 Severo,
1484 2654 1537 2693 ita
1545 2653 1659 2707 Juliae
1679 2655 1788 2694 uxori
1807 2668 2009 2700 nummos,
2039 2666 2081 2694 ut
2099 2654 2234 2693 ambo-

122 2719 206 2746 rum
223 2707 530 2747 benevolentiam
548 2706 616 2747 fibi
634 2708 902 2754 conciliarent,
930 2707 1083 2749 Pallade
1098 2709 1138 2748 in
1155 2720 1323 2763 utroque
1342 2707 1504 2762 fignata,
1532 2708 1782 2750 dedicarunt:
1812 2710 1877 2751 sed
1900 2711 1938 2750 in
1964 2710 2040 2751 hoc
2071 2723 2233 2751 nummo

122 2760 306 2802 Vi&oriae
331 2762 479 2817 fignum
509 2762 634 2802 forsan
665 2763 832 2803 Domnae
858 2776 1041 2817 tanquam
1067 2763 1209 2804 Palladi
1234 2763 1416 2805 bellorum
1434 2763 1587 2804 Praefidi
1604 2765 1839 2812 tribuerunt,
1867 2767 1927 2806 vel
1948 2767 2037 2819 quia
2059 2765 2231 2806 Vistoria

121 2817 290 2857 adstitrix
310 2818 498 2858 Minervae
514 2819 554 2858 in
573 2818 672 2858 bello
689 2832 823 2860 contra
840 2819 1028 2874 Gigantes
1038 2819 1134 2860 *data
1150 2820 1204 2859 est
1220 2839 1233 2866 ς
1262 2820 1457 2860 Corinthii
1474 2819 1552 2860 hoc
1570 2822 1691 2861 modo
1710 2822 1815 2874 Juliae
1832 2822 2090 2868 blandientes,
2119 2821 2230 2876 quod

121 2872 184 2912 illa
203 2873 346 2913 Severo
365 2874 405 2913 in
427 2873 528 2914 bello
545 2888 676 2914 comes
697 2873 820 2915 fuerit.
851 2875 1040 2916 Minervae
1059 2875 1221 2915 statuam
1243 2876 1282 2915 in
1299 2875 1430 2916 medio
1447 2876 1632 2917 Corinthi
1656 2877 1743 2918 foro
1768 2877 1929 2932 positam
1947 2891 2073 2918 narrat
2090 2877 2227 2917 Pausa-

121 2928 202 2967 nias
223 2928 285 2968 lib.
305 2943 392 2984 pag.
416 2931 479 2977 89.
510 2939 542 2965 Ev
559 2939 636 2978 μέσῳ
654 2933 687 2966 δὲ
703 2937 754 2969 τῆς
769 2936 875 2979 appete
891 2938 944 2970 ὲςιν
962 2933 1078 2970 Astus&
1092 2938 1209 2980 χαλκῆ.
1239 2931 1289 2971 In
1306 2931 1522 2985 medioforo
1541 2931 1591 2984 cst
1606 2934 1793 2973 Illinerva
1811 2948 1860 2974 ex
1883 2948 1963 2974 aere.
2003 2934 2054 2974 Et
2070 2934 2152 2986 ejus
2173 2932 2227 2974 fa-

121 2996 214 3023 num
236 2998 357 3037 prope
377 2984 533 3025 Medeae
553 2985 716 3026 filiorum
737 2987 950 3040 sepulcrum
968 2987 1069 3028 locat
1086 3002 1172 3044 pag.
1190 3002 1256 3039 91.
1289 2996 1331 3026 Tg
1351 2985 1503 3039 μνήματος
1528 2994 1560 3027 δέ
1577 2997 1629 3030 ἐςτιν
1653 2995 1670 3026 23
1685 2992 1781 3039 rro‘fsp‘w
1799 2997 1985 3031 Χαλινίπὸος
2001 2993 2130 3031 Αθῐωᾶς
2145 2992 2223 3040 apir-

119 3039 164 3079 A
166 3038 339 3091 sepulcro
359 3054 431 3080 non
447 3041 610 3093 muttum
626 3042 740 3094 distat
754 3041 1004 3084 ‚Fraenatricis
1022 3044 1216 3085 Minerva>
1244 3045 1513 3101 (Chalinitida
1531 3044 1756 3101 appellant)
1775 3047 1928 3101 fanum.

178 3115 257 3156 Hic
270 3131 440 3159 nummus
449 3120 628 3172 secundae
647 3120 946 3177 magnitudinis,
973 3135 1084 3163 rarus
1099 3122 1160 3173 est.

168 3727 203 3758 c'.
232 3729 269 3758 L.
301 3732 330 3759 1.
361 3733 422 3760 co
436 3734 479 3761 R.
508 3720 664 3762 Colonia
687 3722 798 3763 Laus
825 3722 942 3777 Julia
967 3723 1184 3765 Corinthus.
1212 3718 1386 3766 Vsttoria
1413 3725 1608 3782 gradiens,
1641 3725 1773 3768 dextra
1788 3735 1991 3775 coronam,
2019 3726 2112 3768 laeva
2127 3726 2206 3782 pal-

161 3813 165 3816 .
223 3786 336 3814 mam.

163 3850 357 3892 Corinthii
378 3851 587 3895 Vic‘t0tiam
607 3856 647 3895 in
663 3858 830 3898 nummis
839 3857 972 3912 Juhae,
1001 3869 1044 3898 ut
1063 3859 1101 3898 in
1119 3859 1261 3900 Severo
1283 3859 1529 3906 exhibentes,
1558 3873 1692 3901 eorum
1714 3861 2002 3902 existimationis
2020 3874 2108 3916 erga
2125 3862 2204 3901 Au,

111 3905 257 4002 guigan}
273 3908 554 4002 rrjolnimentum
570 3911 647 3958 est,
673 3911 742 3966 ipfi
762 3913 945 3954 Severum
954 3913 1067 3969 Juliae
1084 3914 1246 3956 consiliis
1265 3915 1472 4010 adCbellum
1492 3915 1602 3957 usum
1623 3916 1733 3958 fuisse
1749 3916 1960 3957 indicantes
1985 3931 1992 3955 :
2022 3917 2081 3957 illa
2103 3917 2204 3958 enim

258 3991 264 4000 .
352 3991 359 4002 .
1378 3984 1397 4011 2
2125 3986 2206 4014 non
