2574 4214
313 172 402 211 168
844 166 1514 217 ANTONINUS
1594 171 1839 217 PIUS.

305 232 425 285 capiti
439 230 683 286 impositum,
702 230 845 286 Jovem
863 254 876 280 ς
902 247 972 287 per
999 235 1224 282 tridentem,
1252 235 1519 289 Neptunum-‚
1548 240 1587 276 &
1610 251 1679 290 per
1701 237 1921 284 cerberum,
1950 237 2154 280 Plutonem
2180 241 2403 295 agnoscunt.

307 287 460 341 Serapis
484 300 611 328 autem
634 287 739 326 idem
759 289 815 328 est
840 303 931 328 cum
947 288 1050 342 Jove
1073 290 1182 343 apud
1211 291 1451 338 Diodorum,
1481 292 1647 332 eundem
1671 306 1759 332 cum
1784 293 1950 333 Plutone
1964 295 2152 335 existimat
2168 296 2403 340 Plutarchus.

307 342 503 396 Serapidis
525 343 689 382 cultores
713 355 829 383 vocat
850 344 1088 385 Christianos
1114 345 1335 386 Hadrianus
1358 346 1456 400 Imp.
1484 348 1523 386 in
1539 347 1645 401 epist.
1664 348 1713 387 ad
1726 348 1971 395 Servianum,
2001 352 2104 403 apud
2125 351 2377 407 Phlegontem
2390 382 2402 401 ,

310 396 435 437 forsan
451 397 561 451 quod
579 411 699 436 unum
713 398 882 439 colerent
901 399 1043 438 Deum.
1073 399 1141 438 Illi
1158 402 1227 453 qm·
1239 400 1397 453 Serapin
1413 401 1563 447 colunt,
1590 402 1904 454 Chrt-stianisunt
1921 424 1934 449 ,-
1965 404 2117 459 Serapi,
2133 409 2198 460 qui
2208 408 2404 461 sechrzsti

308 451 515 551 gpiscopos
530 453 674 492 dicunt.
690 483 718 492 ..
727 482 736 491 .
749 485 757 493 .
788 453 897 494 Unus
912 453 994 493 illis
1015 453 1132 493 Deus
1146 453 1218 505 est,
1242 454 1346 494 bunc
1363 456 1590 508 Christiani,
1618 456 1720 497 hunc
1733 457 1870 510 Judaei
1879 486 1892 505 ,
1919 459 2021 500 hunc
2035 474 2159 501 omnes
2174 474 2403 505 venerantur

372 516 519 562 gentes.
544 532 548 538 -

362 585 449 627 Hic
462 598 634 625 nummus
650 587 799 626 minimi
817 574 975 633 moduli,
1003 584 1029 625 ιὶ
1048 586 1198 627 Patino
1205 596 1296 642 pag.
1319 600 1407 628 220.
1423 586 1626 643 vulgatus,
1653 602 1721 631 nec
1739 604 1848 633 rarus
1864 605 1931 633 nec
1945 592 2083 633 obvius
2100 594 2159 645 cst.

306 1125 371 1153 {M
384 1127 416 1154 P.
450 1127 484 1152 τ.
514 1127 539 1154 c
552 1127 579 1153 A
592 1128 616 1154 E
628 1128 657 1154 s.
691 1127 719 1154 A
730 1128 761 1155 N
777 1130 838 1156 ro
852 1129 882 1155 N
894 1129 910 1156 1
923 1129 951 1156 N
966 1130 1007 1156 o.
1038 1117 1173 1173 Caput
1188 1118 1378 1160 Antonini
1393 1117 1450 1160 Pii
1464 1112 1684 1162 laureatum.

363 1184 388 1209 c
399 1184 425 1210 ο
436 1185 475 1210 r„
506 1183 527 1209 P
544 1183 573 1210 R
586 1184 600 1210 1
613 1184 649 1210 M
662 1185 704 1211 A.
737 1185 776 1212 r.
808 1186 835 1212 A
850 1186 875 1212 v
888 1186 929 1213 G.
959 1187 984 1214 c
996 1186 1023 1212 A
1036 1188 1060 1213 E
1074 1188 1093 1213 s
1108 1188 1135 1214 A
1148 1187 1192 1214 R.
1223 1174 1379 1216 Colonia
1396 1175 1538 1216 Prima
1553 1175 1697 1218 Flavia
1715 1177 1890 1233 Augzsta
1916 1178 2085 1232 Caesarea
2102 1179 2162 1221 vel
2180 1168 2405 1234 Caesbrensts.

416 1225 565 1281 Apollo
580 1226 701 1275 stans,
729 1227 864 1269 dextra
881 1228 1116 1285 serpentem,
1145 1230 1238 1271 laeva
1253 1231 1382 1272 innixa
1397 1230 1551 1287 tripodi.

359 1305 574 1355 Caesaream
590 1303 794 1349 Palaestinae
813 1308 853 1349 in
871 1309 1036 1366 Augusti
1050 1308 1210 1352 Caesaris
1230 1311 1420 1352 honorem
1437 1311 1486 1351 ab
1509 1311 1673 1353 Herode
1689 1325 1866 1354 vocatam
1879 1312 1961 1367 jam
1976 1314 2067 1354 ante
2082 1314 2257 1356 diximus.
2299 1314 2410 1370 Jose-

303 1361 408 1416 plius
425 1365 560 1420 Antiq.
581 1364 666 1418 Jud.
686 1365 749 1405 lib.
776 1379 790 1405 1
804 1379 838 1416 5.
854 1381 937 1420 cap.
966 1381 1025 1421 ¹3·
1046 1368 1213 1407 nominis
1229 1368 1346 1423 hujus
1358 1366 1508 1408 causam
1528 1369 1691 1424 Augusti
1709 1371 1867 1410 statuam
1883 1369 1922 1409 in
1941 1369 2086 1423 templo
2104 1370 2267 1424 positam
2284 1371 2408 1412 tradit.

306 1419 369 1461 ng
385 1423 428 1465 τῷ
438 1423 518 1465 μέσῳ
536 1420 653 1458 immoni,
673 1436 732 1461 τις,
757 1424 802 1462 ἐφ’
819 1419 838 1455 ἒ
852 1423 918 1458 νειδς
933 1425 1073 1468 Kaio-apoc
1089 1422 1204 1459 oimvfloc
1219 1432 1271 1460 πῖς
1286 1425 1448 1458 &avam-w
1459 1446 1468 1462 ‚
1494 1424 1568 1467 ἔχων
1585 1423 1774 1469 obstan-acm,
1798 1425 1827 1458 ‘ni
1842 1421 1896 1469 μῆ.)
1912 1424 2027 1469 Ῥώμης,
2052 1425 2080 1459 0113
2098 1428 2286 1472 ὂΚοιίπφος,
2301 1425 2346 1466 ἥτε
2361 1427 2408 1460 πέ-

305 1472 465 1511 ιλιςάντνδ»
490 1471 645 1518 Καισάρεια
657 1476 805 1516 mnam.
837 1471 1017 1511 Extante
1041 1473 1086 1511 in
1111 1472 1230 1512 medio
1254 1472 1419 1518 tumulo,
1446 1471 1489 1512 in
1519 1486 1591 1526 quo
1616 1473 1795 1527 templum
1823 1473 1982 1524 Caefizrz's
2007 1473 2030 1512 d
2055 1474 2160 1528 longe3
2175 1473 2411 1528 conspicuum

304 1522 656 1579 adnavgantibns,
686 1524 732 1568 ὠ
751 1527 792 1565 in
809 1539 850 1565 eo
853 1525 998 1577 statuae
1010 1553 1022 1573 ,
1051 1527 1180 1567 Romae
1200 1527 1343 1574 altera,
1369 1528 1492 1567 altera
1511 1527 1691 1576 Caesaris,
1720 1530 1818 1568 unde
1838 1528 2016 1580 Caesareae
2033 1543 2174 1569 nomen.
2205 1532 2268 1569 An
2286 1531 2410 1584 Apol-

307 1577 348 1618 lo
363 1578 404 1618 in
422 1581 584 1634 gratiam
604 1581 785 1636 Augusti,
815 1582 877 1621 cui
893 1581 1062 1622 summus
1078 1582 1191 1622 Deus:
1200 1594 1282 1623 erat
1289 1610 1301 1629 ,
1331 1582 1438 1636 apud
1456 1582 1669 1623 Caesaream
1687 1596 1864 1637 receptus
1885 1584 1930 1624 sit
1947 1586 1962 1623 ?
1990 1598 2039 1624 an
2057 1586 2151 1624 vero
2165 1584 2270 1624 idem
2287 1586 2412 1640 Apolss

308 1633 370 1680 lo,
398 1640 508 1688 cujus
527 1648 608 1677 erat
623 1651 786 1692 magnus
804 1637 1025 1677 Antiochia:
1042 1638 1186 1684 cultus,
1216 1638 1333 1692 longe
1347 1639 1440 1679 ante
1456 1638 1495 1678 in
1511 1638 1658 1692 Syriam
1674 1640 1874 1680 transsatus
1894 1642 1915 1678 a
1931 1639 2092 1680 Seleuco
2103 1639 2314 1687 Nicatore,
2343 1642 2412 1696 qui

310 1688 349 1729 se
365 1691 482 1744 ipsius
503 1691 621 1732 filium
638 1692 891 1747 praedicabat,
922 1693 1241 1747 Antiquariorum
1257 1693 1510 1746 disquisitioni
1531 1694 1786 1748 permittimus
1810 1709 1818 1734 :
1844 1695 1935 1734 cum
1951 1696 2053 1734 enim
2075 1695 2298 1749 Apollinem
2317 1711 2413 1751 qua-

308 1756 400 1785 tuor
425 1747 568 1788 artibus
593 1747 780 1801 praefuiffe
802 1748 1071 1789 existimaverit
1095 1748 1325 1802 antiquitas,
1354 1749 1460 1789 illum
1487 1749 1607 1789 modo
1633 1761 1676 1790 ut
1700 1749 1972 1791 Citharoedum
1997 1765 2086 1791 cum
2103 1751 2201 1805 lyra,
2232 1752 2352 1792 modo
2370 1765 2413 1793 ut

309 1801 518 1842 Medicum
545 1816 633 1843 cum
667 1803 796 1849 lauro,
825 1803 946 1843 modo
968 1815 1010 1844 ut
1029 1803 1288 1858 Jaculatorem
1314 1818 1404 1845 cum
1419 1804 1576 1859 sagitta,
1604 1806 1799 1859 postremo
1816 1818 1859 1846 ut
1880 1805 2022 1847 Vatem
2039 1820 2128 1845 cum
2145 1807 2298 1860 tripode
2315 1806 2414 1848 desi-

306 1858 443 1912 gnavit
462 1877 474 1902 ς
503 1859 542 1898 in
562 1858 639 1898 hoc
657 1871 786 1899 autem
802 1873 964 1899 nummo
982 1871 1167 1914 tanquam
1184 1860 1367 1901 Medicus
1385 1864 1422 1900 &
1441 1860 1561 1900 Vates
1580 1881 1592 1906 3
1613 1861 1765 1915 serpens
1782 1862 1885 1901 enim
1903 1860 2068 1901 sanitatis
2085 1861 2298 1914 symbolum
2310 1890 2321 1909 ,
2350 1864 2414 1903 tri—

307 1926 382 1967 pus
398 1914 492 1954 vero
509 1914 776 1954 vaticiniorum
792 1915 1086 1956 instrumentum
1103 1915 1179 1962 est,
1207 1917 1289 1956 imo
1309 1915 1463 1970 serpens
1480 1916 1671 1969 Apollinis
1687 1917 1801 1956 etiam
1818 1916 2042 1971 symbolum.
2073 1916 2180 1957 Hinc
2200 1917 2303 1972 apud
2319 1918 2412 1960 Delu

307 1968 411 2023 phos
427 1995 440 2016 ,
467 1969 599 2010 Draco
618 1969 686 2010 sub
704 1970 859 2024 tripode
880 1984 1018 2012 vocem
1035 1971 1160 2012 ederis
1175 1998 1188 2018 ,
1211 1970 1323 2024 juxta
1340 1970 1553 2011 Lucianum
1570 1987 1578 2010 :
1606 1971 1712 2011 unde
1727 1971 1855 2025 plures
1872 1972 1987 2012 etiam
2004 1972 2178 2019 nummi,
2204 1974 2255 2012 de
2271 1973 2413 2027 quibus

308 2025 483 2079 loquitur
498 2024 554 2064 Ill.
574 2025 829 2079 Spanhemius
846 2024 942 2067 Diff.
960 2041 998 2079 3.
1013 2040 1053 2082 p.
1073 2039 1162 2079 175.
1180 2040 1220 2067 in
1235 2026 1375 2082 quibus
1392 2039 1599 2068 occurrunt
1616 2023 1786 2080 tripodes
1802 2027 1976 2082 serpente
1989 2027 2152 2070 involuti
2162 2054 2176 2075 ,
2204 2028 2412 2083 aliquando

308 2081 426 2123 ctiam
443 2080 554 2135 supra
570 2081 765 2135 tripodem
778 2081 910 2122 eresti.
1587 2110 1590 2112 -

365 2158 450 2201 Hic
462 2172 635 2202 nummus
648 2161 813 2202 minimae
818 2155 961 2215 firmae‘
977 2157 1080 2200 inter'
1096 2153 1202 2198 ra'ros
1217 2156 1495 2210 adscribendus.

996 2263 1033 2304 c
1058 2263 1101 2306 A
1128 2243 1379 2305 R'TH‘A
1405 2260 1442 2302 G
1470 2261 1508 2302 o
1561 2260 1722 2317 Africa.

313 2934 329 2964 ι
340 2934 378 2962 M
390 2933 422 2960 P.
454 2933 478 2960 c
490 2932 517 2958 A
533 2932 556 2958 E
570 2930 602 2958 s.
635 2931 662 2957 A
677 2931 707 2957 N
722 2930 746 2957 τ
759 2931 785 2957 o
798 2929 829 2956 N
842 2930 858 2958 1
869 2929 901 2957 N
913 2931 938 2958 v
953 2930 973 2957 s
1006 2931 1033 2958 A
1048 2919 1075 2957 v
1089 2930 1127 2957 G.
1167 2914 1302 2971 Caput
1317 2914 1508 2956 Antonini
1524 2914 1581 2956 Pii
1597 2914 1817 2956 laureatum.

368 2992 402 3019 c.
425 2989 453 3016 1.
476 2990 511 3016 c.
538 2989 578 3015 A.
609 2987 714 3014 GEN
728 2988 789 3013 10.
821 2987 855 3013 Ρ.
888 2987 929 3014 R.
960 2988 998 3013 D.
1019 2987 1064 3020 ,0.
1097 2971 1253 3013 Colonia
1264 2971 1382 3026 Julia
1395 2972 1587 3026 Carthffio
1600 2972 1778 3026 Antiqua
1793 2998 1805 3018 ,
1835 2969 1954 3010 Genio
1971 2968 2113 3023 Populi
2130 2969 2323 3018 Romani,
2350 2969 2412 3010 de·

423 3040 526 3072 creto
538 3031 815 3072 Decurtonum.
844 3029 995 3069 Genius
1008 3027 1229 3068 seminudus
1246 3028 1347 3067 stans
1359 3053 1371 3073 ,
1399 3024 1531 3067 dextra
1550 3035 1744 3067 temonem
1757 3053 1769 3073 ,
1796 3025 1937 3067 sinistra
1952 3026 2205 3080 cornucopiae.

368 3110 648 3166 Carthaginem
666 3107 805 3149 Africae
820 3107 954 3147 urbem
968 3133 980 3153 ,
1009 3105 1117 3160 aJul.
1138 3105 1289 3147 Caesare
1305 3104 1513 3145 Coloniam
1534 3104 1573 3144 in
1589 3103 1676 3152 eius
1691 3105 1858 3145 nummis
1875 3103 2080 3144 dedufitam
2095 3104 2280 3151 diximus,
2307 3104 2412 3146 unde

314 3167 384 3207 has
401 3179 512 3207 notas
540 3181 574 3206 c.
599 3179 626 3205 1.
652 3179 688 3204 c.
718 3163 872 3204 Colonia
891 3161 1008 3214 Julia
1028 3161 1221 3215 Carthago
1238 3161 1475 3215 interpretati
1492 3159 1644 3200 sumus:
1673 3159 1827 3200 additur
1840 3160 1880 3199 in
1901 3159 1976 3200 hoc
2006 3173 2047 3200 A.
2077 3159 2118 3199 id
2134 3159 2188 3199 est
2208 3161 2412 3215 Antiqua,

315 3226 355 3261 δε
375 3237 454 3262 non
480 3221 653 3277 Augusta
668 3247 680 3267 ,
710 3232 753 3260 ut
778 3219 818 3258 in
842 3217 961 3258 Treb.
985 3216 1101 3257 Gallo
1123 3217 1349 3258 videbimus.
1389 3215 1456 3255 Illa
1481 3214 1742 3256 beneficentiae
1765 3215 1953 3255 Antonini
1977 3214 2063 3259 Pii,
2091 3215 2158 3268 qui
2181 3215 2264 3268 ejus
2285 3214 2412 3256 forum

315 3278 546 3323 restituerat,
573 3290 744 3322 memor,
773 3287 955 3314 nummos
973 3272 1043 3327 ipfi
1062 3271 1250 3327 percussit.
1281 3272 1345 3312 De
1360 3269 1434 3311 fori
1451 3269 1762 3325 Carthaginenfis
1779 3270 1959 3310 incendio
1978 3270 2242 3324 Capitolinum
2259 3269 2297 3309 in
2319 3273 2411 3311 Ant.

316 3332 389 3373 Pio
409 3333 547 3372 audias.
578 3333 638 3372 Et
655 3330 909 3379 Narbonensts
924 3331 1071 3368 civitas
1082 3355 1093 3374 ,
1121 3327 1169 3371 ἄν
1187 3324 1446 3378 Antiochense
1461 3326 1653 3380 oppidum,
1683 3324 1731 3369 ὅν
1747 3324 2182 3380 Carthaginenfi’fhrum
2197 3323 2284 3374 arfit
2302 3339 2314 3362 .·
2332 3337 2416 3386 quar

316 3388 440 3426 omnia
458 3387 612 3439 mirifice
628 3387 870 3439 instauravit.
908 3383 1230 3438 Carthaginenses
1245 3382 1295 3423 ad
1311 3382 1580 3422 Romanorum
1599 3380 1851 3421 imitationem
1864 3408 1876 3427 ,
1905 3381 1973 3434 qui
1989 3381 2207 3441 in'nummis
2225 3381 2414 3440 Antonini

320 3456 347 3482 G
363 3456 386 3480 E
399 3454 427 3479 N
443 3455 458 3480 1
470 3456 496 3480 v
510 3456 527 3480 s
560 3456 580 3481 1>
591 3457 618 3482 o
631 3457 651 3481 1>
663 3456 689 3481 v
700 3457 726 3482 L
737 3455 752 3481 1
782 3455 810 3480 R
825 3455 850 3480 o
862 3454 900 3480 M
913 3454 939 3480 A
952 3453 983 3479 Ν
998 3453 1012 3479 1
1043 3438 1302 3492 inscripserant
1317 3465 1329 3485 ,
1357 3439 1447 3478 cum
1472 3436 1541 3492 ipsi
1566 3436 1711 3476 Coloni
1734 3436 1852 3476 essent
1873 3435 2042 3475 Romani
2060 3462 2072 3481 ,
2101 3437 2302 3495 Antonino
2331 3447 2414 3475 tan-

316 3509 433 3550 quam
454 3497 585 3536 Genio
603 3498 670 3537 suo
685 3510 867 3536 nummos
887 3495 1126 3536 blandientes
1145 3493 1372 3535 dedicarunt
1387 3521 1398 3540 ,
1426 3494 1479 3533 illi
1499 3505 1654 3534 temone
1669 3518 1681 3538 ‚
1709 3492 1802 3530 mari
1824 3491 1996 3544 symbolo
2009 3518 2020 3536 ,
2050 3491 2138 3530 cum
2164 3489 2212 3529 ad
2234 3490 2338 3546 littus
2359 3489 2413 3531 es-

317 3553 399 3593 sent
415 3579 426 3598 ,
456 3565 527 3605 pro
544 3551 689 3604 sceptro
709 3553 850 3592 Romae
867 3551 1004 3606 insigni
1020 3578 1032 3597 ,
1060 3550 1254 3591 attributo.
1292 3550 1403 3590 Cave
1419 3563 1470 3590 ne
1487 3548 1555 3588 has
1570 3558 1682 3587 noras
1699 3556 1785 3586 cum
1804 3545 1844 3585 P.
1866 3545 2070 3585 Harduino
2086 3558 2168 3600 pag.
2191 3547 2276 3585 108.
2306 3545 2412 3608 Colo-¹

317 3610 384 3649 nia
403 3606 520 3658 Julia
541 3606 820 3660 Caesaraugusta
842 3606 1111 3660 interpreteris.
1148 3605 1432 3659 Caesaraugusta
1455 3604 1546 3644 urbs
1570 3602 1766 3655 Hispaniae
1780 3599 2074 3641 Tarraconenfis
2093 3613 2291 3653 nunquam
2313 3600 2413 3640 d1&a

319 3663 373 3704 est
387 3661 504 3713 Julia
522 3661 560 3700 in
576 3662 698 3701 obviis
711 3662 794 3714 ejus
808 3664 994 3709 nummis,
1021 3661 1085 3702 sed
1102 3674 1172 3716 per
1186 3660 1255 3701 has
1271 3661 1411 3701 litteras
1443 3674 1478 3700 c.
1504 3674 1539 3699 c.
1561 3673 1604 3698 A.
1634 3657 1782 3710 semper
1796 3655 2016 3702 exhibetur,
2040 3667 2106 3696 aut
2121 3655 2269 3710 integre
2293 3669 2315 3694 c
2328 3669 2354 3694 A
2369 3669 2411 3693 E·

322 3733 341 3756 s
355 3732 382 3757 A
397 3731 427 3757 R
443 3731 470 3756 A
484 3731 510 3756 v
523 3730 548 3755 G
561 3730 587 3755 v
601 3729 619 3754 s
634 3730 658 3754 r
671 3730 713 3756 A.

375 3794 458 3834 Hic
474 3806 646 3834 nummus
652 3794 786 3846 primae
798 3792 1073 3849 magnitudinis
1089 3819 1102 3840 ,
1129 3795 1230 3835 inter
1245 3791 1446 3845 rariffimos
1461 3788 1708 3832 collocandus.

2156 3979 2421 4023 COELLI
