2574 4214
746 185 1789 241 GERMANICUS·.
2234 200 2292 246 95

746 256 751 259 K
859 273 1641 339 e'oR1NTHUS.

203 834 570 864 GERMANICvs
602 834 831 861 CAESAR.
868 820 1415 874 CaputGermanicinudum
1682 871 1686 874 ι

255 893 290 918 c.
321 891 450 917 Helo
485 889 766 916 POLLIONE
797 890 944 917 ITER.
975 891 1013 916 L.
1045 890 1317 917 Mvss1n1o
1350 889 1549 917 musco
1581 890 1636 917 11.
1668 889 1776 916 VIR.
1809 874 2297 916 CaioHeioPollioneite‘-

308 947 411 979 rum,
441 932 563 972 Lucio
578 931 756 983 lll‘zffdio
777 931 914 982 Prisco
933 931 1185 972 Duumviris.
1222 932 1268 972 In
1283 947 1425 973 corona
1445 945 1491 972 ex
1511 932 1602 985 apio
1619 942 1812 973 contexta.

255 1010 320 1051 Ad
339 1009 573 1050 Corinthum
591 1010 759 1064 pertinet
774 1023 976 1057 nummus,
1004 1009 1071 1051 etfi
1089 1009 1191 1050 urbis
1208 1024 1352 1051 nomen
1369 1010 1409 1051 in
1425 1025 1475 1051 eo
1493 1010 1612 1051 defit:
1643 1009 1769 1050 similis
1785 1010 1886 1050 enim
1910 1009 1976 1050 sub
1993 1007 2125 1049 iisdem
2143 1009 2294 1050 Duum-

198 1066 286 1108 viris
310 1079 398 1105 cum
426 1079 486 1105 co
500 1079 529 1105 R
543 1079 636 1105 INT
650 1079 665 1105 1
693 1066 905 1121 epigraphe
929 1067 1027 1106 circa
1047 1077 1163 1118 caput
1180 1065 1328 1106 Tiberii
1352 1066 1546 1120 percussus
1570 1080 1648 1107 rem
1673 1065 1791 1119 ipsam
1822 1065 1982 1106 denotat
2004 1080 2011 1104 :
2038 1065 2143 1104 hunc
2166 1077 2295 1106 autem

198 1121 392 1176 fignavere
410 1120 628 1168 Corinthii,
657 1122 746 1161 cum
759 1121 1013 1162 Germanicus
1032 1120 1072 1160 in
1090 1121 1235 1174 Syriam
1253 1121 1564 1175 proficisceretur.
1601 1121 1789 1162 Achaiam
1804 1132 1933 1161 autern
1952 1119 2013 1160 ille
2030 1119 2201 1174 appulit,
2228 1119 2296 1160 ubi

196 1175 406 1217 secundum
424 1176 678 1217 Consulatum
697 1176 868 1230 Neapoli
887 1176 1035 1230 accepit
1050 1189 1154 1217 anno
1174 1177 1227 1217 U.
1243 1177 1291 1217 C.
1309 1190 1401 1230 770.
1424 1177 1540 1218 CHr.
1563 1190 1621 1229 17.
1641 1189 1684 1218 ut
1703 1176 1818 1217 tradit
1834 1177 1992 1217 Tacitus
2010 1175 2146 1216 Annal.
2163 1189 2198 1215 2.
2228 1175 2295 1215 Se-

195 1245 312 1288 quens
327 1245 450 1272 annus
466 1230 657 1271 Tiberium
677 1230 789 1272 tertio
808 1260 819 1279 ,
850 1232 1114 1272 Germanicum
1131 1231 1271 1272 iterum
1287 1231 1464 1284 Consules
1482 1232 1618 1272 habuit
1635 1252 1646 1278 3
1664 1230 1743 1283 sed
1754 1246 1836 1272 eum
1855 1231 2028 1272 honorem
2046 1232 2295 1271 (r‘ermanicm=

194 1288 316 1328 inivit
340 1287 445 1341 apud
466 1287 590 1328 urbem
607 1287 771 1327 Achasae
790 1285 994 1342 Neapolim
1010 1313 1023 1333 ,
1051 1287 1115 1327 uhi
1132 1298 1275 1341 paucos
1297 1288 1376 1327 dies
1396 1286 1586 1340 insumpfit
1610 1286 1816 1339 rejficiendae
1835 1286 1946 1338 claffi.
1987 1286 2082 1327 Ideo
2101 1285 2296 1326 Corinthii

194 1345 235 1383 &
251 1341 412 1383 Tiberio
433 1347 470 1383 δε
492 1342 730 1384 Germanico
748 1342 917 1384 eundem
936 1354 1072 1397 typum
1088 1341 1156 1383 sub
1172 1342 1305 1383 iisdem
1321 1342 1544 1382 Duumviris
1559 1341 1830 1396 percusserunt.
1869 1343 2029 1382 Corona
2044 1341 2119 1396 apii
2135 1341 2212 1381 hoc
2232 1354 2296 1380 an-

195 1411 249 1439 no
265 1397 377 1438 ludos
397 1397 616 1445 Isthmicos,
644 1398 694 1438 de
709 1412 792 1452 quo
810 1399 848 1439 in
866 1399 1027 1439 Tiberio
1051 1397 1205 1438 abunde
1229 1398 1267 1437 in
1286 1397 1391 1437 hunc
1406 1410 1609 1437 nummum
1626 1398 1791 1438 diximus
1807 1411 1920 1454 pagg.
1941 1410 2006 1450 73.
2024 1401 2063 1438 δε
2080 1409 2143 1449 74.
2167 1395 2296 1438 forsan

197 1453 408 1494 celebratos
425 1453 578 1495 indicat.
610 1454 673 1494 De
689 1454 796 1495 Heio
811 1454 985 1495 Pollione
1003 1456 1042 1494 ὃ(
1057 1451 1247 1494 Mussidio
1262 1453 1411 1499 Prisco,
1439 1453 1596 1494 ibidem.

248 1530 334 1572 Hic
348 1546 520 1573 nummus
534 1535 683 1574 minimi
697 1533 837 1574 moduli
850 1533 875 1574 ὰ
892 1533 1046 1573 Patina
1053 1543 1145 1587 pag.
1161 1533 1183 1572 8
1193 1543 1224 1583 5.
1240 1530 1428 1587 vulgatus
1441 1532 1543 1571 inter
1557 1529 1769 1586 instgniores
1785 1528 2037 1581 recensbndus.

953 1628 1539 1672 ITALICA.

189 2200 384 2250 jenRMA
398 2210 562 2238 N1cvs
593 2202 814 2239 CAESAR
843 2209 911 2238 τι.
942 2210 971 2237 A
985 2210 1066 2238 vo.
1096 2210 1137 2240 F.
1174 2197 1309 2253 Caput
1325 2195 1546 2240 Germanici
1565 2199 1732 2242 nudum.'

245 2268 283 2295 M
295 2268 321 2294 v
332 2267 363 2294 N
376 2267 391 2292 1
404 2268 437 2294 c.
470 2266 485 2292 1
497 2267 522 2293 τ
536 2265 562 2292 A
577 2267 602 2294 1,
615 2266 631 2292 1
644 2267 678 2292 c.
712 2266 769 2313 ¹'.E
781 2267 821 2293 R.
854 2267 882 2293 A
897 2266 924 2293 v
936 2267 977 2294 G.
1014 2252 1273 2308 Municipium
1291 2253 1435 2295 Italica
1455 2256 1513 2296 vel
1528 2255 1755 2309 Italicensh,
1772 2253 1953 2312 permzffio
1968 2254 2143 2313 Augusti.
2172 2256 2297 2313 Aqui*

299 2309 334 2350 la
353 2309 578 2364 legionaria,
607 2312 645 2348 &
662 2307 843 2349 vexillum
862 2309 961 2350 inter
979 2307 1062 2350 duo
1079 2308 1183 2365 figna
1199 2309 1384 2350 militaria.

243 2384 357 2441 Signa
383 2388 554 2429 militaria
579 2388 618 2427 in
643 2388 810 2428 nummis
839 2387 954 2428 Drufi
976 2388 1208 2429 Caesarisab
1234 2387 1494 2430 Italicensibus
1515 2391 1556 2431 in
1576 2392 1802 2432 memoriam
1823 2391 1982 2446 originis
2004 2391 2291 2434 Veteranorum

189 2442 358 2485 Italicam
381 2444 430 2483 ab
451 2443 626 2498 Augusto
646 2442 940 2484 transmissorum
959 2443 1090 2485 caelata
1107 2443 1295 2485 diximus:
1326 2445 1493 2486 eundern
1513 2458 1650 2502 typum
1668 2447 1880 2488 Italicenses
1897 2447 2134 2487 Germanico
2151 2450 2290 2501 pariter

190 2498 330 2540 Caesari
348 2497 568 2552 proferunt,
597 2498 751 2552 utrique
768 2499 1031 2546 blandientes,
1062 2500 1190 2541 Druso
1207 2500 1367 2554 quidem
1384 2529 1398 2548 ,
1426 2502 1535 2556 quod
1557 2513 1702 2543 naturae
1716 2502 1803 2556 jure
1818 2501 1896 2556 ipse
1912 2502 2058 2543 Tiberii
2084 2503 2179 2544 filius
2192 2530 2203 2549 ,
2233 2503 2293 2544 fo-

189 2567 247 2596 ret
269 2553 425 2609 Imperii
448 2554 568 2596 haeres
584 2573 598 2602 ;
625 2553 861 2596 Germanico
880 2556 974 2596 vero
990 2582 1004 2603 ‚
1033 2556 1145 2610 quod
1170 2557 1202 2598 is
1225 2556 1390 2611 Augusti
1413 2557 1516 2611 jussu
1536 2558 1558 2598 a
1575 2557 1737 2599 Tiberio
1754 2557 1960 2612 adoptatus
1978 2585 1990 2605 ,
2019 2558 2147 2599 Druso
2166 2558 2290 2599 socius

189 2608 302 2651 datus
326 2610 380 2651 fit.

250 2678 329 2718 Hic
345 2691 517 2718 nummus
529 2677 701 2727 sicundae
719 2677 1014 2733 magnitudinis,
1042 2692 1091 2718 ex
1107 2679 1228 2730 museo
1242 2679 1360 2732 nostro
1370 2706 1384 2727 ,
1410 2682 1512 2721 inter
1528 2680 1723 2732 rariffimos
1741 2680 1978 2722 collocandus
1994 2701 2007 2728 ς
2033 2680 2132 2722 alter
2133 2678 2224 2734 fire'
2230 2679 2290 2734 st‘,

192 2733 294 2775 milis
311 2733 335 2774 a.
351 2734 500 2776 Patina
509 2743 602 2789 pag.
619 2736 679 2787 84..
697 2733 888 2790 vulgatus.

1075 2799 1393 2842 OSCA.

183 3378 556 3410 GERMAvas
589 3375 737 3408 cans.
765 3380 802 3408 Ρ.
833 3381 871 3409 c.
902 3381 1134 3411 CAESAR.
1165 3372 1287 3411 Ave.
1317 3376 1485 3413 onam.
1525 3371 1658 3426 Caput
1677 3370 1898 3412 Germanici
1916 3370 2076 3412 nudum.

238 3435 278 3462 v.
303 3437 344 3462 v.
369 3436 518 3462 oscA.
553 3437 590 3463 c.
616 3436 972 3464 TARRACINA.
1003 3439 1037 3465 P.
1063 3439 1265 3467 musco.
1297 3439 1352 3467 11.
1378 3441 1488 3468 νηὶ.
1520 3426 2270 3479 UrbsVitJrixOsca,CaioTarracina,

289 3476 434 3518 Publio
449 3477 587 3530 ‘Prisco
603 3477 849 3520 Daumviru.
888 3479 1019 3534 Eques
1033 3481 1248 3522 decurrens.

235 3553 357 3615 Osca,
384 3555 472 3596 urbs
488 3554 683 3610 Hispaniae
693 3556 1008 3605 Tarraconensis,
1023 3557 1075 3599 de
1092 3573 1170 3612 qua
1186 3560 1224 3600 in
1244 3560 1420 3616 Augusto
1436 3559 1498 3600 fol.
1519 3571 1577 3608 55.
1598 3559 1765 3608 ἀίξὶυιῃ,
1788 3573 1990 3602 nummum
2007 3561 2110 3602 hunc
2119 3562 2158 3602 in
2169 3562 2266 3602 Ger-

180 3610 319 3649 manici
335 3610 578 3658 memoriam,
597 3612 782 3668 Caligulae
799 3612 880 3653 filio
894 3614 1106 3669 gratulans,
1127 3614 1324 3670 percussit,
1344 3617 1379 3656 ei
1398 3615 1489 3654 dato
1506 3615 1751 3668 Imperatoris
1769 3617 1884 3669 patris
1899 3619 2067 3657 nomine.
2102 3618 2268 3670 Exopta-

181 3675 243 3725 tus
260 3674 385 3705 autern
402 3666 521 3707 Caius
537 3666 745 3721 Imperium
762 3667 925 3723 adeptus
942 3669 996 3709 est
1014 3671 1067 3710 ob
1085 3670 1306 3710 Germanici
1324 3669 1567 3716 memoriam,
1590 3669 1616 3710 fi
1633 3671 1819 3712 Suetonio
1836 3671 1942 3712 fides.
1980 3673 2118 3727 Figura
2135 3670 2267 3724 equess

180 3729 275 3780 tris,
301 3720 402 3761 urbis
427 3720 572 3776 infigne
594 3723 649 3764 est
665 3750 678 3770 ,
705 3735 748 3764 ut
773 3727 812 3763 &
836 3724 1060 3778 quibusdam
1083 3726 1163 3765 aliis
1180 3725 1374 3778 Hispaniae
1389 3725 1568 3778 oppidis,
1598 3726 1650 3766 ob
1670 3740 1858 3780 equorum
1881 3727 2174 3772 abundantiam,
2202 3725 2264 3766 vel

180 3784 372 3835 equitatus
394 3775 591 3830 Hispanici
615 3779 878 3833 praestantiam.
917 3781 966 3821 C.
983 3779 1189 3820 Tarracina
1209 3783 1247 3819 ὃ(
1266 3780 1307 3819 Ρ,
1327 3779 1472 3820 Priscus
1489 3795 1535 3821 ex
1553 3782 1694 3835 quibus
1716 3781 1864 3822 familiis
1879 3782 2032 3822 oriundi
2051 3781 2124 3821 fint
2141 3808 2153 3827 ,
2182 3795 2262 3821 non

179 3827 291 3869 facile
305 3830 360 3870 est
378 3834 623 3884 pronuntiare
639 3854 651 3880 ;
679 3849 727 3874 an
749 3835 851 3889 prior
869 3835 916 3876 ab
931 3836 1024 3876 urbe
1039 3835 1156 3876 Italiae
1169 3834 1376 3875 Tarracina
1395 3837 1583 3891 originem
1598 3838 1774 3884 traxerit,
1801 3838 1999 3879 incertum.
2046 3836 2208 3888 Priscus
2231 3836 2265 3875 is

181 3883 402 3932 dicebatur,
428 3888 496 3940 qui
515 3899 606 3930 natu
625 3890 747 3943 major
762 3890 863 3931 ess'et.

233 3961 318 4004 Hic
331 3976 503 4006 nummus
516 3966 708 4009 mediocris
724 3969 861 4010 moduli
879 3969 1078 4022 rariſjimus
1098 3967 1146 4014 (ἔγ
1153 3969 1475 4025 praestantiffimus
1493 3969 1554 4021 cst„
