2491 4219
264 104 359 156 '2'42
989 97 1632 148 GALL1ENus.

318 180 355 205 c.
385 178 426 205 o.
456 177 484 205 1.
514 172 552 205 Η.
582 178 617 205 Ρ.
646 154 802 206 Colonia
819 163 986 204 Gemella
1006 165 1122 218 Julia
1140 164 1386 219 Hipponensts
1403 166 1494 207 Pia.
1523 166 1638 222 Lupa
1656 178 1744 207 cum
1764 167 1931 222 puerulis
1948 167 2122 211 Romulo
2138 175 2176 212 δε
2192 172 2336 215 Remo·

318 242 753 297 FrequentesColoniae
773 242 1039 298 Hipponensis
1055 243 1202 283 nummi
1220 243 1400 284 Gallieno
1423 244 1539 286 dicati
1558 245 1786 287 beneficium
1803 246 1850 287 ab
1873 247 1950 287 hoc
1974 247 2209 302 Imperatore
2233 265 2366 306 accep-

261 303 350 339 ·'tum
367 298 576 344 denotant,
605 299 715 352 quod
733 301 897 340 nostram
920 298 970 338 de
991 313 1081 340 arcu
1099 300 1229 340 eresto
1246 299 1470 340 sententiam
1485 300 1601 354 plane
1621 301 1831 343 confirmat.
1865 304 1970 356 Lupa
1992 317 2079 344 cum
2097 306 2263 359 puerulis
2283 307 2366 347 Co-

264 353 453 394 loniarum
473 354 734 395 ROmanarum
755 355 970 410 symbolum
990 355 1066 401 est,
1094 354 1204 408 quod
1227 354 1298 395 illae
1322 366 1506 409 tanquam
1533 356 1582 395 ab
1608 358 1701 399 urbe
1729 371 1948 413 propagatae
1967 358 2219 411 praeferebant
2240 361 2290 401 ad
2309 362 2365 402 sui

258 410 454 463 ‘originem
470 409 716 451 indicandam
742 426 750 450 ε
778 424 895 451 nemo
919 410 1020 450 enim
1046 411 1163 451 nescit
1184 410 1397 451 Romulum
1417 414 1455 450 δε
1473 413 1645 451 Remum
1662 414 1700 453 in
1724 414 1895 454 Tiberim
1921 414 2089 467 abjeetos
2108 415 2236 461 fuisse,
2264 416 2366 470 ipfis-

262 477 345 518 que
364 464 480 504 littori
496 464 674 513 redditis,
702 468 741 507 in
759 467 932 520 proxima
948 465 1084 506 alluvie
1101 467 1261 520 repertis
1281 467 1432 520 Lupam
1449 466 1566 506 ubera
1582 468 1804 521 praebuifle3
1833 483 1967 509 eorum
1997 470 2186 523 ejusmodi
2219 470 2366 512 simula·

263 530 373 559 'crum
390 520 530 560 Romae
546 521 713 575 positum
730 535 832 562 anno
851 522 902 561 U.
923 521 971 561 C.
994 533 1088 574 457.
1106 523 1154 562 ab
1172 521 1365 562 AEdilibus
1384 522 1593 562 Curulibus
1608 536 1733 566 narrat
1753 526 1881 565 Livius
1909 525 2000 565 Dec.
2029 540 2061 566 1.
2088 527 2148 565 hb.
2176 541 2231 567 10.
2253 526 2363 581 quod

262 575 314 671 {ib
331 576 408 616 hoc
424 586 600 630 tempore
615 591 687 631 pro
704 577 840 633 insigni
856 577 1127 619 Romanorum
1146 577 1280 618 extitit.
1312 577 1415 619 Vide
1431 591 1520 632 quae
1535 578 1700 620 diximus
1718 580 1767 621 ad
1783 581 1949 622 eundem
1966 594 2102 637 typum
2117 583 2156 622 in
2176 584 2365 624 Commo-

262 638 266 645 “
295 646 320 671 o
335 646 421 687 pag.
447 645 466 670 2
479 646 494 673 1
507 647 539 686 5.

319 709 402 750 Hic
417 725 588 754 nummus
604 713 751 753 minimi
766 711 905 752 moduli
923 711 1025 752 inter
1042 725 1147 752 raros
1167 710 1215 756 ὠ
1232 711 1419 769 elegantes
1435 712 1674 766 reponendus.

930 820 1702 866 THESSALONICA.

261 1433 290 1460 A
303 1432 328 1461 ‘r
339 1433 378 1459 r.
410 1432 451 1458 K.
481 1431 556 1459 no.
587 1431 615 1457 A
629 1431 644 1458 1
657 1431 698 1458 K.
729 1429 749 1455 r
761 1432 788 1458 A
801 1431 827 1459 A
840 1430 865 1458 A
878 1432 893 1459 1
905 1433 933 1459 H
947 1430 977 1458 N
988 1432 1014 1459 o
1027 1432 1062 1459 e.
1095 1433 1118 1460 c
1129 1432 1154 1459 E
1165 1433 1202 1460 Β.
1240 1417 1375 1472 Caput
1391 1416 1557 1457 Gallieni
1577 1415 1797 1457 laureatum.

317 1489 344 1516 Θ
357 1489 379 1513 E
393 1489 415 1514 c
429 1489 452 1514 c
467 1488 493 1513 A
508 1487 534 1512 A
546 1489 572 1515 o
583 1489 611 1514 N
629 1489 642 1514 1
656 1489 680 1515 ι(
694 1490 734 1516 H.
770 1489 806 1516 M
818 1491 846 1516 Η
859 1489 883 1515 r
896 1489 928 1514 P.
959 1488 984 1514 1<
999 1488 1040 1514 o.
1073 1489 1104 1515 Β.
1138 1489 1166 1514 Ν
1180 1489 1217 1514 ε.
1250 1481 1457 1517 emmonim
1475 1476 1655 1515 Maeceo'mme
1669 1480 1802 1511 Κολωνίω
1816 1477 1866 1520 β1ς
1882 1474 2059 1522 Νεωιμέρρι.
2097 1473 2180 1516 Vas
2203 1472 2268 1515 seu
2296 1473 2371 1517 dis.

370 1544 437 1570 cus
454 1531 492 1569 in
513 1543 594 1584 quo
613 1532 748 1584 palmae
763 1544 913 1577 ramus,
939 1530 979 1570 in
998 1530 1130 1570 medio
1146 1529 1242 1572 vasis
1259 1531 1438 1586 scriptum
1454 1530 1508 1572 est
1530 1540 1628 1568 ΠΥΘ
1640 1540 1692 1569 lA.

313 1608 586 1650 Thessalonica
607 1611 697 1650 urbs
714 1610 958 1650 Macedonia:
973 1608 1021 1649 ad
1041 1609 1164 1649 finum
1183 1609 1459 1651 Thermaicum
1478 1611 1499 1650 a
1523 1609 1740 1651 Cassandro
1758 1609 1809 1650 de
1835 1608 1964 1649 uxoris
1980 1607 2262 1650 Thessalonicae
2281 1610 2374 1651 Ale-

257 1665 392 1705 xandri
413 1667 467 1705 M.
488 1666 624 1706 sororis
640 1667 800 1706 nomine
820 1666 1008 1721 appellata
1025 1665 1100 1711 est,
1129 1677 1172 1705 ut
1186 1678 1312 1707 narrat
1325 1668 1462 1708 Strabo
1479 1665 1538 1707 lib.
1561 1680 1596 1718 7.
1614 1680 1699 1721 pag.
1717 1679 1808 1720 330.
1840 1669 1928 1703 Mem&
1943 1670 1962 1702 ὲ
1979 1669 2060 1711 Αξιὲν
2079 1669 2200 1715 *mmm
2217 1671 2232 1707 ἡ
2252 1677 2372 1706 Θεωρο-

260 1731 354 1759 λοιικη
379 1720 417 1758 {ei
439 1721 515 1757 nv'mc
530 1744 539 1759 ,
564 1720 579 1760 ἦ
596 1720 735 1767 <teja-:pov
755 1726 853 1770 Θὲξμη
869 1725 1026 1760 (ποιλεὶπ,
1050 1723 1162 1767 κτίσμα
1178 1722 1215 1762 ᾸΙ,’
1241 1722 1281 1758 {si
1303 1722 1472 1768 Καπαὶνὸᾣε
1487 1749 1498 1761 ,
1523 1722 1536 1756 ὅ
1554 1726 1600 1755 ἐπὶ
1614 1725 1655 1766 τῷ
1672 1722 1793 1767 ὀνόματι
1810 1720 1836 1755 ‘1⁸
1853 1725 1947 1756 ἑοωτὲ
1964 1720 2131 1766 ynam-49¹5,
2158 1724 2267 1756 παιδός
2285 1726 2303 1768 ᾖ
2320 1732 2370 1758 Φι-

258 1778 362 1810 Alma<
378 1774 400 1812 ξ
415 1774 529 1820 Apadna
545 1773 706 1819 ω’νᾶμαπν.
738 1769 997 1823 Theffalonica
1021 1771 1111 1809 urbs
1134 1770 1187 1809 ad
1189 1769 1291 1822 slav.
1320 1773 1472 1810 Annum
1489 1797 1501 1817 ‚
1523 1770 1635 1823 priits
1660 1770 1841 1817 Therme,
1867 1780 1957 1823 opus
1984 1769 2204 1821 Laffimdri,
2231 1774 2292 1810 cui
2308 1785 2373 1812 no-

259 1841 343 1867 men
359 1826 464 1867 dedit
480 1826 744 1880 Theffalonicae
758 1840 912 1872 uxoris,
940 1825 1118 1879 Philippi
1137 1829 1314 1877 Amyntae
1328 1824 1428 1876 filiae.
1459 1826 1558 1867 Haec
1577 1827 1666 1866 urbs
1683 1826 1915 1880 Metropolis
1933 1829 1971 1864 ὃ(
1987 1825 2164 1865 Coloniae
2183 1827 2299 1867 titulis
2315 1828 2372 1868 in-

260 1882 437 1938 signitur,
467 1896 567 1936 quos
583 1883 621 1922 in
640 1882 833 1924 Valeriani
848 1881 1017 1922 nummis
1032 1883 1080 1921 ab
1097 1881 1174 1922 hoc
1193 1881 1431 1936 Imperatore
1450 1881 1635 1936 accepisse
1659 1880 1847 1928 diximus,
1879 1891 2035 1934 propter
2060 1880 2304 1922 obsidionem
2323 1882 2372 1923 ab

259 1952 306 1980 ea
322 1937 469 1978 fortiter
484 1939 596 1979 latam
607 1965 620 1985 ,
649 1939 745 1979 teste
762 1937 944 1984 Zofimo,
972 1937 1083 1991 quod
1101 1937 1317 1978 Trebellius
1332 1936 1456 1979 Pollio
1471 1938 1511 1978 in
1527 1939 1604 1979 vita
1621 1937 1786 1979 Gallieni
1802 1936 2029 1977 confirmare
2043 1937 2202 1978 videtur.
2234 1937 2375 1979 Gotthi

260 1992 309 2037 ὠ
327 1993 502 2041 Clodius,
531 1994 576 2034 de
593 2007 665 2049 quo
681 1994 825 2034 dilium
841 1993 890 2046 est
894 1993 1093 2046 superius,
1120 1996 1313 2048 occupatis
1330 1994 1508 2034 Thraciis
1530 1993 1799 2035 Macedoniam
1823 1995 2022 2043 vastarunt
2033 2020 2057 2039 „
2077 1992 2374 2046 'Theffizlonicam

258 2049 490 2101 obsederunt.
530 2050 606 2089 Sed
629 2050 718 2090 cum
743 2049 826 2090 haec
849 2050 939 2089 urbs
962 2047 999 2089 se
1022 2050 1062 2090 in
1085 2049 1254 2090 nummis
1280 2051 1445 2098 ΝεωκέρΘ·
1470 2049 1662 2098 inscribit,
1697 2050 1742 2091 iis
1767 2049 2028 2105 praerogativis
2051 2048 2244 2104 gaudebat
2267 2050 2374 2104 prius

259 2105 379 2159 quam
401 2103 633 2157 Metropolis
657 2108 695 2143 &
718 2106 886 2146 Colonia
910 2104 1203 2147 constitueretur
1224 2125 1237 2152 3
1265 2104 1293 2145 fi
1323 2106 1483 2159 quidem
1511 2108 1661 2147 nummi
1684 2106 1873 2147 Gordiani
1897 2107 2018 2146 ‘s'ertii
2047 2118 2136 2145 cum
2162 2104 2373 2160 epigraphe

264 2173 293 2201 Θ
304 2173 328 2198 Ε
342 2172 364 2198 c
379 2172 402 2198 c
413 2171 440 2196 A
451 2171 478 2195 A
488 2172 552 2197 0N
567 2172 582 2196 1
595 2172 621 2197 K
635 2171 658 2197 E
669 2172 696 2197 Ω
706 2172 737 2197 Ν
758 2171 788 2197 N
802 2172 826 2197 E
837 2172 898 2196 m<
913 2173 940 2197 ο
953 2175 975 2198 P
985 2173 1013 2195 Ω
1023 2175 1052 2197 N
1071 2176 1143 2200 nos
1157 2163 1302 2201 docent
1315 2161 1672 2200 Thessalonicenses
1687 2163 1853 2213 primum
1870 2161 1992 2202 fastos
2006 2159 2116 2201 fuiffe
2131 2161 2180 2201 ab
2194 2174 2244 2201 eo
2260 2162 2375 2203 Neo-

257 2228 394 2260 coros,
423 2213 513 2253 cum
530 2225 609 2252 vox
629 2224 660 2250 N
672 2225 696 2249 E
707 2224 771 2264 m<
784 2225 810 2250 o
823 2226 844 2250 Ρ
856 2223 924 2250 ΩΝ
943 2225 1032 2252 ante
1047 2213 1164 2265 hujus
1181 2214 1429 2265 Imperatoris
1446 2227 1629 2254 nummos
1647 2215 1686 2253 in
1703 2215 1782 2255 aliis
1803 2228 1881 2255 non
1900 2228 2074 2255 occurrat
2091 2232 2098 2254 :
2126 2215 2374 2257 ‘sheffiloni-

256 2269 388 2312 censes
404 2281 534 2310 autem
552 2266 596 2307 N
598 2280 761 2308 eocoros
778 2267 916 2307 iterum
933 2267 1210 2321 pronunciatos
1228 2266 1491 2307 demonstrant
1508 2267 1677 2324 Philippi
1691 2270 1862 2316 nummi,
1888 2269 1928 2309 in
1943 2271 2084 2325 quibus
2104 2281 2130 2310 Θ
2141 2285 2166 2312 ε
2177 2287 2200 2312 c
2213 2287 2235 2313 c
2248 2285 2275 2312 A
2288 2285 2316 2312 A
2326 2286 2373 2314 o·-

258 2340 288 2367 N
303 2340 318 2366 1
331 2339 356 2366 1<
371 2339 394 2364 E
405 2337 487 2365 ΩΝ.
519 2338 554 2364 Β.
586 2336 616 2363 N
628 2337 665 2363 E.
708 2323 771 2363 De
787 2321 934 2377 Pythiis
951 2321 1222 2363 certaminibus
1238 2320 1278 2360 in
1294 2320 1475 2362 Salonma
1492 2328 1598 2378 Aug.
2363 2316 2372 2325 ⁴

311 2404 395 2445 Hic
410 2416 584 2445 nummus
598 2399 872 2456 mediaeformae
888 2403 990 2443 inter
1005 2400 1255 2457 elegantiores
1271 2400 1538 2442 numerandus.

1108 2515 1517 2558 TYRUS.

262 3192 277 3218 1
290 3190 325 3217 M
339 3190 374 3215 Ρ.
403 3189 440 3215 c.
470 3188 505 3214 P.
537 3185 563 3213 L
576 3186 591 3212 1
605 3186 641 3213 c.
670 3184 697 3211 G
713 3185 739 3210 A
754 3184 778 3211 L
792 3184 817 3210 L
830 3184 845 3210 1
858 3184 880 3210 E
893 3183 963 3210 Nv
976 3182 996 3210 s
1028 3184 1055 3210 A
1070 3183 1149 3210 νο.
1189 3169 1323 3223 Caput
1347 3167 1516 3209 Gallieni
1531 3167 1730 3209 radiatum.

318 3245 425 3272 coi„
460 3243 522 3269 TY
538 3241 606 3268 Ro
638 3241 711 3267 ME
726 3241 804 3266 ΤΚ.
835 3226 991 3267 Colonia
1017 3225 1131 3277 Tyros
1155 3223 1389 3278 Metropolis.
1421 3224 1572 3264 Astarte
1599 3225 1760 3265 tutulata
1784 3223 1885 3264 stans
1911 3222 2083 3265 dextram
2102 3224 2269 3279 imponit
2287 3227 2365 3269 tro-¹

338 3299 341 3301 ·
369 3286 505 3340 phaeo,
534 3283 675 3323 sinistra
703 3282 932 3337 scipionem,
961 3281 983 3320 a
1011 3281 1162 3321 sinistris
1185 3279 1358 3321 Vietoria
1386 3279 1574 3321 columnae
1599 3279 1777 3334 imposita
1800 3280 1835 3320 ei
1863 3293 2047 3321 coronam
2075 3281 2262 3336 porrigit,
2287 3295 2362 3338 pro

369 3341 534 3395 pedibus
550 3340 649 3392 hinc*
658 3339 825 3385 Silenus,
852 3337 943 3378 inde
959 3336 1234 3391 Conchylium.

315 3418 462 3459 Eadem
482 3417 713 3474 epigraphe,
741 3417 956 3470 eademque
974 3415 1123 3456 Astarte
1138 3414 1179 3455 in
1205 3411 1352 3467 templo
1369 3413 1573 3469 tetrastylo.

316 3495 445 3549 Tyrus
461 3497 548 3536 urbs
567 3495 773 3535 Phoeniciae
791 3494 1025 3546 Metropolis
1045 3497 1083 3533 ὃ(
1101 3491 1267 3533 Colonia
1278 3518 1290 3537 ,
1320 3492 1554 3546 Metropolis
1571 3491 1729 3545 quidem
1744 3491 1932 3546 dignitate
1949 3492 1997 3532 ab
2021 3490 2222 3532 Hadriano
2238 3491 2360 3534 dona-

265 3564 324 3598 ta,
354 3552 374 3591 a
391 3551 490 3603 Sept.
508 3564 635 3591 autem
651 3552 792 3590 Severo
809 3550 978 3590 Colonia
993 3548 1114 3595 fasta,
1143 3548 1322 3588 Gallieno
1342 3560 1383 3588 ut
1402 3548 1607 3589 Valeriano
1627 3547 1722 3600 patri
1749 3560 1930 3587 nummos
1953 3546 2124 3592 dedicat,
2151 3560 2252 3600 quos
2274 3548 2358 3590 Ro-

263 3623 327 3649 ma
349 3607 600 3659 Imperatores
619 3606 874 3660 appellaverat
894 3625 904 3651 ;
934 3604 992 3644 his
1007 3606 1102 3644 vero
1117 3603 1336 3657 frequentes
1353 3617 1534 3643 nummos
1548 3603 1677 3656 Tyrus
1702 3602 1911 3648 dedicavit,
1940 3602 2048 3655 quod
2076 3601 2296 3644 Valerianus
2317 3605 2359 3645 in

264 3663 370 3705 Svria
388 3673 684 3701 commoraretur
703 3661 749 3701 ad
771 3660 1012 3714 repellendos
1036 3659 1165 3699 Persas
1188 3660 1228 3699 in
1248 3657 1573 3712 Mesopotamiam
1593 3659 1853 3710 irrumpentes.
1894 3657 2053 3711 Typum
2074 3655 2190 3708 hujus
2210 3661 2359 3700 nummi

264 3708 345 3758 nim
363 3717 399 3757 se
417 3717 500 3756 satis
518 3716 661 3755 novisse
679 3716 816 3761 fatetur
837 3717 907 3769 Eq.
929 3716 1086 3755 Patinus
1104 3728 1191 3769 pag.
1211 3727 1298 3763 299.
1319 3714 1383 3753 sed
1403 3713 1465 3753 ille
1484 3713 1657 3753 Astarten
1679 3712 1741 3752 seu
1763 3713 1955 3752 Venerem
1972 3710 2145 3757 exhibet,
2174 3711 2255 3753 haec
2271 3714 2356 3755 Dea

265 3775 318 3814 cst
334 3774 371 3812 in
393 3770 590 3811 Phoenicia
605 3774 643 3810 &
660 3772 864 3823 provinciis
882 3770 1048 3811 finitimis
1063 3769 1228 3809 maxime
1247 3769 1366 3814 culta,
1396 3782 1482 3821 quae
1504 3768 1694 3808 Hebraice
1711 3767 1847 3807 dicitur
1861 3767 2034 3817 Alloret,
2063 3766 2220 3822 Regum
2237 3768 2300 3808 lib.
2317 3783 2354 3822 3.

264 3844 296 3869 c.
321 3842 377 3867 11.
396 3842 430 3867 v.
462 3841 494 3876 5.
516 3826 579 3865 ubi
601 3839 706 3866 Lxx.
724 3826 840 3866 Senes
859 3837 1013 3866 vertunt
1033 3825 1231 3870 Astarten,
1260 3824 1321 3864 cui
1346 3823 1550 3863 Hiramum
1571 3823 1667 3876 Tyri
1684 3823 1834 3875 Regem
1852 3821 2038 3873 templum
2057 3822 2212 3862 erexiss'e
2231 3836 2355 3866 narrat

260 3882 449 3938 Iosephus
467 3895 600 3923 contra
614 3883 692 3936 Ap.
710 3881 772 3920 lib.
798 3895 830 3921 1.
858 3884 929 3919 τέπ
944 3882 965 3924 «Ξ
982 3886 1140 3930 uffewrte
1155 3886 1180 3934 a}
1195 3886 1246 3920 τῆς
1262 3882 1381 3929 Αςοίρτης
1396 3881 1525 3928 vileizu&
1539 3881 1707 3928 άνιέρᾶυσεν.
1735 3877 1984 3931 Herculisque
2000 3875 2047 3920 ὅ]
2066 3876 2352 3972 AleriZ’sfaiia

2169 3946 2187 3970 e
2213 3942 2348 3976 icavlt.
