2574 4214
326 228 390 269 74
1012 203 1778 255 TIBERIUS.
1941 263 1944 266 ‚

325 278 404 332 apii
418 286 607 322 coronam,
633 274 677 315 ea*
694 276 860 315 «umores
880 273 1116 326 fflhmiorum
1136 274 1279 314 ludicro
1295 282 1488 317 coronant.
1527 272 1638 319 Nam
1657 273 1893 322 Isthmiorum
1911 271 1957 317 cai
1970 273 2087 318 etiam
2102 273 2184 318 'tum
2199 276 2316 320 aetate
2328 301 2341 322 ‚
2368 277 2414 316 u't

328 345 427 372 nunc
446 331 699 375 Nemaeorum·‚
726 332 850 384 apium
863 343 996 370 corona
1008 338 1111 377 etat,
1129 343 1201 373 nan
1217 331 1277 371 ita
1291 328 1607 380 dudumsncceffit
1615 331 1745 382 pinus.
1781 329 1826 368 C.
1846 327 1970 367 Heius
1984 328 2106 370 Pollio
2128 330 2317 375 Duumvir
2335 330 2412 379 hoc

327 387 366 427 in
383 400 544 426 nummo
562 386 696 426 iterum
713 398 872 426 vocatus
887 411 898 430 ,
928 385 1048 438 prima
1064 385 1148 423 vice
1170 383 1238 423 sub
1259 387 1318 428 Au
1349 384 1433 428 usto
1451 384 1705 437 magistratum
1725 383 1867 439 gessiss'c
1886 383 2057 430 videtur,
2087 398 2132 424 ex
2150 385 2231 437 ejus
2250 397 2413 434 nummo

326 442 373 480 ab
397 455 470 481 una
489 453 593 493 parte
609 451 723 492 caput
742 439 901 494 Augusti
921 466 932 485 ,
961 443 998 480 &
1014 452 1060 478 ex
1077 440 1191 478 altera
1214 437 1227 485 Ι
1234 437 1296 480 ulii
1341 438 1536 482 undatoris
1555 436 1720 493 effigiem
1741 439 1953 484 exhibente.
1996 439 2097 478 Heia
2116 453 2210 494 gens
2223 468 2234 487 ,
2264 441 2413 495 plebeia

324 496 496 542 videtur,
526 508 567 536 ut
584 498 621 532 Sc
636 493 836 543 Muffidt'a,
866 508 980 548 quam
999 495 1020 533 ἐ
1040 492 1185 533 Sabinis
1204 490 1407 533 oriundam
1425 494 1624 538 arbitratur
1643 493 1798 548 Pighius
1813 509 1850 535 in
1871 493 1999 539 Indice
2017 494 2065 534 ad
2083 496 2246 536 Annales
2268 497 2414 537 Roma,

322 564 473 598 norum.
511 549 637 589 ‘Pollio
660 562 964 603 cognomentum
983 549 1030 587 ab
1051 559 1128 587 arte
1151 562 1158 585 :
1193 545 1385 588 Polliones
1405 545 1469 591 seu
1486 547 1664 591 Pilliones
1684 549 1908 595 dicebantur
1926 551 2131 604 portitores
2148 565 2414 609 mortuorqu

323 605 446 644 Gloss.
465 604 593 643 Ifidor.
617 604 799 655 Prg'fcus,
830 605 937 658 quOd
957 616 1045 643 natu
1064 601 1185 655 major
1200 601 1302 642 effct.

319 734 354 780 d
374 682 456 720 Hic
468 694 640 789 numnffis
656 684 803 722 minimi
816 681 954 722 moduli
966 708 976 728 ‚
1004 695 1052 720 ex
1068 677 1189 733 museo
1208 681 1265 721 D.
1282 680 1400 726 Dran
1414 682 1509 723 Can.
1524 680 1561 725 S.
1573 682 1725 723 Thamae
1740 682 1785 723 de
1799 682 1981 739 Lapara,
1990 676 2201 740 fingularis‘
2214 685 2410 741 elegantiae

330 750 368 762 '³'
382 745 560 776 raritatis
575 751 594 775 e
626 768 633 775 .

312 1279 335 1308 T
349 1281 376 1308 1.
409 1281 432 1362 ῗ
447 1281 472 1306 A
486 1281 510 1307 ε
524 1280 543 1307 s
557 1281 582 1308 A
597 1280 627 1308 R
640 1281 665 1307 E
697 1280 713 1308 1
726 1281 754 1308 1.
785 1281 812 1308 v
825 1282 840 1308 1
854 1281 898 1308 R.
929 1283 952 1310 c
963 1283 989 1310 ο
1002 1283 1026 1309 R
1037 1303 1046 1310 .
1092 1270 1239 1312 Tiberio
1263 1270 1410 1323 Caesare
1432 1269 1661 1313 ‘Duumviro
1679 1292 1692 1318 ⁵
1720 1270 1940 1311 Corinthia.
1985 1271 2119 1327 Caput
2148 1272 2309 1329 Augusti
2334 1272 2414 1316 fine

432 1337 554 1364 aurea.

361 1393 411 1420 M.
447 1393 471 1419 A
488 1394 510 1420 E.
524 1393 558 1420 M
572 1393 583 1419 1
598 1395 634 1421 L.
668 1395 693 1421 L
709 1394 733 1420 A
748 1394 770 1421 Β
784 1394 804 1420 ε
816 1395 842 1420 o
855 1393 885 1420 N
900 1394 934 1420 n.
968 1394 982 1420 1
997 1394 1021 1421 1.
1057 1395 1082 1421 v
1096 1396 1109 1422 1
1124 1396 1164 1424 R.
1195 1398 1230 1425 n.
1257 1399 1296 1425 n.
1331 1383 1468 1425 Marco
1481 1381 1677 1430 cAEmilt'o
1691 1382 1868 1423 Labeone
1877 1382 2103 1424 Duumviro
2115 1412 2128 1432 ,
2156 1385 2302 1426 decreto
2319 1384 2411 1426 ‘De-

415 1437 619 1476 curionum.
656 1438 790 1491 Caput
807 1437 955 1481 Tiberii
974 1437 1131 1483 nudum.

363 1515 568 1571 Singularis
587 1515 641 1555 est
662 1530 740 1556 non
760 1516 881 1556 modo
902 1516 964 1558 hic
984 1531 1164 1559 nummus
1181 1517 1233 1559 ob
1253 1518 1412 1575 Augusti
1429 1522 1467 1559 &
1482 1518 1630 1560 Tiberii
1647 1518 1739 1559 hinc
1756 1521 1795 1558 ὃ(
1812 1517 1903 1558 inde
1924 1517 2068 1576 effigies
2085 1546 2096 1566 ‚
2126 1518 2189 1560 sed
2211 1518 2322 1573 quod
2339 1518 2413 1560 Ti-

307 1570 433 1611 berius
454 1571 636 1612 Corinthi
664 1572 855 1612 Duumvir
883 1573 1095 1627 imperante
1123 1578 1182 1613 Au
1215 1574 1296 1614 usto
1324 1576 1589 1621 renuntietur;
1624 1574 1733 1628 quod
1759 1588 1896 1614 munus
1917 1576 2043 1615 Caelar
2062 1590 2141 1615 non
2162 1576 2311 1622 renuit,
2342 1573 2416 1629 ipa

306 1627 455 1680 quippe
476 1627 733 1680 Imperatores
754 1627 1052 1668 Duumviratum
1070 1644 1148 1673 non
1167 1589 1362 1684 dgedignati
1384 1630 1487 1676 sunt,
1519 1630 1543 1670 fi
1564 1631 1763 1683 Spartiano
1784 1630 1902 1677 fides,
1931 1634 1998 1685 qui
2014 1631 2253 1671 Hadrianum
2274 1632 2313 1671 in
2330 1632 2417 1684 ejus

305 1682 382 1720 vita
407 1682 662 1722 Duumvirum
684 1683 798 1722 etiam
821 1683 929 1724 fuiffe
949 1696 1096 1730 narrat,
1126 1696 1168 1725 ut
1185 1689 1224 1725 &
1246 1689 1412 1726 lummos
1429 1687 1631 1726 multarum
1654 1687 1802 1726 urbium
1826 1687 2059 1742 magistratus
2084 1687 2239 1742 gestisse.
2282 1687 2323 1727 ln
2344 1701 2416 1732 an-

303 1737 421 1787 tiquis
441 1738 598 1776 Grutcri
620 1737 930 1790 Inscriptionibus
953 1753 1038 1794 pag.
1057 1753 1149 1792 491.
1178 1754 1235 1779 ιο.
1266 1741 1446 1781 Tiberius
1471 1741 1550 1795 ipse
1568 1743 1875 1797 ,Qtinquennalu
1895 1743 2125 1796 perhibetur.
2164 1743 2330 1783 Summis
2347 1755 2416 1788 aue·-

304 1803 384 1832 tem
407 1793 556 1832 urbium
582 1792 830 1845 dignitatibus
849 1821 860 1840 ‚
896 1794 945 1834 ad
963 1808 1058 1847 quas
1079 1796 1335 1848 Imperatores
1359 1796 1517 1837 honoris
1537 1798 1651 1837 causa
1672 1799 1967 1840 nominabantur
1985 1824 1996 1845 ‚
2026 1799 2093 1852 ipli
2119 1799 2209 1839 alios
2234 1797 2416 1853 praeficie-

303 1848 422 1892 bant,
451 1848 517 1901 qui
544 1846 715 1886 Praefeffi
744 1848 1023 1890 Decurionatus
1048 1850 1110 1890 seu
1139 1851 1520 1904 Quinquennalitatis
1538 1853 1697 1893 Caelaris
1723 1854 2033 1907 appellabantur,
2066 1854 2210 1894 servato
2228 1866 2353 1894 tamen
2374 1853 2416 1894 in

302 1904 391 1943 aclis
414 1904 558 1956 ubique
576 1902 822 1956 Imperatoris
839 1905 1017 1950 nomine,
1046 1905 1112 1945 sed
1130 1906 1179 1945 illi
1200 1908 1285 1960 post
1301 1908 1440 1947 initum
1459 1908 1716 1962 magistratum
1736 1910 1774 1948 in
1794 1909 1908 1949 titulis
1929 1908 2047 1948 Praete
2056 1910 2098 1948 {h
2118 1923 2260 1949 nomen
2277 1907 2412 1963 praefe⁴

301 1959 436 1998 rebant
454 1985 464 2002 ‚
494 1957 606 1997 testes
628 1959 753 1997 obviae
773 1958 1036 2014 inscriptiones
1055 1961 1234 2016 antiquae.
1274 1962 1476 2010 cAEmilia
1503 1977 1600 2019 gens
1619 1988 1633 2011 ,
1662 1964 1820 2019 patricia
1843 1963 2036 2019 majorum
2053 1966 2239 2020 gentium.
2281 1964 2413 2006 Labeo

303 2027 522 2069 cognomen
540 2013 562 2052 ὲ
578 2013 766 2053 labiorum
784 2014 889 2055 vitio.

356 2091 442 2134 Hic
465 2105 637 2133 nummus
657 2094 805 2134 minimi
829 2092 971 2134 moduli
996 2091 1199 2146 rarffmus
1222 2091 1282 2146 est.

303 2647 329 2674 τ
343 2646 357 2672 1
372 2645 395 2672 B
407 2645 430 2671 ε
443 2644 472 2672 R
485 2643 500 2670 1
512 2642 539 2670 o
571 2643 594 2670 c
607 2643 634 2670 A
647 2644 671 2669 E
684 2641 704 2670 s
719 2642 743 2669 A
758 2641 789 2670 R
801 2642 828 2670 1.
865 2611 1162 2684 Caput—Tiberii
1178 2629 1399 2670 laureatum.
2180 2676 2200 2681 .‚
2403 2680 2406 2683 ἱ

357 2703 381 2729 c
394 2701 420 2726 o
436 2701 476 2727 iz.
510 2700 547 2727 t..
580 2699 603 2726 F
619 2699 685 2726 vR
698 2699 764 2725 10.
802 2700 835 2726 c.
868 2699 890 2725 c
905 2700 933 2725 a
946 2699 960 2724 1
974 2699 992 2724 s
1008 2700 1083 2726 1²0.
1115 2699 1170 2725 11.
1200 2700 1227 2726 v
1240 2699 1308 2726 IR.
1348 2683 1537 2727 Corinfiht'.
1565 2682 1692 2729 Lucio
1710 2680 1826 2724 Furio
1841 2705 1856 2730 ,
1890 2681 1987 2726 Caio.
2007 2681 2137 2741 Crispa
2155 2682 2406 2747 ‘Duumvm‘a

413 2741 625 2795 Templum
643 2740 705 2780 sex
726 2740 1001 2780 columnarum.

357 2820 505 2861 Laurea
525 2820 622 2858 circa
637 2830 752 2872 caput
765 2817 915 2857 Tiberii
936 2832 1138 2858 nummum
1160 2813 1229 2870 ipsi
1255 2816 1412 2857 tandem
1436 2816 1665 2869 Imperatori
1682 2815 1896 2870 percussum
1921 2816 2045 2873 arguit
2063 2835 2075 2862 ·,
2104 2819 2142 2856 &
2160 2818 2346 2872 templum
2363 2820 2407 2863 itt
2435 2859 2441 2867 ,

307 2888 411 2931 parte
432 2874 576 2919 averia,
607 2888 685 2913 non
704 2873 779 2912 Dei
796 2872 991 2924 cujusdam
1011 2874 1122 2926 patrii
1138 2874 1190 2912 est
1203 2899 1214 2918 ,
1247 2870 1309 2910 sed
1333 2872 1506 2925 Augusto
1525 2871 1610 2924 post
1628 2871 1711 2924 ejus
1727 2872 1967 2927 apotheosim
1985 2871 2210 2913 aedificatum
2230 2875 2404 2924 videtur,-

306 2930 415 2976 cuius
436 2929 562 2969 fimilis
579 2928 761 2968 strufmra
779 2928 818 2966 in
844 2929 1004 2982 Augusti
1024 2928 1157 2967 radiati
1178 2940 1339 2966 nummo
1358 2926 1579 2979 perhibetur
1596 2941 1683 2980 pag.
1701 2939 1766 2979 47.
1805 2927 2123 2982 CorinthiiJuliae
2145 2930 2268 2984 gentis
2288 2931 2404 2972 bene-

307 2985 477 3025 ficiorum
502 2997 691 3024 memores
710 3010 721 3029 ,
750 2983 934 3035 templum
961 2983 1135 3037 Augusto
1150 2982 1239 3035 Julii
1260 2980 1472 3021 fundatoris
1495 2980 1570 3020 filio
1589 2981 1821 3024 aedificarunt
1841 3004 1852 3030 ·‚
1882 2983 1990 3036 quod
2014 2984 2052 3023 in
2077 2985 2242 3024 nummis
2257 2985 2406 3028 Tiberii

306 3040 519 3080 successoris
537 3068 548 3087 ,
576 3041 615 3079 in
639 3038 812 3092 obsequii
839 3052 1086 3082 memoriam,
1115 3037 1183 3077 sub
1204 3036 1319 3075 Furio
1345 3040 1384 3076 ὃς
1405 3035 1544 3089 Crispo
1565 3037 1786 3079 Duumviris
1811 3038 2075 3080 exhibuerunt.
2114 3039 2232 3080 Furia
2252 3055 2346 3096 gens
2362 3043 2402 3084 in

308 3096 478 3150 patricias
500 3100 537 3134 ὅ(
555 3095 722 3150 plebeias
738 3093 855 3134 divisa
875 3094 938 3134 est.
979 3093 1146 3134 Alterius
1164 3091 1370 3132 Duumviri
1387 3090 1526 3132 familia
1542 3093 1750 3146 ignoratur.
1793 3095 1946 3150 Crispus
1966 3095 2048 3150 ejus
2064 3109 2284 3151 cognomen
2299 3098 2322 3138 a
2338 3111 2401 3139 ca-

308 3151 404 3206 pillis
424 3151 547 3204 crispis
565 3151 719 3191 dictum.

360 3227 443 3269 Hic
458 3241 626 3270 nummus
643 3231 769 3271 tertiae
782 3227 1058 3284 magnitudinis
1064 3238 1136 3282 pro
1152 3240 1235 3266 raro
1249 3224 1453 3266 habendus.

1120 3328 1579 3371 DERTOSA.

303 3907 339 3936 e.
363 3906 391 3933 1.
416 3905 457 3931 A.
480 3904 518 3930 n.
553 3902 576 3928 τ
591 3900 606 3927 1
649 3900 672 3926 c
686 3898 750 3925 Aa
764 3897 796 3924 s.
828 3882 1104 3936 ColoniaJubia
1113 3886 1282 3939 Augusta
1292 3880 1477 3938 Dertosa.
1507 3886 1684 3929 Tiberius
1696 3883 1831 3934 Caesar.
1861 3884 1995 3939 Caput
2005 3883 2152 3931 Tiberii
2167 3883 2397 3937 laureatunffil

358 3963 392 3990 c.
412 3961 439 3988 1.
458 3960 498 3986 A.
517 3959 556 3986 ι).
588 3956 615 3983 A
630 3956 655 3982 v
669 3956 708 3982 G.
737 3939 892 3981 Colonia
901 3940 1199 3996 Jult'aAugusta
1209 3942 1394 3993 Dertosa.
1421 3945 1628 4002 Augustus.
1665 3941 1975 3997 CaputAugusti
1989 3942 2188 3984 radiatum.

2323 4016 2401 4060 Ad
