2491 4219
198 107 291 147 180
842 71 1649 167 oTAC1L1⁸A4

255 715 314 744 co
330 717 367 743 L.
398 716 425 742 D
439 716 464 741 A
480 715 515 740 M
530 715 554 741 A
572 712 603 739 s.
634 712 669 739 M
683 715 706 739 a
722 714 746 740 T
758 714 788 741 R
802 715 840 741 o.
882 701 1043 742 Colonia
1057 701 1284 753 Damascus
1301 700 1535 757 Metropolis.
1565 699 1611 741 In
1628 700 1708 741 imo
1730 712 1757 739 ri
1769 713 1793 740 H
1805 711 1892 746 rm,
1922 702 2069 745 Fontes,
2097 704 2313 761 Temp1um

309 770 474 812 quatuor
491 756 680 797 columnis
693 767 876 798 ornatum
890 784 901 803 ‚
929 758 969 798 in
987 755 1070 812 qu¹o
1086 759 1235 800 Silenus
1250 770 1374 806 utrem
1392 759 1582 798 hircinum
1599 757 1764 798 humero
1780 758 1877 798 laevo
1896 760 1994 814 gerit
2010 786 2022 806 ,
2050 761 2090 801 in
2104 761 2184 802 imo
2201 775 2311 803 arcus

308 815 378 855 iub
396 828 479 868 quo
496 814 528 853 F
531 813 655 852 luvius
674 812 855 854 imberbis
872 813 1129 860 decumbens,
1160 814 1293 854 dextra
1310 827 1458 853 ramum
1469 840 1481 860 ,
1508 812 1607 854 laevo
1623 813 1755 854 cubito
1772 827 1874 854 urnae
1889 815 2042 863 innixo,
2071 816 2214 858 sinistra
2227 831 2311 859 cor-

307 870 484 925 nucopiae
494 896 506 916 ,
533 868 624 910 hinc
640 869 803 916 astrum,
830 869 922 910 inde
939 870 1049 910 Luna
1065 869 1253 915 crescens,
1285 869 1306 908 a
1320 867 1464 910 dextris
1479 868 1590 910 arula.
2311 865 2313 868 ’

249 948 466 1004 Templum
486 948 602 991 Sileni
621 949 698 996 est,
726 949 795 1003 qui
811 948 986 990 Damasci
1004 948 1197 1003 praecipue
1215 947 1340 988 cultus
1355 959 1456 996 erat,
1484 958 1527 988 ut
1543 961 1615 988 nos
1631 947 1776 989 docent
1792 946 2012 1002 frequentes
2032 951 2115 1004 ejus
2133 952 2313 996 Coloniae

187 1007 347 1057 ‚nummi
365 1034 376 1054 ,
406 1007 445 1046 in
463 1006 603 1061 quibus
618 1006 680 1045 ille
699 1006 912 1046 exhibetur.
956 1005 1099 1060 Figura
1117 1003 1227 1044 fluvii
1245 1004 1513 1047 decumbentis
1531 1003 1599 1043 sub
1616 1017 1704 1044 arcu
1720 1030 1733 1049 ,
1763 1003 1813 1044 ad
1831 1005 1963 1046 urbem
1981 1007 2124 1061 speffiht
2140 1036 2153 1056 ,
2180 1009 2312 1051 locum

182 1063 442 1120 ‘repraesentat
458 1062 523 1102 ubi
539 1061 660 1102 amnis
675 1061 715 1101 in
732 1060 859 1102 fontes
875 1075 944 1114 per
959 1073 1081 1102 totam
1102 1060 1237 1100 urbem
1255 1060 1460 1107 dividitur,
1490 1071 1533 1100 ut
1546 1059 1687 1100 Romae
1704 1059 1912 1100 fluviorum
1931 1061 2125 1103 simulacra
2142 1063 2313 1107 diversos

197 1134 386 1179 aquarum
415 1118 552 1159 dustus
582 1119 621 1157 in
644 1118 776 1159 urbem
802 1116 1022 1158 diffundere
1046 1116 1253 1157 videntur:
1280 1116 1361 1157 duo
1386 1116 1490 1157 enim
1513 1129 1645 1156 amnes
1669 1129 1716 1156 ex
1737 1114 1941 1157 Hermone
1959 1130 2093 1159 monte
2109 1119 2311 1169 defluunt,

182 1183 356 1223 'Amana
379 1175 547 1217 mediam
570 1172 802 1214 Damascum
824 1173 1050 1226 praeterfluit
1066 1200 1078 1220 ,
1110 1172 1264 1227 Parpar
1284 1185 1416 1213 muros
1440 1172 1523 1226 ejus
1543 1171 1650 1213 alluit
1666 1197 1678 1217 ,
1707 1170 1759 1212 de
1779 1171 1920 1225 quibus
1941 1174 2142 1227 Benjamin
2162 1175 2202 1216 in
2219 1175 2311 1218 Itin.

198 1249 284 1290 pag.
302 1236 368 1282 96.
401 1231 510 1272 Nam
526 1229 565 1270 eb
584 1231 700 1270 etiam
715 1244 764 1270 ex
782 1229 973 1272 Hermone
987 1228 1155 1282 defluunt
1173 1230 1330 1268 Amana
1346 1227 1393 1272 ὠ
1407 1227 1563 1281 Parpar
1571 1254 1584 1274 ,
1612 1227 1702 1268 adeo
1720 1234 1764 1267 ut
1779 1229 1936 1268 Amana
1951 1231 1993 1269 in
2007 1230 2169 1272 mediam
2184 1231 2314 1273 urbem

187 1287 398 1341 -delbendat
410 1315 422 1334 ,
449 1287 612 1341 adeoque
626 1296 697 1340 per
721 1286 861 1340 ligneos
880 1285 1126 1342 aquaedztf't'us
1144 1283 1199 1324 ad
1212 1298 1337 1324 omnes
1354 1292 1574 1337 magnatum
1593 1283 1689 1324 aedes
1704 1296 1812 1337 aquae
1831 1282 2058 1325 derivantur
2075 1313 2087 1333 ,
2114 1301 2254 1328 necnon
2270 1289 2313 1329 in

190 1346 347 1401 plateas·
366 1342 526 1396 &fin-a.
573 1345 720 1382 Amana
745 1354 849 1383 extra
875 1342 1008 1382 urbem
1036 1341 1076 1381 in
1096 1340 1302 1394 Parparem
1318 1338 1477 1385 defluit,
1504 1339 1597 1378 ideo
1619 1341 1771 1379 Amana
1790 1339 1971 1380 imberbis
1991 1340 2214 1398 depingitur
2229 1357 2314 1384 am-

181 1402 306 1446 ·nium
325 1413 434 1442 more
451 1426 463 1444 ,
492 1398 561 1452 qui
580 1399 619 1439 in
637 1398 729 1438 alios
751 1397 1005 1443 delabuntur,
1033 1401 1072 1437 ὃ(
1098 1407 1263 1450 uterque
1287 1396 1428 1436 mixtus
1445 1394 1732 1448 Chrysorrhoas
1754 1393 1892 1435 dicitur
1908 1423 1921 1442 ‚
1951 1395 1978 1436 fi
1995 1397 2172 1438 Straboni
2192 1396 2313 1446 fides,

186 1458 261 1501 lib.
284 1461 343 1497 16.
363 1469 448 1509 pag.
470 1468 490 1505 7
503 1467 563 1504 55.
595 1461 654 1491 τῶν
670 1457 701 1491 δὲ
719 1461 848 1502 πει-ωμῶν
863 1458 877 1490 0‘
890 1455 944 1501 μύω
961 1455 1138 1503 Χςυπρῥόας
1153 1452 1336 1500 ῂξώῴμςῷῑ
1351 1452 1412 1488 >bul
1428 1454 1456 1488 ιθ
1471 1453 1684 1498 Amantiam
1700 1451 1818 1490 πόλεως.
1852 1451 1925 1492 ‘De
1941 1453 2116 1494 amnibus
2132 1453 2312 1506 Chrysor-

195 1513 312 1554 rhoas
328 1511 383 1558 ab,
395 1510 485 1550 urbe
503 1507 550 1554 ὠν
569 1511 714 1564 regione
723 1508 1052 1560 Damafienorum
1066 1509 1258 1560 incipiens.
1293 1505 1448 1562 Effigies
1466 1506 1587 1546 amnis
1604 1507 1850 1561 cornucopiae
1865 1508 1984 1562 gerit,
2002 1508 2051 1549 ad
2067 1509 2315 1553 indicandam

196 1580 322 1613 ortam
342 1579 390 1605 ex
405 1565 489 1618 ejus
507 1566 617 1618 aquis
634 1564 918 1608 abundantiam.
950 1566 1028 1604 Ara
1044 1564 1066 1603 a
1081 1562 1223 1603 dextris
1240 1561 1292 1602 ad
1309 1561 1497 1616 templum
1511 1563 1626 1603 Sileni
1645 1563 1831 1616 pertinet,
1852 1563 1963 1617 supra
1980 1578 2097 1619 quam
2115 1564 2206 1605 huic
2218 1566 2311 1607 Deo

196 1623 305 1668 sacrat
317 1621 470 1663 fiebant.
513 1622 667 1663 'Astrum
687 1624 725 1660 ὃ(
744 1621 853 1660 Luna
868 1619 1059 1665 crescens,
1079 1619 1207 1659 Solem
1226 1620 1265 1657 &
1282 1618 1431 1659 Lunam
1452 1617 1673 1673 designant,
1703 1618 1752 1659 ad
1768 1632 1857 1673 quae
1873 1620 2002 1660 omnia
2021 1632 2207 1676 tanquam
2219 1635 2314 1676 prae-
2335 1642 2339 1646 ·

196 1680 311 1732 cipua
327 1678 486 1721 numina
504 1677 614 1732 Tyrii
635 1675 857 1717 referebant.
897 1676 1029 1716 Liceat
1046 1673 1111 1715 hic
1126 1673 1239 1715 nobis
1256 1673 1431 1728 suspicari
1447 1673 1632 1729 Pegasum
1656 1677 1718 1712 >bul
1733 1682 1783 1714 τῆς
1798 1682 1890 1722 πηγῆς
1914 1674 2060 1717 dicrum
2078 1703 2090 1724 ,
2119 1690 2193 1731 pro
2208 1677 2315 1718 urbis

197 1733 335 1788 inflgni
359 1733 490 1828 lii-:iberi
507 1759 520 1780 ,
555 1731 683 1774 forsan
707 1731 817 1787 quod
842 1730 926 1773 haec
951 1731 1041 1772 urbs
1065 1741 1147 1772 tota
1173 1733 1257 1778 nnn*
1287 1729 1363 1770 ess'e
1388 1728 1564 1771 videatur
1581 1756 1594 1778 ,
1631 1733 1670 1771 &
1695 1745 1774 1773 vox
1801 1741 1946 1770 nHrAl
1973 1732 2013 1772 in
2040 1732 2118 1774 hoc
2146 1745 2312 1775 nummo

196 1789 334 1844 scripta
378 1800 415 1831 it.

195 1887 198 1889 -
219 1866 337 1976 ſj,Hic
351 1880 525 1908 nummus
530 1868 667 1923 primae
686 1866 965 1924 magnitudinis
977 1893 989 1915 ,
1016 1865 1065 1908 ab
1083 1864 1303 1909 OHaviano
1321 1863 1466 1907 Strada
1477 1874 1569 1922 pag.
1591 1879 1608 1906 1
1619 1866 1679 1908 18.
1700 1866 1826 1908 editus
1839 1893 1854 1915 ,
1880 1865 2084 1920 rariffimus
2099 1864 2148 1913 ᾤ’
2168 1865 2315 1924 elegang'

195 1931 229 1967 tt
257 1937 365 1966 tinus.

255 2531 279 2557 c
292 2530 318 2555 o
334 2529 356 2556 t,
369 2528 394 2554 ο
404 2527 434 2553 N
448 2527 474 2553 1.
506 2528 533 2553 D
548 2526 571 2552 A
586 2525 622 2552 M
636 2526 663 2552 A
679 2525 697 2552 s
711 2525 733 2552 c
745 2524 785 2551 o.
818 2524 855 2550 M
867 2525 890 2551 E
905 2525 928 2550 τ
941 2524 972 2551 R
983 2525 1009 2551 o
1025 2525 1046 2550 Ρ
1059 2524 1085 2551 o
1099 2525 1135 2552 L.
1176 2510 1332 2552 Colonia
1355 2509 1579 2562 Damascos
1599 2508 1837 2564 Metropolis.
1874 2508 1990 2550 Circa
2014 2509 2202 2552 ambitum
2231 2526 2254 2554 c
2264 2527 2312 2554 nd

311 2586 334 2612 B
348 2586 374 2610 A
391 2585 412 2610 c
426 2583 461 2609 M
476 2583 490 2609 1
505 2583 532 2608 A
562 2569 601 2609 in
618 2581 763 2608 corona
780 2580 944 2621 quercea
963 2587 974 2614 3
1002 2567 1042 2607 in
1061 2565 1141 2608 imo
1158 2578 1275 2621 caput
1292 2566 1446 2607 Arietis.

250 2652 332 2705 Iam
357 2649 523 2704 signatus
540 2648 596 2687 est
612 2647 649 2687 in
666 2646 851 2701 Philippo
871 2646 935 2687 hic
952 2646 972 2686 ὲ
992 2645 1238 2696 Damascenis
1254 2658 1436 2685 nummus
1452 2670 1463 2691 ,
1492 2657 1613 2697 quem
1637 2643 1688 2684 ad
1712 2643 1918 2685 certamina
1938 2643 1977 2684 in
1999 2644 2162 2701 Augusti
2185 2647 2314 2690 hono&

196 2723 278 2751 rem
306 2707 495 2747 celebrata
519 2703 688 2757 spestaie
708 2703 900 2749 diximus,
930 2702 1071 2756 illaque
1096 2703 1117 2742 a
1141 2701 1311 2753 Nicolao
1335 2699 1579 2741 Damascene
1603 2700 1771 2741 instituta
1792 2699 1966 2754 suspicati
1984 2697 2132 2748 sumus,
2159 2703 2192 2744 is
2208 2704 2313 2747 enim

196 2763 363 2820 Augusti
381 2759 668 2802 studiofiffimus
684 2771 786 2807 erat,
816 2758 1056 2812 multamque
1072 2757 1276 2812 pecuniam
1294 2769 1411 2811 quam
1430 2757 1481 2796 ab
1499 2756 1630 2796 amicis
1648 2766 1953 2809 comparaverat,
1982 2754 2094 2797 facile
2111 2757 2314 2812 impende-

198 2824 285 2868 bat,
316 2831 358 2859 ut
376 2817 425 2858 de
450 2815 661 2872 semetipse
677 2816 846 2857 testatur.
879 2827 935 2854 Οτι
957 2818 1079 2858 ηἠτῶντό
1097 2833 1168 2856 wes-
1190 2818 1210 2852 ὃ·
1235 2816 1385 2856 Νικόλαον
1408 2819 1514 2853 ‘orheim
1535 2814 1684 2867 χςνῖμοιπι
1702 2814 1779 2860 taff&
1802 2817 1902 2860 φίλων
1924 2813 2059 2849 λοιὲὅνπι
2073 2817 2091 2851 ⁸¹
2105 2816 2202 2864 σῶζε-ιν
2219 2817 2314 2853 adurni,

196 2879 329 2923 Erant
345 2872 594 2930 qui-Nicolao
615 2872 817 2924 objicerent
834 2899 846 2918 ,
874 2872 977 2928 quod
992 2872 1078 2913 citm
1097 2884 1272 2925 magnam
1282 2870 1453 2924 pecuniae
1472 2873 1554 2908 vim
1572 2867 1621 2908 ab
1640 2867 1776 2908 amicis
1795 2866 1889 2908 dono
1908 2867 2102 2921 acceptffi’t
2114 2896 2126 2916 ,
2153 2883 2235 2910 eam
2253 2878 2314 2912 ta.

198 2927 282 2977 men
301 2931 452 2972 minime*
470 2929 711 2981 custodiebat.
748 2928 921 2969 Herodis
939 2926 1235 2983 MagniJudaeae
1252 2926 1374 2981 Regis
1389 2925 1534 2978 primus
1551 2924 1720 2965 minister
1735 2922 1829 2970 fuit,
1859 2926 1898 2962 δε
1913 2922 1964 2963 ad
1982 2925 2198 2979 Augustum
2211 2925 2314 2968 Ora-

199 3003 263 3036 tor
283 2990 330 3033 ab
350 3002 399 3028 co
418 2986 588 3039 Romam
606 2983 756 3030 missus,
787 2983 852 3024 ubi
867 2984 1086 3037 eloquentia
1102 2982 1166 3021 sua
1187 2981 1339 3035 Regem
1356 2980 1584 3034 Imperatori
1602 2978 1860 3021 reconciliavit
1874 3006 1886 3026 ‚
1915 2978 2195 3034 testeJosepho
2209 2981 2233 3021 1.
2248 2986 2311 3024 16.

200 3064 234 3097 ς,
257 3051 316 3092 16.
346 3047 404 3094 Kal
424 3049 513 3093 πέρας
535 3048 572 3081 εἷς
588 3049 660 3080 τέτο
670 3045 783 3082 aaran
801 3051 910 3090 Καῖσαρ
927 3066 938 3082 ,
963 3044 1000 3078 αἶς
1015 3039 1037 3080 Ξ
1051 3038 1104 3085 {⁴2⁴3
1121 3043 1244 3075 Σωλοιίκ
1259 3041 1439 3086 κοιτοιγνῖῦνω
1458 3038 1594 3081 θάνατον.
1619 3039 1719 3086 Ηρώὸῃ
1736 3038 1756 3085 ὃ
1772 3035 2010 3085 Ἇζρρῗλοὶτῗεοθωιι
2050 3035 2123 3075 Ad
2135 3036 2313 3079 ultimum

199 3104 238 3148 ei),
264 3116 322 3144 res
345 3101 524 3148 devenit,
554 3107 599 3140 ut
609 3097 736 3145 Caesar
751 3095 931 3139 damnato
955 3096 1092 3149 capitis
1109 3092 1262 3142 Syllaeo,
1290 3092 1480 3133 Herodem
1502 3093 1544 3132 in
1557 3094 1732 3146 gratiam
1749 3093 1938 3145 receperit.
1975 3090 2187 3132 Athenaeus
2204 3092 2227 3132 l.
2251 3106 2313 3146 15.

200 3159 233 3199 c.
258 3160 318 3201 16.
350 3153 562 3202 Nicolaum
581 3146 862 3206 Damascenum
881 3150 1045 3207 Augusti
1060 3149 1226 3194 amicum
1243 3149 1437 3204 appellat:
1465 3147 1518 3188 nil
1536 3148 1674 3190 mirum
1700 3148 1813 3203 igitur
1836 3146 1865 3187 fi
1889 3148 1929 3187 in
1952 3147 2073 3201 patria
2087 3146 2153 3188 sua
2167 3147 2216 3189 ad
2229 3149 2309 3190 Au-

202 3209 299 3268 gusti
323 3203 516 3255 honorem
541 3210 655 3251 ludos
679 3208 905 3254 instituerit,
935 3205 1004 3247 etsi
1030 3206 1222 3259 conjicere
1250 3204 1362 3246 liceat
1389 3204 1567 3246 Afflacos
1585 3231 1597 3251 ,
1626 3217 1794 3258 quorum
1818 3203 2018 3257 praemium
2044 3202 2146 3245 foret
2166 3218 2311 3246 corona

203 3283 366 3335 quercea
391 3266 566 3326 Augusto
591 3265 644 3309 ob
672 3265 776 3308 cives
804 3264 972 3307 servatos
996 3261 1161 3303 decreta.
1209 3260 1344 3315 Caput
1361 3260 1534 3308 Arietis,
1554 3273 1699 3302 annum
1717 3258 1785 3301 sub
1803 3258 1880 3301 hoc
1900 3257 2008 3316 signo
2025 3259 2048 3300 a
2065 3258 2312 3303 Damascenis

204 3323 428 3366 inchoatum
445 3323 601 3367 indicat.

259 3391 342 3434 Hic
362 3408 534 3439 nummus
543 3395 680 3449 primae
696 3388 969 3449 magnitudinis
989 3389 1092 3430 inter
1109 3388 1188 3428 rari
1213 3399 1304 3426 imos
1319 3384 1568 3428 collocandus.

1025 3473 1500 3519 ‘DEULTUM
