2491 4219
2145 133 2234 179 245

443 424 1152 510 CORNELIA
1213 387 1955 508 SALoNINA.

172 1074 202 1098 Q
247 1073 291 1087 ,.
354 1076 397 1095 ,.-
466 1046 539 1087 AL
551 1061 577 1086 o
591 1060 622 1087 N
635 1060 650 1086 1
661 1052 692 1087 N
706 1061 733 1086 A
767 1047 934 1089 Gallieni
953 1061 1069 1096 uxor,
1097 1049 1137 1089 in
1155 1050 1322 1091 nummis
1339 1050 1485 1092 Latinis
1501 1051 1539 1090 ὃς
1550 1050 1754 1092 Colonicis
1770 1051 1944 1093 Cornelia
1962 1049 2144 1091 Salonina
2155 1052 2240 1092 Au-⁴

172 1168 186 1182 ο
228 1092 413 1182 :Q
441 1072 445 1128 1
456 1102 569 1157 gusta
585 1102 816 1157 appellatur,
839 1104 878 1143 in
895 1104 1124 1157 quibusdam
1143 1105 1322 1146 Salonina
1335 1106 1565 1160 Chrysogone
1573 1107 1758 1162 Augusta.
1795 1107 1976 1147 Corneliae
1993 1120 2138 1148 nomen
2155 1107 2240 1148 Ro·

345 1165 433 1218 113
463 1171 616 1197 manam
632 1169 788 1212 gentem
806 1158 972 1205 indicat,
990 1161 1239 1214 Chrysogones
1256 1162 1461 1214 appellatio
1474 1162 1649 1203 Graecam
1664 1163 1790 1210 sonat3
1806 1163 1897 1203 ideo
1910 1162 2009 1202 hanc
2024 1163 2242 1217 Augustam

201 1260 212 1276 ἡ
296 1267 299 1269 -
337 1210 343 1219 ““
360 1217 401 1266 πῇ·
417 1225 428 1234 ³
464 1213 612 1268 origine
628 1213 805 1253 Graecam
822 1228 911 1253 cum
924 1215 1104 1256 Tristano
1120 1216 1387 1257 existimamus.
1426 1217 1528 1270 Qae
1540 1217 1798 1272 Chrysogone
1813 1221 1903 1259 ante
1919 1218 2115 1264 dicebatur
2127 1245 2139 1265 ,
2159 1220 2240 1258 Au-

228 1289 232 1298 =
293 1292 318 1332 ‘a’
339 1242 426 1323 ᾖε),
459 1269 568 1323 gusta
585 1268 727 1309 deinde
743 1267 862 1316 fasta,
893 1269 1086 1310 Corneliae
1108 1285 1250 1311 nomen
1270 1273 1395 1326 gentis
1418 1272 1606 1312 Romanae
1625 1274 1771 1328 accepit
1785 1293 1799 1321 5
1829 1273 1923 1315 ficut
1940 1274 2097 1315 Domna
2116 1272 2240 1328 Septi}

319 1321 333 1335 ⁰
359 1349 365 1360 ι
381 1333 439 1378 13·
459 1325 526 1364 mii
541 1324 669 1365 Severi
688 1323 935 1379 Imperatoris
951 1339 1069 1372 uxor,
1088 1325 1194 1379 Julia
1209 1328 1398 1380 appellata
1413 1328 1479 1367 est.

181 1410 206 1451 S
219 1424 244 1450 A
257 1425 282 1452 L
293 1425 319 1452 0
331 1425 361 1453 Ν
375 1425 391 1452 1
402 1424 433 1451 N
445 1424 483 1451 ΑΞ
514 1413 656 1452 nummi
662 1411 843 1463 fi’cundae
861 1409 910 1455 <VJ
926 1411 1236 1464 minimaeformae
1256 1413 1357 1453 inter
1376 1414 1535 1453 rariores
1545 1440 1556 1460 ,
1576 1414 1711 1467 primae
1729 1412 1902 1464 rariffi'mi
1910 1413 2021 1466 fimt‘„⁸

883 1509 1477 1551 BERYTUS.

122 2100 411 2131 coRNEmA
447 2103 742 2132 SALoN1NA
777 2104 901 2135 Avo.
939 2095 1499 2150 CaputCorneliaeSaloninae.

177 2160 238 2186 co
251 2160 290 2186 L.
324 2160 338 2185 1
351 2159 428 2186 vr„
462 2160 489 2185 A
505 2161 531 2186 v
545 2161 585 2187 G.
618 2161 641 2186 r·
657 2162 678 2186 E
691 2162 730 2186 L.
761 2163 875 2188 BER.
918 2151 1076 2189 Colonia
1103 2152 1221 2201 Julia
1246 2153 1421 2204 Augusta
1445 2151 1557 2188 Felix
1580 2152 1745 2198 Berytus
1766 2150 1826 2191 vel
1849 2149 2066 2200 Berytensis.
2097 2146 2238 2194 Mulie}

229 2201 390 2242 tutulata
404 2201 537 2240 insistit
553 2201 778 2247 acrostolio‚
808 2201 942 2242 dextra
960 2203 1140 2243 baculum
1157 2205 1196 2243 in
1216 2218 1368 2244 crucem
1385 2203 1632 2243 efformatum
1642 2229 1655 2249 ,
1682 2204 1777 2242 laeva
1794 2204 1937 2243 vestem
1960 2205 2125 2260 colligit,
2153 2208 2175 2248 ὲ
2192 2207 2236 2248 fi.

227 2257 349 2296 nistris
368 2255 545 2296 Vistoria
565 2255 754 2294 columnae
773 2255 952 2308 impolita
971 2268 1156 2294 coronam
1173 2258 1209 2294 ei
1226 2257 1396 2310 porrigit.

170 2334 333 2388 Berytus
358 2332 447 2372 urbs
464 2336 504 2372 δε
525 2332 693 2372 Colonia
710 2330 921 2371 Phoeniciae
936 2331 1110 2372 littoralis
1127 2359 1138 2377 ‚
1167 2332 1348 2374 Gallieno
1368 2333 1561 2388 gratulans
1577 2360 1589 2380 ‚
1617 2332 1806 2380 Sali'vninae
1824 2335 1909 2389 ejus
1928 2339 2037 2378 uxori
2053 2353 2238 2385 nummos

116 2388 203 2428 suos
221 2388 395 2433 dedicat;
424 2391 462 2426 &
477 2388 565 2427 cum
582 2388 649 2427 ista
665 2386 790 2426 forma
806 2386 898 2427 esset
914 2388 1089 2442 egregia,
1117 2387 1311 2428 Venerem
1328 2388 1391 2429 seu
1410 2389 1587 2430 Astarten
1603 2390 1642 2429 in
1659 2391 1785 2431 aversa
1801 2404 1910 2445 parte
1926 2393 2122 2443 exhibuit,
2153 2399 2237 2439 Ro-

118 2456 320 2483 manorum
338 2442 536 2496 exemplo,
566 2442 604 2481 in
623 2456 793 2497 quorum
812 2444 980 2482 nummis
991 2443 1170 2483 Salonina
1187 2444 1325 2484 dicitur
1354 2457 1380 2484 ν
1393 2458 1417 2483 E
1431 2458 1459 2483 Ν
1474 2459 1501 2485 v
1512 2458 1529 2484 s
1558 2459 1586 2484 A
1599 2459 1626 2484 v
1639 2459 1664 2485 G
1678 2459 1704 2484 v
1715 2460 1732 2485 s
1744 2461 1767 2485 1·
1785 2460 1822 2485 A.
1854 2461 1880 2487 v
1894 2462 1916 2488 E
1929 2462 1958 2487 Ν
1975 2463 1998 2488 v
2009 2463 2027 2490 s
2058 2465 2082 2491 F
2095 2466 2118 2491 E
2132 2467 2156 2493 L
2168 2467 2183 2493 1
2196 2467 2233 2494 x.

118 2512 146 2537 v
159 2513 182 2537 E
196 2512 224 2538 Ν
240 2513 265 2538 v
279 2512 297 2538 s
331 2512 356 2537 v
368 2511 384 2537 1
396 2513 419 2538 e
431 2513 454 2537 T
468 2512 498 2538 R
512 2512 526 2537 1
538 2512 574 2536 x.
609 2502 634 2537 x?
649 2512 671 2537 E
684 2511 713 2537 N
726 2512 749 2537 v
762 2513 780 2537 s
813 2512 838 2538 G
854 2513 876 2537 E
889 2512 919 2537 N
933 2512 946 2537 1
960 2512 984 2537 T
998 2512 1027 2538 R
1042 2512 1056 2537 1
1070 2513 1107 2538 x.
1148 2498 1213 2538 llla
1235 2498 1369 2539 formae
1398 2503 1435 2538 &
1461 2501 1719 2553 generationis
1739 2502 1822 2542 Dea
1837 2503 1885 2542 ab
1900 2504 2068 2558 antiquis
2091 2509 2236 2550 credita

115 2554 192 2599 est·,
212 2554 381 2606 ideoque
398 2554 499 2593 dista
516 2552 653 2593 Venus
667 2579 678 2598 ,
702 2553 812 2608 quod
828 2553 877 2593 ad
895 2566 1032 2593 omnes
1048 2567 1107 2593 res
1124 2554 1271 2601 veniat,
1292 2555 1353 2595 vel
1370 2556 1481 2608 quod
1500 2570 1566 2610 per
1584 2570 1668 2597 eam
1683 2558 1812 2598 omnia
1831 2560 2072 2612 proveniant.
2106 2564 2233 2605 Astar-

114 2621 155 2650 te
172 2609 234 2649 seu
254 2609 389 2650 Venus
405 2608 566 2649 tutulata
586 2609 639 2659 est
660 2609 700 2648 in
720 2623 884 2649 nummo
901 2636 914 2655 ‚
943 2621 1128 2663 tanquam
1154 2610 1314 2651 tutelare
1339 2611 1442 2651 urbis
1464 2625 1610 2652 numen
1628 2639 1639 2658 ,
1668 2626 1710 2653 ut
1728 2612 1861 2667 saepius
1877 2614 2054 2657 diximus.
2092 2618 2233 2662 Infistit

115 2664 340 2710 acrostolio,
369 2664 480 2718 quod
501 2664 539 2703 in
563 2664 643 2703 aliis
660 2677 773 2703 manu
791 2665 906 2719 gerit,
933 2665 983 2705 ad
999 2664 1250 2706 indicandum
1270 2665 1447 2706 Colonia:
1466 2665 1516 2706 ad
1534 2681 1638 2708 mare
1656 2668 1777 2709 situm.
1811 2671 2020 2712 Acrostolia
2039 2686 2149 2714 erant
2166 2690 2231 2717 ex-

114 2732 246 2761 tremae
267 2731 391 2774 partes
410 2719 515 2759 navis
528 2746 539 2765 ‚
567 2733 664 2773 quas
682 2719 808 2759 Latini
828 2721 944 2760 rostra
966 2731 1116 2760 vocant.
1157 2721 1287 2774 Scipio
1307 2721 1370 2761 seu
1389 2721 1579 2774 sceptrum
1598 2723 1683 2776 ejus
1698 2723 1845 2778 insigne
1865 2725 1929 2766 est.
1969 2727 2140 2769 Vistoria
2158 2745 2230 2771 co-

114 2776 255 2815 lumnae
271 2774 446 2828 impofita
465 2775 500 2815 ei
516 2788 697 2814 coronam
717 2775 902 2830 porrigit,
931 2786 974 2816 ut
990 2775 1050 2814 illa
1070 2774 1186 2829 ipfius
1207 2775 1409 2818 fimulacro
1432 2777 1603 2820 adstabat
1619 2805 1632 2826 ‚
1660 2779 1700 2819 in
1717 2781 1942 2823 memoriam
1957 2782 2227 2835 vistoriarum,

114 2845 214 2886 quas
229 2830 379 2886 auspice
397 2831 547 2871 Astarte
565 2830 769 2872 Phoenices
786 2831 878 2872 olim
896 2831 1112 2872 retulerant.

167 2909 252 2950 Hic
268 2923 441 2950 nummus
442 2908 623 2963 ficundae
639 2909 917 2965 magnitudinis
931 2911 1033 2951 inter
1048 2910 1210 2950 rariores
1225 2909 1488 2954 numerandus.

793 3373 840 3400 Φ

133 3421 135 3424 ⁴
168 3446 192 3477 c
204 3450 230 3475 o
243 3447 281 3475 L.
314 3447 329 3474 1
339 3446 363 3474 v
374 3447 413 3474 1,.
445 3446 472 3472 A
484 3447 509 3472 ν
519 3447 558 3474 G.
590 3447 614 3474 F
626 3447 649 3473 E
660 3447 699 3474 L.
732 3447 756 3474 13
767 3448 790 3473 E
802 3447 846 3473 R.
884 3431 1040 3474 Colonia
1055 3433 1174 3487 Julia
1192 3435 1366 3491 Augusta
1383 3435 1497 3478 Felix
1515 3437 1694 3492 Berytus.
1734 3439 1870 3495 Caput
1886 3441 2055 3485 Astartes
2071 3443 2212 3485 tutulass

221 3503 304 3531 tum
315 3516 327 3536 ‚
355 3487 487 3529 medio
502 3503 685 3544 corpore,
715 3488 806 3529 hinc
822 3493 860 3528 ὃς
876 3489 967 3529 inde
982 3490 1124 3545 Aquila
1140 3491 1354 3547 legionaria.

166 3567 391 3621 Berytenses
406 3567 543 3607 iterum
561 3568 599 3607 in
616 3567 802 3608 Saloninae
820 3569 987 3609 nummis
1005 3569 1179 3611 Astarten
1196 3571 1258 3612 seu
1271 3571 1465 3612 Venerem
1487 3573 1753 3626 repraesentant
1769 3601 1780 3621 ‚
1811 3585 1992 3630 tanquam
2012 3577 2088 3631 ipsa
2105 3575 2211 3616 Saloss

112 3623 203 3662 nina
216 3623 330 3663 altera
345 3623 436 3664 ess‘et
455 3623 611 3669 Venus,
640 3626 678 3662 ὃς
696 3623 810 3664 altera
831 3625 931 3665 urbis
948 3625 1117 3666 tutelaris
1135 3627 1232 3667 Dea.
1272 3628 1397 3667 Beroe
1416 3627 1505 3667 urbs
1524 3630 1544 3667 a
1560 3628 1722 3670 Saturno
1741 3631 1897 3672 condita
1915 3632 1990 3678 est,
2019 3632 2111 3671 teste
2127 3631 2210 3671 Ste-

111 3678 245 3731 phano
262 3698 273 3725 5
300 3678 482 3719 Saturnus
506 3692 591 3718 eam
615 3678 725 3718 dedit
743 3678 936 3731 Neptuno
949 3706 960 3725 ‚
989 3679 1052 3721 hic
1070 3684 1162 3721 vero
1185 3682 1235 3722 de
1255 3683 1412 3723 nomine
1433 3683 1577 3723 Bero'e's
1598 3684 1680 3724 filiae
1699 3685 1860 3727 Veneris
1877 3715 1888 3734 ,
1918 3699 2032 3740 quam
2049 3699 2208 3726 uxorem

112 3733 246 3780 duxit,
274 3734 407 3774 urbem
430 3734 637 3789 appellavit
661 3734 812 3774 Beroen
829 3761 841 3781 ,
869 3735 961 3775 ideo
982 3735 1153 3778 Nonnus
1176 3752 1260 3779 eam
1285 3738 1495 3779 nominasse
1512 3738 1661 3780 videtur
1678 3742 1868 3788 Amorum
1886 3742 2068 3788 Portum,
2096 3739 2208 3796 quod

115 3788 251 3829 Venus
270 3789 309 3828 in
328 3803 434 3837 eam,
464 3791 519 3831 uti
530 3790 609 3843 jam
631 3788 795 3829 diximus
809 3816 820 3835 ‚
849 3790 1061 3843 appulisset.

608 3850 655 3880 Em
670 3844 756 3879 πόλις
771 3844 850 3889 Βερόη
866 3844 954 3886 Eion-⁸
972 3845 1090 3885 τξόσης,
1115 3846 1201 3893 ’ὅρμος
1216 3848 1332 3893 ἐρώτων.

602 3892 675 3945 Est
691 3892 780 3933 urbs
797 3893 918 3934 Beroe
933 3894 1029 3933 vitae
1045 3896 1196 3942 carina,
1216 3905 1354 3949 portus
1371 3910 1544 3938 amorum,
2204 3904 2207 3907 ’

1293 3951 1373 3991 Hh
1404 3965 1426 4006 3
2107 3954 2222 4002 Duas
