2574 4214
276 224 368 272 146

298 295 2334 422 &aff-20&&QQQQQQQQQQQQQQQQQQQQQQaaz&

309 417 365 465 >at
377 378 1314 463 Qassssssstsffiwsffiffiwssss
1327 375 1752 472 aesffssffifflff
1761 374 1978 446 ⁶³&ss
1992 399 2045 445 as·
2056 372 2344 447 ⁶33⁰&ss

618 529 2018 644 TRAIANUS.

1542 1148 1544 1150 ,
1564 1113 1601 1154 '12²

462 1220 487 1241 ζ
531 1204 536 1209 ·
553 1195 640 1236 les
654 1208 679 1235 T
707 1195 800 1236 nulli
820 1191 1074 1234 Coloniarum
1099 1202 1196 1245 quas
1217 1173 1380 1231 deduxit
1397 1175 1591 1243 Trajanus'
1607 1214 1620 1236 2
1647 1185 1796 1236 nummi
1819 1186 1859 1228 in
1883 1197 1966 1228 tota
1989 1185 2062 1227 hac
2085 1184 2370 1242 Imperatorum

289 1262 301 1277 ·
313 1285 328 1313 ῗ
350 1240 406 1299 Ᾰξ-’Ῑ
419 1270 429 1277 -
452 1262 484 1298 η’,
500 1248 527 1292 ἶ
553 1250 645 1292 serie
661 1250 844 1292 haetenus
861 1247 1000 1304 reperti
1016 1246 1113 1294 sint,
1140 1246 1231 1302 quia
1250 1247 1379 1287 tamen
1396 1259 1443 1286 ex
1463 1242 1570 1288 terrm
1586 1239 1790 1285 visceribus
1807 1241 1960 1299 plurimi
1975 1236 2154 1299 quotidie
2169 1241 2387 1291 eruuntur,'

313 1311 319 1326 ὲ
1180 1302 1183 1306 ”
1795 1299 1801 1305 .

370 1294 469 1324 ΜΗ
483 1293 527 1359 ἒ
551 1311 755 1352 ‘occurrere
772 1315 958 1361 poterunt
981 1303 1157 1344 nonnulli
1173 1330 1186 1350 ,
1215 1303 1284 1357 qui
1298 1298 1489 1343 'Colonias
1509 1312 1575 1342 aut
1591 1301 1640 1356 ab
1655 1297 1859 1353 Historieis
1880 1311 1945 1354 aut
1968 1299 2008 1340 in
2032 1299 2286 1346 marmoribus
2304 1312 2370 1339 ex-

394 1385 484 1417 ΛΉ.
525 1357 528 1400 ἱ
556 1362 717 1418 prestas,
747 1363 795 1403 ab
815 1361 897 1415 ipso
921 1359 1144 1401 constitutas
1169 1357 1376 1399 exhibeant
1391 1384 1404 1405 ,
1434 1372 1482 1399 en
1507 1369 1638 1398 earum
1654 1383 1667 1403 ,
1696 1369 1783 1409 quae
1801 1354 1914 1411 nobis
1937 1353 2136 1410 supersunt
2151 1382 2164 1402 ,
2190 1353 2369 1406 nomina,

559 1418 772 1473 Apuleffls,
801 1415 1089 1462 Ciernensium,
1111 1412 1363 1469 Napocenst„
1392 1416 1432 1454 δε
1449 1410 1742 1508 ParczltUss³⁷fium
1762 1413 1801 1452 in
1817 1408 1959 1463 Dacia,
1990 1411 2106 1467 Ulpia
2124 1409 2314 1459 Tamus-as·
2329 1410 2372 1452 in

554 1475 744 1516 Numidia
761 1502 774 1522 ,
805 1472 920 1524 Ulpia
940 1472 1111 1526 Yrajana
1131 1471 1171 1510 in
1189 1468 1313 1511 Gallia
1333 1468 1485 1525 Belgica
1503 1496 1515 1516 ,
1584 1467 1662 1523 lpia
1683 1466 1860 1525 Trajana·
1873 1466 2158 1516 Hadrumetina
2182 1466 2222 1507 in
2245 1466 2371 1521 Byza-

266 1546 361 1572 cena
379 1533 517 1572 Africae
534 1530 763 1586 provinciae,
795 1529 909 1582 Ulpia
928 1527 1100 1581 Trajana
1117 1526 1292 1566 Zarmt's-
1301 1523 1552 1580 &Egethufa
1567 1529 1606 1564 in
1625 1523 1755 1564 Dacia.
1795 1524 1904 1564 Duas
1921 1526 2037 1564 etiam
2056 1523 2250 1579 Legiones
2266 1521 2370 1562 insti-

266 1588 358 1633 tuit,
392 1601 407 1627 1
421 1602 449 1627 1.
473 1587 680 1642 Trasanam
698 1584 846 1625 Fortem
863 1584 902 1622 in
919 1583 1098 1637 AEgypto
1114 1581 1370 1627 hiemantem,
1398 1581 1553 1622 alteram
1569 1594 1666 1620 xxx.
1687 1579 1840 1634 Uspiam
1855 1581 1896 1620 in
1912 1580 2122 1621 Germanla
2139 1594 2147 1619 :
2174 1578 2369 1632 Trajanus
2399 1633 2403 1637 ἡ

265 1642 369 1683 enim
385 1644 484 1683 inter
500 1654 657 1682 caeteros
674 1641 930 1695 Imperatores
946 1637 1120 1679 Romani
1139 1636 1297 1691 Imperii
1313 1636 1450 1678 limites
1466 1635 1681 1692 longiffime
1698 1635 1939 1692 propagavit.

319 1720 399 1761 Ta
411 1734 437 1759 A
445 1736 467 1774 J
480 1734 505 1759 A
520 1734 550 1759 N
564 1734 578 1759 1
606 1720 889 1772 nummt'primae
905 1715 1180 1772 magnitudinis
1192 1741 1203 1761 ,
1230 1714 1403 1767 rariſjimi
1419 1713 1468 1759 ὅγ’
1485 1714 1743 1771 elegantzffimi
1762 1714 1928 1756 habendi
1931 1713 2031 1767 sunt
2044 1734 2056 1761 ς
2084 1713 2213 1754 mediae
2229 1706 2278 1756 ὠ
2293 1710 2368 1750 mi·

265 1777 378 1815 nimae
389 1803 402 1823 ‚
431 1776 537 1816 obvii
554 1774 602 1819 (J
604 1775 843 1828 frequentes.

1023 1855 1615 1902 BERYTUS.

266 2428 283 2457 1
296 2428 331 2455 M
344 2428 376 2455 P.
407 2429 430 2455 c
442 2427 469 2454 A
483 2427 506 2453 E
520 2426 553 2454 s.
582 2425 705 2453 NER.
735 2424 760 2452 ‘r
773 2424 804 2452 R
818 2423 844 2451 A
858 2424 874 2452 1
886 2425 913 2452 A
928 2423 972 2451 N.
1004 2423 1031 2450 A
1046 2422 1073 2449 v
1085 2423 1125 2451 G.
1157 2422 1183 2449 G
1197 2422 1220 2449 E
1234 2422 1264 2449 R
1276 2421 1326 2450 Μ.
1367 2406 1502 2462 Caput
1518 2405 1677 2460 Trajani
1695 2404 1921 2447 laureatum

321 2486 344 2511 c
357 2485 383 2510 o
395 2484 435 2510 L.
468 2484 491 2509 B
503 2484 526 2509 E
538 2482 580 2509 R.
620 2467 775 2509 Colonia
791 2467 954 2515 Berytus
978 2476 1045 2506 aut
1063 2464 1282 2521 Berytenfis.
1319 2462 1531 2518 Neptunus
1548 2463 1646 2503 stans
1666 2461 1731 2502 hic
1749 2462 1900 2507 nudus,
1926 2459 1965 2500 in
1978 2458 2057 2500 aliis
2072 2471 2159 2500 cum
2173 2456 2367 2514 strophio,

375 2525 508 2566 dextra
524 2523 752 2578 delphinum
762 2550 774 2570 ,
801 2523 894 2563 laeva
909 2521 1115 2563 tridentem
1131 2521 1246 2575 gerit,
1274 2518 1376 2574 pede
1395 2519 1507 2574 supra
1523 2531 1676 2573 proram
1688 2544 1701 2564 ,
1717 2519 1757 2557 in
1772 2517 1852 2557 aliis
1869 2516 1980 2570 supra
1995 2515 2126 2555 saxum
2143 2514 2340 2569 impolito.

320 2604 544 2658 Berytenses
561 2602 770 2642 Phoeniciae
786 2600 958 2655 Trajano
982 2612 1162 2640 nummos
1189 2598 1306 2653 paulo
1331 2597 1418 2652 post
1438 2596 1521 2650 ejus
1540 2595 1792 2650 adoptionem
1808 2622 1822 2643 ,
1849 2598 1888 2635 δε
1905 2604 1992 2634 ante
2008 2593 2191 2634 Dacicam
2208 2592 2367 2647 expedi-

265 2660 431 2704 tionem,
461 2659 550 2698 cum
569 2657 791 2697 Germanici
807 2657 956 2697 tantum
973 2668 1116 2695 nomen
1133 2654 1310 2699 haberet,
1340 2652 1570 2707 gratulantes
1590 2651 1860 2706 percusserunt,
1896 2649 2131 2702 Neptunus,
2158 2649 2208 2689 de
2225 2663 2306 2703 quo
2326 2648 2367 2689 in

265 2714 443 2768 Augusto
459 2727 544 2768 pag.
570 2726 584 2752 1
599 2727 629 2752 1.
651 2712 796 2752 dietum
815 2712 890 2757 est,
919 2722 962 2751 ut
975 2710 1161 2750 Tutelare
1177 2708 1356 2750 Coloniae
1375 2708 1538 2748 Numen
1555 2708 1596 2748 in
1616 2721 1666 2748 eo
1682 2706 1871 2762 signatum
1886 2704 1963 2752 est,
1990 2704 2051 2746 ille
2067 2704 2272 2746 tridentem
2291 2717 2364 2759 pro

265 2769 413 2822 sceptro
432 2770 552 2822 gerit,
583 2767 687 2807 unde
707 2766 812 2821 apud
832 2765 953 2807 Ovid.
974 2765 1074 2806 Met.
1097 2779 1158 2805 11.

703 2822 908 2878 Qumque
924 2821 1170 2875 tridentzgero
1186 2819 1333 2859 humidi
1340 2819 1514 2874 genitore
1524 2816 1717 2873 profundi.

262 2877 503 2932 Palaephatus
517 2877 565 2916 de
583 2876 657 2916 fab.
671 2888 806 2917 narrat.
825 2877 877 2916 ait
890 2876 994 2915 illum
1007 2875 1212 2915 tridentem
1223 2874 1342 2919 ferre,
1370 2873 1481 2926 quod
1499 2885 1685 2926 aquarum
1701 2882 1834 2914 natura
1853 2869 1988 2925 triplici
2005 2869 2145 2910 virtute
2159 2867 2366 2925 fungatur,

264 2933 303 2973 id
322 2934 376 2973 est
392 2931 560 2986 liquida,
590 2931 795 2977 foecunda,
824 2935 862 2970 &
879 2930 1051 2984 potabili.

319 3011 401 3052 Hic
422 3024 596 3052 nummus
611 3011 758 3050 minimi
776 3009 938 3057 moduli,
953 3009 1139 3064 frequens
1159 3002 1207 3050 ὠ
1226 3004 1363 3045 obvius
1378 3004 1439 3056 est.

273 3573 476 3601 1MP.CA
490 3572 512 3597 E
529 3572 560 3597 s.
590 3571 619 3596 N
633 3573 708 3598 ER.
739 3571 762 3597 τ
777 3570 846 3597 RA
862 3570 877 3596 1
892 3571 917 3596 A
932 3570 976 3596 N.
1007 3569 1035 3597 A
1049 3568 1124 3597 vo.
1155 3569 1181 3596 G
1197 3568 1322 3596 ERM.
1351 3567 1465 3595 DAc.
1498 3565 1605 3594 cos.
1637 3565 1704 3593 v1.
1741 3551 1875 3606 Caput
1889 3548 2046 3604 Trajani
2062 3549 2287 3592 laureatum:

330 3631 353 3655 c
365 3629 390 3653 o
406 3629 442 3653 L.
476 3627 490 3651 1
504 3627 529 3650 v
543 3627 577 3651 L.
609 3627 634 3651 A
650 3627 675 3651 v
688 3627 727 3652 e.
760 3627 782 3652 F
797 3627 820 3651 E
832 3627 869 3652 L.
900 3627 923 3653 Β
936 3627 958 3651 E
969 3626 1010 3652 R.
1051 3612 1206 3652 Colonia
1226 3610 1344 3663 Julia
1365 3608 1540 3664 Augrtsta
1561 3606 1675 3649 Felix
1696 3608 1867 3660 Berytus.
1907 3607 1954 3646 In
1970 3607 2070 3652 aliis,
2101 3621 2123 3646 c
2136 3620 2161 3645 ο
2176 3621 2213 3646 L.
2244 3621 2268 3647 B
2280 3621 2302 3646 ε
2313 3609 2361 3649 Κῷ

384 3668 537 3709 diversa:
552 3667 636 3707 sunt
655 3667 881 3721 epigraphae.
911 3667 1090 3707 Colonus
1105 3680 1222 3722 agens
1241 3667 1372 3706 boves.

327 3748 407 3787 Hic
423 3758 601 3786 nummus
620 3745 659 3783 in
681 3744 890 3785 Consulatu
907 3759 931 3784 v
948 3759 978 3783 1.
995 3744 1154 3796 Trajani
1170 3745 1191 3783 a
1212 3741 1480 3797 Berytenfibus
1499 3738 1693 3794 percussus
1710 3739 1765 3780 est
1773 3765 1785 3785 ‚
1813 3738 1903 3778 cum
1919 3738 1980 3778 ille
1998 3738 2037 3778 in
2057 3738 2199 3793 Syriam
2219 3739 2360 3781 bellum

274 3815 405 3844 contra
426 3801 587 3841 Parthos
606 3799 776 3854 gesturus
797 3800 924 3844 venite,
951 3799 1054 3837 hunc
1072 3801 1164 3838 vero
1182 3799 1437 3839 Consulatum
1456 3796 1540 3836 iniit
1556 3809 1658 3834 anno
1675 3795 1729 3834 U.
1747 3794 1793 3834 C.
1813 3797 1900 3845 867.
1920 3794 2031 3833 CHr.
2053 3807 2068 3832 1
2081 3807 2140 3845 14.
2162 3809 2249 3835 cum
2265 3795 2362 3836 Vet-

272 3859 414 3913 giliano
433 3857 586 3896 Pedone
598 3881 608 3900 ‚
636 3857 704 3907 qui
722 3854 937 3893 Antiochiae
950 3880 961 3898 ,
990 3852 1196 3906 postquam
1212 3853 1404 3901 Traianus
1421 3865 1468 3891 ex
1486 3850 1670 3890 Armenia
1688 3849 1809 3888 vietor
1828 3848 1992 3888 rediiss‘et
2006 3874 2018 3895 ,
2048 3860 2156 3889 terrae
2171 3862 2280 3890 motu
2296 3863 2361 3891 ex-

274 3913 412 3953 tinctus
436 3912 489 3951 est
507 3938 518 3957 ,
547 3922 589 3950 ut
612 3922 658 3949 ex
684 3908 814 3947 Dione
841 3909 1018 3947 novimus
1041 3906 1104 3946 lib.
1124 3909 1188 3947 68.
1216 3921 1300 3961 pag.
1329 3920 1370 3944 Ων
1392 3909 1430 3946 εἷς
1453 3912 1476 3959 ιζ,
1502 3911 1517 3942 o‘
1537 3911 1638 3944 Πέδων
1662 3910 1675 3941 ὁ
1697 3907 1802 3943 ὕπατος
1826 3908 1926 3951 ὲφζόεπ
1941 3931 1951 3947 ,
1978 3910 2001 3956 33,
2020 3907 2104 3949 &1949
2124 3910 2200 3952 ‘¹125
2215 3911 2358 3950 ἀπέθανε.

273 3969 321 4009 In
337 3981 459 4007 eorum
477 3978 624 4006 numero
627 3963 718 4018 filit
735 3962 843 4003 cPedo
863 3962 1020 4013 Consitl,
1047 3963 1114 4016 qui
1121 3961 1254 4009 statim
1269 3970 1438 4001 mortuus
1453 3960 1511 4012 est.
1548 3959 1774 4015 Berytenses
1790 3959 1963 4013 Trajano
1984 3959 2035 4000 de
2050 3962 2234 4000 Armenia
2247 3973 2359 4014 capta

802 4040 809 4046 .
2169 4015 2365 4069 gratulanae'
