2491 4219
213 117 303 157 196
751 106 1815 175 TRAJANUSDEC1US.

206 172 260 211 lio
277 183 364 211 ante
385 171 540 233 Affium
562 169 763 233 superasset
780 188 787 212 :
817 189 906 214 nam
925 177 992 229 qui
1013 177 1062 216 ab
1080 178 1242 219 Herode
1260 181 1419 224 instituti
1438 199 1633 227 narrantur
1650 188 1671 227 a
1691 187 1857 241 losepho
1873 214 1885 234 ,
1913 197 2135 235 mummio}
2155 191 2319 246 appella·
2387 199 2390 202 ’

210 228 354 266 bantur.
397 228 496 267 Affii
513 240 651 281 quinto
671 241 775 267 anno
796 229 1084 273 celebrabantur
1099 234 1137 273 in
1156 234 1346 288 Apollinis
1363 237 1552 281 honorem
1567 268 1579 287 ‚
1606 243 1668 282 cui
1687 243 1813 283 laurus
1831 254 1911 283 erat
1929 245 2168 293 consecrata,
2198 260 2240 288 ut
2256 249 2317 287 in..

209 283 295 323 nuit
313 283 536 323 Plutarchus
553 283 726 351 Sympos.
746 283 806 324 lib.
827 288 858 326 8.
877 287 1006 340 quaest.
1025 302 1061 340 4.
1085 303 1122 343 p.
1141 303 1232 342 724.
1264 293 1363 331 Σκέπτί
1378 295 1413 333 δὴ
1427 297 1469 342 μὴ
1485 301 1610 339 nusi&
1627 305 1665 337 {57
1681 302 1714 336 τε
1730 302 1891 343 νικηπῆμον
1906 326 1916 342 ,
1949 305 1986 339 ῶς
2011 305 2214 350 Αμφικτυόνες
2235 309 2318 350 κρέκες·

210 347 320 407 πῗῶτον
337 347 385 377 ἐπὶ
398 349 470 403 τιᾳῖ
486 342 506 381 ἔ
519 345 573 384 fila}
589 351 697 390 Δοιφνῃ
713 342 763 403 ,ιώ
782 347 883 404 Φοῖνικι
896 345 949 381 ‘nic
964 351 1095 384 νικῶντας
1111 347 1282 394 ἐνθἰΐμησωίο
1320 347 1418 386 Vide
1439 363 1524 402 ergo
1547 367 1598 392 an
1626 367 1698 393 non
1719 354 1789 394 hoc
1802 357 2001 408 praemium
2018 355 2067 404 fit
2085 357 2316 410 Pythicum,

211 408 259 439 <y
277 395 572 450 Anqplmwfyones
590 396 752 448 ‘styriam
759 398 929 450 primam
947 401 1110 440 vibiores
1126 403 1168 440 in
1182 401 1356 441 honorem
1374 402 1568 457 Apollinis
1582 407 1687 448 lauro
1703 423 1750 449 ac
1759 410 1891 464 palma
1908 415 2182 454 coronaverint.

263 474 347 516 Hic
363 489 535 516 nummus
542 477 679 530 primae
695 476 972 532 magnitudinis
990 480 1090 520 inter
1109 480 1305 530 rariffimos
1319 479 1568 524 collocandus.

1051 584 1475 627 DACIA.

208 1240 224 1266 1
236 1238 270 1265 M
285 1239 318 1265 Ρ.
351 1241 385 1266 c.
419 1238 464 1265 M.
498 1240 542 1279 Q
567 1239 592 1266 ’r
608 1240 637 1266 R
651 1242 677 1267 A
693 1241 707 1267 1
722 1242 747 1267 A
762 1240 790 1267 N
806 1241 830 1267 v
846 1241 879 1266 s.
911 1242 936 1267 ι)
949 1242 971 1267 E
987 1242 1008 1267 c
1022 1241 1036 1267 1
1050 1232 1076 1268 v
1089 1242 1122 1267 s.
1161 1229 1295 1282 Caput
1311 1227 1471 1282 Trajani
1491 1229 1603 1269 Decii
1621 1229 1843 1270 laureatum.

263 1294 284 1321 Ρ
298 1294 327 1320 R
340 1295 366 1320 o
380 1295 407 1321 v
422 1295 433 1320 1
448 1295 477 1321 N
492 1297 514 1321 c
529 1295 542 1320 1
557 1296 581 1320 A
614 1297 640 1321 D
655 1298 680 1322 A
697 1299 719 1323 c
732 1297 745 1322 1
762 1297 799 1321 A.
827 1284 865 1322 in
892 1284 971 1323 imo
1000 1298 1025 1322 A
1039 1297 1081 1322 N.
1119 1297 1133 1323 1
1153 1298 1168 1323 1
1190 1298 1203 1323 1
1225 1299 1256 1324 1.
1297 1284 1439 1325 Mulier
1463 1285 1589 1339 patrio
1605 1285 1743 1326 vestitu
1760 1294 1916 1332 ornata,
1943 1284 2063 1332 stans,
2090 1285 2254 1342 utrique
2271 1286 2321 1330 fi·

320 1351 439 1390 gnum
457 1337 637 1383 militare,
662 1339 772 1391 juxta
790 1351 874 1376 eam
892 1339 982 1378 hinc
1006 1339 1168 1392 Aquila,
1196 1340 1288 1380 inde
1304 1339 1399 1380 Leo.

263 1413 504 1455 Provinciam
524 1415 682 1455 Daciam
701 1416 738 1455 in
756 1415 938 1470 Philippo
952 1416 1108 1457 liberam
1125 1417 1174 1458 ab
1190 1418 1266 1458 hoc
1283 1418 1520 1472 Imperatore
1539 1417 1678 1458 factam
1694 1418 1861 1459 diximus
1873 1445 1885 1465 ‚
1912 1418 1950 1459 in
1968 1420 2077 1474 cujus
2095 1420 2320 1464 memoriam
2344 1418 2350 1424 “

208 1484 331 1511 annos
349 1471 386 1510 in
406 1473 572 1512 nummis
593 1473 853 1525 computavit,
881 1471 1040 1526 ipsamet
1059 1474 1097 1513 in
1121 1474 1230 1514 Decii
1248 1473 1460 1520 honorem,
1489 1473 1557 1528 qui
1576 1473 1786 1528 Imperium
1805 1486 1938 1515 contra
1959 1475 2064 1515 illum
2093 1475 2320 1517 munificen-

209 1525 387 1568 tiffimum
408 1528 626 1582 Augustum
645 1529 873 1581 arripuerat,
903 1542 1083 1569 nummos
1105 1530 1280 1578 dedicat,
1307 1529 1372 1570 sed
1391 1531 1480 1570 eum
1498 1530 1687 1570 exercitus
1703 1530 1937 1583 Illyricianus
1954 1527 2153 1572 socordem
2174 1531 2320 1587 Philip.

210 1597 303 1637 pum
319 1583 559 1638 agnosceret,
591 1584 787 1623 Marinum
806 1584 933 1637 primo
951 1584 1250 1638 Imperatorem,
1281 1590 1319 1626 δε
1335 1584 1478 1625 deinde
1490 1585 1653 1625 Decium
1672 1585 1922 1639 proclamavit
1937 1585 2115 1627 adversus
2133 1587 2321 1628 Barbaros

209 1639 249 1678 in
268 1641 466 1680 Romanas
487 1641 702 1692 provincias
720 1641 974 1694 irrumpentes
994 1656 1000 1680 :
1018 1641 1224 1694 provinciae
1240 1643 1423 1696 proximae
1441 1640 1611 1680 eundem
1629 1652 1777 1681 motum
1796 1641 1965 1695 sequutae
1980 1642 2086 1688 sunt,
2113 1642 2322 1696 praesertim

209 1697 302 1749 quia
322 1697 465 1736 Decius
484 1698 505 1736 ἐ
529 1697 726 1736 Pannonia
748 1696 880 1737 Daci-„e
897 1695 1038 1737 confini
1060 1696 1245 1737 oriundus
1260 1710 1360 1744 erat,
1389 1696 1592 1750 Philippus
1611 1698 1704 1736 vero
1731 1697 1853 1737 Arabs
1871 1700 1909 1736 δε
1934 1698 2138 1749 provinciis
2158 1698 2320 1740 minime

211 1764 349 1807 gratus.
381 1753 444 1792 Ad
460 1753 538 1791 haec
551 1752 707 1797 Decius,
722 1752 898 1793 tradente
908 1752 1068 1793 Zofimo
1083 1752 1143 1792 lib.
1160 1767 1287 1808 1.pag.
1301 1761 1393 1805 643.
1416 1758 1554 1790 emtum
1568 1758 1698 1799 πολιτικῇ
1712 1769 1743 1788 τε
1758 1758 1851 1801 aaa?
1867 1757 1891 1803 i}
1909 1759 2048 1802 πυλεμικῇ
2065 1759 2153 1803 πείρᾳ
2167 1756 2318 1799 wiffam.

212 1807 337 1847 Civili
356 1810 504 1847 virtute
512 1809 663 1861 pariter
674 1835 685 1854 ,
713 1806 761 1851 &¹
779 1810 848 1861 usa
866 1809 1028 1848 militari
1048 1806 1271 1862 Phihppum
1287 1809 1461 1848 anteibat
1504 1807 1600 1848 Ideo
1618 1809 1779 1849 Senatus
1796 1820 1976 1849 nummos
1994 1808 2119 1849 Decio
2135 1823 2223 1850 cum
2237 1812 2320 1865 epi-

212 1863 359 1918 graphe
377 1877 403 1903 G
418 1878 441 1903 r.
453 1878 479 1903 N
496 1879 510 1904 1
524 1879 549 1903 v
564 1878 583 1903 s
616 1879 639 1904 E
651 1879 675 1904 x
690 1879 710 1904 r:
724 1878 753 1905 R
768 1878 790 1904 c
803 1879 816 1904 1
832 1879 856 1904 T
871 1878 893 1906 v
909 1880 927 1905 s
961 1879 973 1905 1
987 1880 1010 1906 L
1025 1880 1049 1905 L
1064 1878 1088 1904 Y
1103 1878 1131 1904 R
1143 1878 1157 1904 1
1172 1879 1194 1904 c
1207 1878 1221 1904 1
1239 1878 1262 1903 A
1277 1877 1308 1904 Ν
1321 1878 1334 1903 1
1355 1862 1553 1919 percussit,
1584 1867 1621 1903 ὃ(
1641 1863 1923 1917 provinciarum
1939 1864 2096 1904 nomina
2115 1878 2202 1918 quae
2216 1864 2321 1908 illum

209 1920 487 1972 Imperatorem
509 1920 814 1973 appellaverant,
847 1935 868 1960 P
882 1936 907 1961 A
924 1935 952 1961 Ν
964 1936 993 1962 Ν
1007 1936 1032 1961 o
1047 1935 1078 1961 Ν
1092 1935 1105 1961 1
1117 1935 1144 1961 A
1159 1935 1182 1960 E
1205 1923 1244 1960 ὃς
1269 1935 1295 1960 D
1309 1936 1333 1960 A
1349 1936 1372 1960 c
1386 1935 1399 1960 1
1414 1935 1439 1960 A
1453 1947 1464 1967 ‚
1494 1919 1574 1959 imo
1592 1934 1618 1959 D
1630 1933 1656 1958 A
1671 1935 1694 1960 c
1707 1933 1722 1959 1
1738 1933 1762 1959 A
1797 1933 1821 1959 P
1834 1933 1858 1959 E
1870 1934 1896 1959 L
1909 1933 1924 1959 1
1935 1933 1961 1959 x
1983 1920 2020 1960 in
2046 1919 2089 1960 iis
2114 1919 2323 1974 inscripsit,

209 1974 317 2027 quasi
335 1975 416 2014 haec
434 1987 542 2016 tanto
564 1976 802 2030 Imperatore
821 1977 1015 2030 pristinam
1037 1977 1257 2019 felicitatem
1274 1975 1548 2031 recuperaffet‚
1577 1975 1666 2016 cum
1684 1974 1783 2016 faeta
1801 1975 1855 2016 est
1877 1974 2148 2018 Romanorum
2167 1975 2324 2031 provin-⁴

211 2039 290 2076 cta,
319 2030 370 2070 de
387 2044 468 2084 quo
485 2044 650 2072 marmor
670 2031 775 2086 apud
793 2031 1030 2074 Zamofium.

457 2115 584 2155 IMP.
625 2117 797 2156 CAES.
837 2102 992 2161 Divi.
1034 2119 1312 2162 NERVAE
1347 2118 1666 2161 TRAIANO
1705 2116 2077 2159 HADRIANO

756 2169 899 2210 AVG.
937 2172 1131 2211 PONT.
1171 2175 1325 2212 MAX.
1364 2175 1497 2213 COS.
1532 2174 1621 2213 ΙΙΙ.
1659 2173 1701 2211 Ρ.
1738 2173 1780 2212 P.

360 2225 554 2268 CVIVS
591 2225 896 2265 VIRTVTE
933 2225 1145 2266 DACIA
1185 2226 1770 2275 IMPERIOVADDITA
1812 2226 2006 2267 FELIX
2046 2227 2170 2270 EST.

515 2280 577 2320 M.
616 2279 878 2320 ARRIVS.
919 2279 980 2331 Q
1012 2279 1064 2320 R.
1102 2280 1244 2319 COL.
1285 2279 1519 2321 VLPIAE
1555 2281 1728 2323 TRAI.
1764 2281 2020 2323 SARMIZ

685 2330 1011 2375 DEVOTVS.
1048 2332 1323 2376 NVMINI.
1362 2334 1508 2377 EIVS
1546 2336 1645 2377 EX.
1680 2336 1881 2378 VOTO.
1919 2337 1962 2378 P.

268 2427 352 2468 Hic
368 2440 538 2467 nummus
544 2427 663 2481 primi
681 2423 894 2477 &secundi
911 2424 1049 2465 moduli
1067 2426 1168 2466 inter
1184 2427 1344 2467 rariores
1362 2425 1571 2468 habendas.

278 3036 298 3062 Ρ
313 3034 343 3060 R
357 3034 382 3060 o
398 3034 420 3059 ν
434 3035 448 3061 1
464 3034 491 3060 N
503 3035 525 3060 c
538 3033 552 3059 1
568 3034 593 3059 A
626 3033 652 3058 D
666 3031 692 3058 A
708 3032 730 3058 c
742 3031 757 3057 1
771 3031 812 3057 A.
832 3017 870 3057 in
888 3017 970 3057 imo
993 3030 1017 3055 A
1033 3030 1073 3057 N.
1103 3029 1143 3055 v.
1164 3001 1316 3055 'Mulier
1330 3014 1455 3068 patrio
1469 3024 1608 3055 ornatu
1627 3014 1746 3060 stans,
1775 3012 1909 3055 dextra
1925 3012 2096 3068 gladium
2112 3011 2323 3062 Dacicum}

331 3076 473 3117 sinistra
491 3077 681 3120 labarum,
709 3088 781 3128 pro
798 3073 961 3128 pedibus
978 3071 1067 3113 hinc
1084 3071 1245 3126 Aquila,
1273 3070 1364 3111 inde
1381 3069 1475 3110 Leo.

277 3156 398 3198 Dacia
426 3157 447 3196 a
466 3155 649 3197 >libertate
674 3152 741 3193 sub
765 3152 947 3208 Philippo
976 3152 1042 3194 fibi
1065 3150 1236 3194 concessa
1255 3163 1377 3191 annos
1397 3159 1623 3203 computare
1639 3146 1778 3202 coepit,
1806 3151 1845 3189 &
1862 3147 1884 3187 a
1900 3147 2026 3202 primo
2041 3147 2162 3203 usque
2179 3145 2230 3188 ad
2251 3150 2327 3189 tei-4

226 3213 319 3253 tium
338 3213 531 3268 pervenit,
562 3211 628 3251 sub
649 3210 772 3250 Decio
791 3210 971 3264 quartum
989 3213 1027 3249 δε
1044 3208 1221 3264 quintum
1244 3206 1424 3261 signavit,
1452 3204 1531 3260 ipse
1553 3204 1659 3265 enim
1686 3203 1841 3265 biennio
1865 3202 2076 3265 Imperium
2100 3204 2252 3245 tantum
2267 3213 2325 3244 te-

226 3271 319 3308 nuit.
354 3270 414 3308 Dc
437 3268 592 3310 muliere
613 3266 675 3305 seu
697 3265 828 3306 Dacia:
843 3266 998 3311 Genio,
1025 3266 1065 3305 in
1083 3264 1263 3318 Philippo
1280 3263 1427 3302 dictum
1448 3262 1500 3302 est
1521 3281 1533 3308 3
1559 3259 1729 3320 gladium
1748 3259 1908 3321 quidem
1935 3270 2052 3314 gerit,
2081 3273 2197 3314 quem
2226 3261 2322 3321 ἅρπην

226 3336 338 3364 vocat
355 3325 537 3369 Clemens
561 3320 752 3361 Alexand.
769 3321 906 3364 Strom.
926 3320 990 3360 lib.
1017 3334 1049 3360 1.
1071 3323 1110 3360 ὅ(
1129 3321 1150 3361 a
1167 3318 1384 3360 Thracibus
1413 3327 1607 3372 repertum
1626 3314 1751 3357 tradit.
1794 3315 2003 3369 Dionysius
2026 3315 2134 3356 Alex.
2159 3314 2324 3359 Daciam.

226 3376 341 3419 vocat
355 3380 551 3435 ingentem
573 3377 758 3418 tellurem.
1171 3418 1180 3425 ‚

879 3434 981 3470 Δακῶν
996 3433 1021 3464 τ’
1036 3429 1179 3473 dave-r&
1193 3429 1260 3464 afa.

257 3524 260 3527 .
551 3527 553 3529 ,
873 3480 934 3521 Et
954 3479 1155 3520 Dacorum
1172 3481 1302 3534 ingens
1318 3476 1444 3517 tellm.
1722 3522 1727 3527 ⁷

230 3543 295 3593 Ad
327 3562 445 3606 quem
469 3546 596 3593 locum
622 3550 841 3593 Eustathius
866 3565 875 3590 z
904 3552 1030 3591 Aiunt
1046 3558 1251 3605 praeterea‚
1276 3546 1362 3587 illos
1387 3545 1435 3590 ὠ·
1465 3545 1606 3586 ‘Dacos
1629 3544 1715 3584 olim
1737 3545 1957 3584 intantum
1979 3541 2249 3605 auHosfhiffe,
2276 3549 2331 3583 ut

234 3623 251 3648 2
257 3623 405 3654 ooooo.
424 3607 584 3646 militum
604 3612 643 3648 in
661 3611 831 3648 exercitu
850 3605 1039 3646 haberent.
1071 3604 1209 3657 Postea
1221 3602 1309 3643 veri)
1325 3601 1527 3656 deprcffos,
1541 3599 1678 3661 eofere‘j
1688 3599 1929 3661 Perwfflffi'ae
1945 3599 2187 3660 κτᾙαηξαῃω·
2202 3597 2326 3638 obedi-

231 3674 324 3703 rent.
357 3663 463 3703 Illam
486 3663 640 3702 tandem
661 3662 895 3716 provinciam
916 3672 1188 3715 recuperavere
1205 3659 1378 3704 Barbari,
1407 3670 1525 3712 quam
1549 3655 1777 3717 Aurelianus
1795 3669 1840 3698 iis
1865 3655 2039 3709 reliquit,
2068 3654 2214 3695 civibus
2238 3653 2325 3695 Ro-

234 3719 353 3759 manis
375 3719 412 3758 in
430 3717 609 3758 Moesiam
628 3719 831 3764 transsatis,
858 3730 1022 3770 eamque
1040 3716 1200 3757 Daciam
1217 3713 1428 3768 Ripensem
1444 3711 1656 3767 appellavn.

252 3808 255 3813 ·
286 3796 369 3836 Hic
386 3794 903 3850 nummus'mediocrisfhrmae
919 3797 960 3837 in
973 3796 1155 3839 rariorum
1169 3806 1316 3836 numero
1330 3790 1583 3845 recensendus.
