2491 4219
296 807 331 832 c.
376 806 413 831 L.
445 805 472 831 1.
507 807 530 832 c
546 808 571 831 o
586 807 627 832 a.
687 791 842 832 Colonia
860 789 968 830 Laus
983 789 1100 842 Julia
1119 791 1336 832 Corinthus.
1371 789 1636 844 Bellerophon
1651 788 1852 831 decertans
1862 801 1994 832 contra
2003 791 2249 832 Chimaeram.

349 871 492 910 Cicero
504 884 574 924 pro
585 870 688 924 Lege
701 869 859 910 Manilia
870 869 1108 910 Corinthum
1129 871 1248 909 totius
1266 870 1423 909 Graeciae
1435 869 1559 908 lumen
1579 869 1766 923 appellat,
1797 869 1906 921 cujus
1920 868 2031 915 litum
2050 869 2227 910 describit
2247 871 2283 909 in
2292 870 2398 925 Lege

294 927 427 980 Agrar.
460 925 510 965 ad
527 926 625 978 Pop.
657 925 761 964 Erat
781 923 1001 978 enimpofita
1023 927 1064 963 in
1081 924 1264 978 angustiis
1283 936 1398 978 atque
1421 927 1461 964 in
1473 924 1662 978 faucibus
1675 925 1833 964 Graeciae
1846 951 1857 970 ‚
1880 924 1930 974 fic
1948 934 1992 964 ut
2010 934 2111 964 terra
2129 925 2289 977 claustra
2305 925 2399 965 loco-

291 995 376 1021 rum
393 989 534 1020 teneret
545 1007 557 1026 ‚
587 981 634 1022 ci*
651 980 724 1019 dito
736 982 857 1018 maria
875 981 1040 1018 maxime*
1055 981 1299 1033 mangonem
1315 982 1467 1029 djversa
1477 981 1584 1034 paene'
1604 980 1842 1034 conjungeret
1859 993 1942 1019 cum
1942 982 2118 1034 pertenui
2126 980 2338 1033 discrimine
2333 980 2400 1032 se-

288 1047 526 1091 pararentur.
569 1035 829 1088 Opportunus
846 1035 921 1075 loci
946 1034 1037 1074 situs
1070 1034 1205 1074 urbem
1222 1034 1261 1074 in
1281 1048 1330 1074 eo
1345 1035 1426 1088 jam
1452 1033 1604 1089 Moysis
1628 1035 1724 1075 circa
1746 1030 1922 1088 tempora
1940 1035 2138 1076 condendi
2160 1035 2401 1078 occasionem

294 1091 424 1137 dedit,
453 1103 496 1130 ut
513 1090 634 1143 liquet
642 1104 688 1129 ex
701 1089 864 1130 Eusebio
874 1090 913 1130 in
924 1089 1074 1129 Chron.
1107 1089 1313 1130 Corinthus
1328 1090 1482 1130 condita
1491 1094 1562 1138 est,
1579 1090 1776 1144 quaepriits
1788 1090 1947 1144 Ephyra
1956 1091 2167 1131 vocabatur
2177 1119 2190 1139 ‚
2216 1105 2320 1132 anno
2337 1091 2400 1132 M.

295 1150 417 1198 2486.
447 1145 683 1185 anteChrist.
715 1159 829 1197 1517.
851 1146 899 1185 ab
927 1145 1089 1199 Ephyro
1105 1145 1317 1200 Myrmecis
1344 1146 1472 1186 uxoris
1493 1145 1715 1200 Epimethei
1734 1145 1833 1192 filio,
1853 1158 1895 1186 ut
1910 1146 2108 1200 Stephano
2126 1147 2278 1188 videtur
2297 1162 2306 1186 :
2334 1146 2402 1198 sed
2478 1171 2491 1197 ς

293 1201 513 1242 Eustathius
528 1199 576 1240 ad
586 1200 693 1240 Iliad.
710 1201 752 1240 B.
765 1215 849 1255 pag.
868 1215 885 1240 2
892 1215 958 1250 90.
977 1201 1083 1240 aliter
1100 1199 1221 1242 sentit.
1254 1209 1391 1245 hamar
1407 1208 1439 1240 δέ
1450 1215 1524 1247 <pam
1542 1208 1557 1245 ἡ
1573 1206 1710 1247 Κόωιθος
1726 1206 1786 1240 mvi
1801 1209 1825 1256 ἢ,
1846 1212 1961 1252 Repu&
1976 1206 2037 1241 xm*
2056 1205 2167 1255 εφόςης
2182 1206 2251 1243 lma<
2265 1209 2401 1255 ἡξωΐνης.
2467 1202 2491 1250 ,αἶ

295 1260 465 1298 Vocatur
476 1257 585 1303 vero,
604 1258 806 1311 inquiunt,
839 1257 1064 1302 Corinthus,
1092 1270 1175 1310 quae
1191 1255 1239 1300 z&
1251 1257 1408 1311 Ephyra
1416 1258 1641 1312 abEphyra
1659 1259 1823 1313 quadam
1842 1258 2027 1299 Heroi'na.
2077 1259 2185 1300 Illam
2203 1259 2404 1301 Pausanias
2480 1260 2491 1265 ²

292 1312 445 1354 Oceani
465 1311 580 1351 filiam
597 1324 731 1357 vocat,
762 1312 851 1352 urbs
869 1311 1023 1352 tandem
1042 1311 1198 1365 Ephyra
1215 1313 1237 1352 a
1250 1313 1447 1353 Corintho
1460 1313 1706 1355 Marathonis
1720 1314 1798 1355 filio
1808 1314 1984 1355 Corinthi
1994 1327 2137 1356 nomen
2148 1315 2295 1355 habuit.
2321 1316 2404 1356 Co-

294 1369 426 1411 rintho
443 1380 573 1408 autem
593 1366 671 1406 fine
686 1367 810 1407 liberis
825 1379 1003 1414 mortuo,
1021 1367 1238 1408 Corinthus
1255 1368 1418 1422 Sisypho
1437 1369 1546 1409 AEoli
1562 1369 1640 1410 filio
1657 1368 1762 1410 cellit
1772 1397 1784 1416 ,
1815 1370 1924 1423 cujus
1941 1383 2064 1425 nepos
2082 1371 2404 1424 Bellerophontes

294 1426 348 1466 ob
366 1423 518 1479 egregia
538 1422 624 1463 belli
644 1421 814 1463 facinora
832 1424 852 1463 Ξι
870 1422 1084 1463 Corinthiis
1101 1437 1173 1476 pro
1195 1423 1284 1463 Deo
1302 1424 1454 1465 habitus
1464 1425 1519 1465 est
1529 1452 1541 1471 ,
1568 1426 1608 1464 in
1619 1426 1729 1478 cujus
1739 1425 1964 1465 memoriam
1978 1426 2064 1480 post
2077 1437 2136 1466 tot
2151 1426 2282 1466 saecula
2298 1426 2404 1467 illum

294 1492 431 1520 contra
455 1478 691 1520 Chimaeram
716 1490 928 1519 certantem
950 1479 991 1518 in
1015 1479 1183 1518 nummis
1207 1478 1403 1534 signarunt
1418 1507 1431 1526 ,
1462 1479 1490 1520 fi
1510 1481 1670 1535 quidem
1687 1481 1749 1520 ille
1765 1495 1824 1520 an.
1845 1481 1905 1521 M.
1930 1486 2047 1521 2660.
2058 1493 2147 1523 ante
2166 1481 2264 1522 Chr,
2285 1494 2402 1536 1343.

296 1536 484 1581 florebat,
512 1548 556 1576 ut
573 1534 688 1576 tradit
704 1534 913 1575 Simsonius
929 1535 969 1574 in
987 1533 1136 1574 Chron.
1156 1546 1252 1588 part.
1272 1547 1306 1573 2.
1329 1534 1393 1574 De
1409 1535 1611 1577 Chimaera
1631 1536 1790 1577 abunde
1807 1536 1954 1578 dictum
1971 1537 2036 1578 est.

349 1614 435 1655 Hic
451 1627 625 1654 nummus
630 1614 810 1667 st’cundae
827 1611 874 1657 (J
893 1612 1204 1667 minimaeformae
1219 1611 1358 1653 obvius
1373 1612 1434 1665 cst.

301 2164 345 2207 ἰζ
379 2176 398 2204 s
415 2177 439 2204 E
449 2177 474 2204 v
485 2178 509 2204 E
524 2163 571 2204 R]
599 2176 628 2204 A
640 2176 719 2205 vc.
739 2176 755 2203 1
765 2175 802 2204 M
814 2163 853 2203 Ρζ
880 2174 929 2204 v1
941 2175 956 2203 1
969 2164 1005 2202 12
1059 2161 1195 2217 Caput
1212 2161 1342 2203 Severi
1357 2160 1586 2202 laureatum:
1815 2212 1817 2214 ,

358 2235 397 2261 c.
415 2234 454 2260 L.
478 2234 507 2260 1.
527 2235 550 2260 c
563 2233 590 2260 0
603 2233 648 2260 R.
680 2218 837 2260 Colonia
858 2218 967 2259 Laus
980 2216 1100 2271 Julia
1117 2217 1336 2259 Corinthus.
1392 2215 1494 2256 Puer
1504 2215 1633 2256 nudus
1643 2211 1847 2269 Delphino
1858 2209 2065 2254 substratus
2073 2224 2218 2269 ‚prope
2226 2213 2416 2257 arborem}

359 2298 558 2339 Corinthii
572 2298 759 2352 plurimos
777 2311 959 2338 nummos
981 2297 1125 2346 Severo
1137 2294 1368 2337 dedicarunt
1376 2308 1465 2335 cum
1476 2294 1590 2336 titulo
1601 2292 1849 2348 Imperatoris
1866 2291 1950 2332 III.
1963 2290 2034 2345 ipfi
2043 2290 2096 2331 ob
2103 2290 2300 2334 Pescennii
2311 2307 2419 2335 exer·
2452 2280 2464 2343 ¹¹
2477 2298 2486 2319 ·'

306 2355 429 2396 citum
443 2355 486 2394 in
504 2353 684 2409 Bithynia
694 2353 947 2409 profligatum
964 2352 1114 2393 delato:
1130 2351 1236 2392 hunc
1249 2352 1343 2392 vero
1361 2363 1567 2390 nummum
1591 2363 1682 2389 cum
1707 2363 1763 2388 1M
1771 2363 1803 2388 ι».
1830 2361 1878 2389 VI
1891 2360 1906 2387 1
1918 2360 1951 2387 1.
1978 2346 2030 2387 ob
2053 2359 2315 2403 expugnatum
2334 2349 2430 2404 By-·
2455 2362 2461 2376 ··
2490 2382 2491 2387 ,

304 2414 480 2452 zantium
493 2409 780 2464 percusserunt,
809 2408 921 2463 quod
933 2408 1017 2462 ejus
1032 2405 1369 2462 faffifamalonge
1388 2405 1500 2446 citius
1521 2404 1569 2445 ad
1592 2403 1696 2459 ipsos
1707 2405 1826 2458 quam
1845 2403 2008 2444 aliorum
2025 2401 2114 2442 belli
2133 2402 2347 2445 facinorum
2365 2405 2420 2446 ab>
2449 2398 2464 2455 J·

304 2466 545 2520 Imperatore
563 2465 757 2507 editorum
767 2465 996 2519 pervenerit.
1055 2462 1163 2503 Cum
1185 2461 1236 2503 de
1256 2462 1461 2506 Melicerta
1477 2460 1612 2515 saepius
1624 2460 1774 2501 dietum
1792 2459 1860 2506 fit,
1887 2457 2005 2512 ipfius
2022 2468 2180 2511 etymon
2197 2459 2427 2502 examinan-'
2454 2461 2458 2466 ’

307 2522 535 2562 dumliceat.
592 2522 666 2561 Ino
679 2533 798 2562 mater
810 2519 894 2571 ejus
907 2547 919 2567 ,
946 2517 1092 2560 Cadmi
1117 2517 1191 2558 filia
1202 2545 1215 2565 ,
1247 2517 1436 2572 Agenoris
1446 2516 1546 2572 Tyri
1563 2515 1686 2571 Regis
1703 2516 1830 2570 neptis
1849 2542 1862 2562 ,
1891 2512 2071 2553 Herculis
2090 2515 2214 2568 patrui
2232 2515 2442 2557 Numinis.
2484 2531 2489 2543 “

306 2588 615 2633 cognomentum
631 2576 707 2617 filio
717 2575 894 2616 indidisse
905 2576 1073 2622 videtur,
1103 2573 1247 2628 Tyrius
1262 2574 1325 2614 ille
1342 2573 1532 2613 Hercules
1541 2571 1911 2627 Phoenicumlingua
1929 2575 2097 2619 Μέλκσιρθυς
2117 2570 2346 2618 vocabatur,
2375 2582 2420 2613 ut
2448 2568 2458 2612 ’.
2483 2588 2489 2623 ,ς

309 2633 428 2673 docet
444 2631 630 2672 Eusebius
646 2630 767 2686 Praep.
788 2630 850 2670 lib.
868 2644 900 2670 1.
929 2629 1194 2675 Melcarthus,
1214 2631 1264 2682 est
1279 2628 1406 2669 Melec
1426 2627 1599 2675 Cartha,
1619 2641 1689 2668 rex
1703 2627 1822 2674 urbis,
1890 2626 2016 2681 Qod
2035 2639 2198 2682 magnus
2215 2623 2418 2668 haberetur

308 2688 500 2729 Patronus
517 2688 680 2728 civitatis
696 2687 867 2742 ipsorum
877 2689 916 2726 &
925 2686 1094 2727 tutelaris
1105 2685 1225 2725 Deus.
1492 2706 1502 2711 s

366 2767 448 2808 Hic
465 2781 637 2808 nummus
638 2765 800 2820 secundi
817 2764 865 2810 ὠ
881 2766 1029 2807 minimi
1037 2763 1179 2805 moduli
1187 2790 1200 2811 ,
1220 2762 1244 2803 a*
1262 2762 1412 2804 Patino
1428 2762 1703 2818 vagatuspag.
1720 2760 2040 2803 282.nonobvius
2047 2760 2107 2810 est.
2460 2759 2487 2818 Ι·

323 3366 362 3395 L.
385 3367 402 3392 s
417 3366 440 3392 r,
453 3366 472 3391 τ’
487 3366 524 3393 r.
557 3363 576 3392 s
590 3365 660 3393 izv.
691 3365 713 3391 P
726 3364 748 3390 ε
764 3363 793 3389 R
810 3360 848 3388 τ.
879 3361 906 3388 Α
920 3360 996 3387 vo.
1028 3360 1043 3386 1
1055 3358 1091 3385 M
1105 3358 1138 3384 Ρ.
1174 3358 1189 3384 1
1203 3357 1218 3384 1
1231 3356 1265 3384 1.
1323 3342 1457 3398 Caput
1479 3340 1608 3381 Severi
1628 3339 1853 3380 laureatum.

378 3423 414 3448 c.
438 3422 475 3446 L.
506 3421 534 3447 1.
564 3423 588 3448 c
603 3423 627 3447 0
640 3421 682 3447 R.
741 3404 894 3446 Colonia
908 3403 1018 3443 Laus
1033 3400 1151 3454 Julia
1162 3398 1380 3454 Corinthus.
1437 3396 1650 3452 Templum
1659 3393 1871 3435 rotundum
1893 3393 1915 3433 a
1933 3391 2050 3433 latere
2061 3404 2148 3432 cum
2165 3389 2365 3444 Delphino
2379 3390 2420 3432 in

376 3476 520 3501 corona
532 3490 544 3507 ,
572 3475 661 3503 ante
675 3461 787 3515 quod
803 3471 933 3500 taurus
945 3461 982 3497 δε
992 3458 1116 3497 arbor.

378 3538 592 3591 Templum
608 3539 701 3578 illud
711 3537 922 3579 rotundum
932 3535 1146 3576 Melicertae
1155 3534 1229 3579 est,
1254 3532 1334 3585 jam
1345 3532 1429 3585 ejus
1441 3530 1559 3586 figura
1568 3530 1607 3570 in
1619 3528 1678 3569 M.
1691 3527 1837 3568 Aurelii
1859 3526 2027 3569 nummis
2042 3524 2196 3579 vulgata
2205 3523 2279 3570 est,
2306 3524 2346 3563 in
2356 3537 2420 3563 cu-

321 3596 386 3649 jus
405 3593 534 3633 medio
544 3593 620 3646 ipse
632 3594 830 3648 Delphino
842 3593 1042 3632 substratus
1054 3589 1306 3630 exhibebatur
1317 3608 1326 3633 3
1344 3588 1457 3627 arbor
1474 3586 1540 3626 illa.
1553 3584 1705 3624 videtur
1717 3582 1791 3622 ess'e
1801 3582 1933 3637 pinus,
1954 3581 2022 3621 sub
2032 3595 2108 3634 qua
2119 3579 2330 3620 Melicertae
2339 3592 2420 3618 cor-

326 3664 400 3705 pus
416 3647 465 3687 ad
481 3648 593 3686 maris
603 3647 704 3687 littus
719 3649 919 3688 inventum
930 3647 1008 3692 est3
1027 3657 1157 3685 taurus
1173 3644 1223 3684 ad
1241 3640 1463 3683 sacrificium
1481 3641 1520 3680 in
1540 3640 1618 3680 hoc
1627 3636 2081 3692 templo'perpetrandum
2090 3635 2253 3689 spectat,
2271 3631 2422 3694 fortasle

322 3706 378 3745 ob
394 3703 506 3743 ludos
522 3701 720 3742 Isthmicos
743 3705 783 3742 in
805 3703 1013 3742 Melicertae
1029 3701 1217 3740 honorem
1227 3699 1304 3738 hoc
1317 3712 1420 3738 anno
1432 3695 1642 3737 celebratos
1654 3721 1666 3740 ‚
1694 3707 1796 3747 quos
1810 3691 2014 3745 Sisyphum
2031 3689 2213 3731 Corinthi
2222 3690 2421 3750 Regemm

324 3758 479 3812 nepotis
497 3756 720 3796 memoriam
737 3757 931 3797 instituisse
951 3766 1076 3795 narrat
1092 3754 1291 3794 Pausanias
1307 3753 1369 3793 lib.
1385 3766 1422 3792 2.
1445 3750 1616 3792 Glaucus
1632 3748 1779 3802 Sisyphi
1805 3747 1849 3787 F.
1870 3747 1910 3786 in
1934 3745 2111 3800 patruelis
2128 3746 2318 3785 honorem
2339 3742 2421 3803 1llos

322 3812 568 3854 continuavit
579 3838 590 3856 ‚
622 3810 819 3864 liquidem
836 3812 940 3865 apud
961 3810 1205 3850 Clementem
1216 3804 1741 3857 notatvetusChronologus.
1772 3804 1808 3841 A
1819 3813 1930 3854 raptu
1944 3801 2184 3854 Ganymedis
2201 3800 2248 3839 ad
2267 3797 2421 3853 expedi-

328 3869 475 3908 tionem
491 3866 633 3906 Perfeci.
697 3878 758 3903 οτε
775 3878 798 3920 >9
819 3874 951 3906 raa—ome
966 3869 1016 3903 ἐπὶ
1034 3870 1200 3913 Μελικέρτῃ
1217 3867 1256 3901 πὶ
1273 3869 1392 3911 nsum
1409 3866 1513 3906 ἔθηκεν.
1580 3859 1686 3898 Anni
1705 3856 1790 3897 sunt
1809 3856 2032 3910 quindecim
2044 3884 2056 3902 ‚
2083 3856 2162 3896 imo
2189 3853 2382 3895 Corintho
2397 3852 2420 3891 ὲ

324 3923 520 3964 Romanis
535 3921 660 3961 excisi
677 3918 760 3958 ludi
775 3932 854 3957 non
872 3916 1066 3957 intermisti
1097 3916 1203 3960 sunt,
1231 3914 1296 3954 sed
1312 3914 1520 3967 Sicyoniis,
1549 3913 1691 3966 quibus
1714 3912 1899 3964 majorem
1916 3912 1994 3967 agri
2019 3922 2166 3966 partem
2191 3907 2422 3950 concesserat

327 3978 567 4021 lssummius,
597 3987 730 4014 eorum
752 3986 840 4012 cura
861 3970 1055 4011 commista
1085 3971 1150 4009 est.
1183 3969 1331 4008 Verum
1349 3968 1430 4008 haec
1447 3968 1536 4008 urbs
1552 3982 1574 4007 a
1593 3968 1641 4008 D.
1672 3967 1833 4007 Caefare‘
1851 3967 2075 4013 restaurata,
2104 3966 2318 4018 eademque
2341 3963 2421 4002 Co-

323 4033 427 4073 lonia
446 4031 562 4077 fasta,
593 4029 750 4084 pristino
766 4027 948 4067 ludorum
964 4025 1116 4064 honore
1132 4023 1307 4077 insignita
1325 4022 1379 4062 est
1386 4049 1399 4069 ,
1418 4033 1462 4062 ut
1477 4022 1592 4063 tradit
1612 4022 1814 4064 Pausanias
1831 4022 2061 4062 inCorinth.
2075 4035 2114 4074 p.
2129 4024 2192 4062 88.
2216 4032 2240 4058 0
2253 4019 2422 4085 ὂΙσθμξιιᾳξς

2337 4087 2421 4119 aym,
