2574 4214
293 173 354 225 48
1051 165 1641 216 AUGUSTUS.

344 233 436 273 Ant.
458 230 691 288 Augustinus
711 243 911 273 nummum
934 233 1025 274 huic
1053 235 1134 275 fere
1161 234 1316 274 similem
1339 234 1454 275 refert
1475 234 1572 274 Dial.
1591 248 1627 286 7.
1649 245 1738 274 cum
1757 230 1914 274 muliere
1930 230 2087 274 Pietatis
2104 233 2219 273 instar
2239 234 2361 276 velata
2370 255 2385 283 3

291 289 417 327 noster
441 300 569 327 autem
595 287 673 326 fine
698 288 785 327 velo
803 315 813 333 ‚
843 289 983 342 capillis
1001 289 1022 328 a
1039 301 1149 344 tergo
1166 290 1204 329 in
1221 290 1347 330 nodos
1365 290 1549 330 contortis
1566 304 1610 329 ac
1627 288 1782 329 dimiffis
1800 316 1810 335 ‚
1841 288 2066 344 Agrippinae
2084 289 2237 329 senioris
2256 304 2386 337 more,

291 342 358 381 etfi
380 341 483 381 rudis
504 341 670 387 fabricae,
700 340 937 394 conspicitur.
976 343 1131 384 Patinus
1149 359 1234 398 pag.
1258 350 1321 397 36.
1342 341 1459 398 ‘caput
1475 347 1585 387 ἄδηλον
1602 375 1611 387 ,
1644 344 1684 382 id
1705 344 1783 390 est,
1814 345 2000 383 incertum
2020 370 2032 390 ‚
2063 356 2176 384 vocat
2196 360 2202 383 :
2229 358 2302 385 nos
2322 346 2387 386 Li-

291 398 360 435 via:
381 397 527 436 vultum
547 396 620 436 esse
641 397 905 437 existimamus.
943 397 1102 437 Senatus
1126 399 1227 437 enim
1250 400 1380 452 primis
1399 399 1458 439 his
1479 399 1716 453 temporibus
1737 398 1833 451 juris
1858 398 1911 438 sui
1931 398 2058 438 adhuc
2076 399 2386 448 studiofissimus‚

290 451 458 490 foeminis
475 451 704 503 principibus
724 466 801 490 non
822 466 908 491 cum
928 465 1055 491 earum
1073 453 1254 497 nomine,
1282 453 1346 492 sed
1362 454 1427 493 sub
1441 453 1598 493 dearum
1619 453 1874 507 appellatione
1892 467 2073 494 nummos
2093 456 2242 495 tantiam
2263 455 2386 510 signa-

290 505 373 551 bat,
404 518 445 545 ut
455 506 479 558 J
486 507 556 544 ulia
573 505 649 557 ipsa
667 505 829 546 Tiberio
849 518 1029 562 regnante
1046 506 1112 545 sub
1125 506 1310 560 Justitiae,
1337 507 1474 548 Salutis
1496 512 1534 548 δε
1552 509 1708 550 Pietatis
1726 508 2034 550 nomenclatione
2058 509 2384 552 senatusconsulto
2428 513 2432 518 '

290 561 327 600 in
346 562 511 600 nummis
527 559 736 600 exhibetur.

341 636 424 678 Hic
444 651 615 678 nummus
631 638 829 678 mediocris
842 638 981 679 moduli
992 665 1005 686 ,
1020 637 1056 697 *a*
1074 638 1223 680 Patina
1229 649 1321 694 pag.
1343 645 1405 694 36.
1425 640 1611 696 vagatus
1620 669 1632 689 ,
1657 644 1761 683 inter
1777 644 1935 682 rariores
1951 642 2201 684 collocandus.

283 1197 299 1226 1
311 1197 347 1225 M
359 1197 393 1224 Ρ.
426 1199 448 1225 c
462 1199 488 1224 A
504 1199 526 1224 r:
541 1199 559 1225 s
576 1198 600 1223 A
614 1198 645 1225 R
676 1197 703 1224 A
719 1198 745 1224 v
757 1199 783 1224 G
798 1199 851 1226 vs
863 1199 886 1225 T
899 1198 926 1225 v
939 1198 958 1225 s
991 1199 1025 1226 Ρ.
1049 1199 1084 1227 Ρ.
1121 1187 1256 1241 Caput
1274 1186 1440 1243 Augusti
1457 1188 1680 1230 laureatum.

333 1254 371 1280 M
384 1254 421 1279 v.
454 1254 558 1302 15⁷ss
572 1254 585 1279 1
603 1254 625 1280 A
641 1254 660 1279 s
674 1254 699 1279 o
732 1253 781 1279 M.
816 1256 838 1281 c
853 1255 878 1280 A
892 1256 915 1281 E
930 1257 951 1282 c
965 1256 1029 1282 IL.
1064 1257 1153 1283 snv
1169 1258 1189 1282 E
1204 1257 1273 1283 Ro
1303 1259 1338 1284 c.
1373 1257 1387 1283 1
1401 1258 1428 1284 v
1441 1259 1479 1284 L.
1511 1258 1538 1283 A
1553 1257 1616 1299 Qv
1633 1259 1646 1285 1
1660 1259 1740 1285 No.
1772 1244 2030 1300 Mtnictpium
2047 1245 2214 1299 Yuriasb.
2242 1245 2382 1288 Marco

389 1295 540 1336 Caectlzo
556 1295 693 1335 Severo
703 1322 715 1342 ,
743 1296 837 1336 Caio
851 1296 964 1349 Julio
983 1299 1137 1353 Aquino
1158 1299 1256 1340 circa
1273 1299 1458 1340 ambitum
1472 1327 1484 1347 ‚
1516 1313 1531 1339 1
1544 1313 1572 1340 1.
1604 1315 1631 1341 v
1644 1315 1659 1341 1
1671 1315 1714 1342 R.
1743 1301 1782 1342 in
1801 1315 1976 1355 quercea.

332 1373 455 1428 Apud
473 1374 774 1437 Mediobarbum
795 1390 881 1431 pag.
909 1390 970 1437 5²:
1003 1391 1074 1431 pro
1103 1393 1219 1419 cLA.
1251 1393 1278 1419 A
1295 1393 1514 1432 ermm
1542 1393 1690 1436 repone
1720 1395 1754 1421 c.
1779 1382 1887 1421 ivi..
1914 1393 2150 1434 AQVINo,
2177 1380 2382 1423 duaeenim

279 1429 398 1470 essent
417 1428 586 1476 famihae,
614 1431 777 1469 Claudia
798 1435 835 1470 &
857 1433 1020 1486 Aquilia.

337 1485 506 1536 Turiasso
532 1486 553 1524 a
579 1485 807 1538 quibusdam
827 1487 1071 1541 scriptoribus
1087 1516 1098 1536 ,
1128 1488 1192 1529 sed
1210 1490 1249 1529 in
1266 1490 1434 1530 nummis
1455 1491 1611 1543 Turiasb
1635 1492 1690 1532 est
1706 1518 1718 1539 ,
1747 1503 1790 1533 ut
1808 1494 1846 1531 &
1861 1491 2072 1532 Ptolemaeo
2093 1491 2155 1531 lib.
2180 1505 2215 1532 2.
2238 1505 2320 1546 cap.
2342 1497 2381 1535 6.

279 1542 442 1589 τκρλιαζιὲ,
459 1554 573 1602 'nunc
594 1540 820 1602 Taruafonu.
860 1543 1064 1603 Duumviri
1082 1545 1332 1597 perhibentur
1354 1546 1412 1586 M.
1435 1547 1613 1587 Caecilius
1632 1548 1816 1595 Severus,
1846 1551 1885 1587 ὅτ
1905 1548 2025 1588 Caius
2041 1548 2168 1601 Julius
2192 1549 2384 1602 Aquinus.

278 1597 343 1637 De
363 1595 517 1635 Caectlza
537 1599 574 1634 ὃς
594 1595 707 1646 Julza
733 1608 848 1650 gente
872 1599 1018 1638 difficum
1042 1601 1107 1640 est.
1154 1601 1318 1640 Severus
1339 1616 1558 1657 cognomen
1581 1604 1601 1642 a
1622 1605 1790 1644 moribus
1809 1631 1820 1650 ‚
1849 1603 2021 1658 plurimis
2040 1604 2195 1658 vulgare
2215 1604 2280 1643 est.
2318 1603 2384 1644 De

278 1653 434 1712 Aquino
451 1650 539 1690 vide
554 1651 761 1711 Seguinum
780 1666 865 1707 pag.
885 1668 951 1703 90.
971 1656 1052 1696 edit
1084 1669 1119 1694 2.
1140 1670 1188 1695 an
1206 1657 1299 1696 vero
1317 1660 1514 1711 Aqutnum
1535 1659 1624 1698 urbs
1641 1659 1867 1701 Latinorum
1887 1660 1908 1699 ὲ
1930 1658 2104 1714 quodam
2123 1659 2240 1713 hujus
2259 1659 2386 1700 nomi-

279 1719 338 1747 nis
358 1707 457 1746 dista
474 1717 541 1744 aut
557 1705 725 1746 condita.
765 1709 924 1749 Corona
943 1724 1105 1763 quercea
1121 1712 1174 1751 ob
1191 1712 1294 1753 cives
1310 1712 1477 1754 servatos
1499 1712 1643 1769 signata
1662 1715 1725 1756 est.

334 1784 417 1824 Hic
436 1798 607 1824 nummus
613 1784 778 1837 ficundi
792 1786 932 1827 moduli
944 1788 1080 1828 obvius
1096 1789 1155 1842 cst.

278 2352 344 2383 nt
354 2354 389 2381 r.
421 2354 445 2381 c
458 2352 483 2379 A
497 2352 522 2380 11.
535 2351 554 2379 s
568 2352 595 2379 A
609 2351 642 2380 R
671 2349 700 2378 A
713 2350 742 2378 v
753 2350 780 2378 G
794 2347 821 2378 v
834 2350 852 2377 s
868 2350 893 2378 r
906 2350 934 2377 v
948 2349 966 2376 s
998 2350 1033 2377 P.
1057 2350 1089 2377 P.
1127 2335 1264 2392 Caput
1281 2335 1447 2393 Augusti
1468 2333 1696 2377 laureatum.

331 2411 369 2439 M
381 2410 421 2436 v.
452 2409 478 2435 T
492 2410 517 2435 v
531 2409 554 2435 R
572 2408 587 2434 1
602 2408 626 2434 A
641 2408 660 2433 s
674 2408 714 2433 o.
746 2408 785 2433 L.
816 2406 853 2434 M
867 2407 894 2433 A
907 2407 937 2433 R
950 2405 965 2431 1
978 2407 1017 2432 o.
1050 2408 1089 2433 L.
1119 2406 1150 2433 N
1163 2407 1189 2432 o
1204 2407 1231 2432 v
1243 2406 1257 2432 1
1269 2406 1312 2433 o.
1346 2393 1618 2447 Municipium.
1650 2388 1808 2444 Turiaso
1819 2417 1833 2439 ‚
1853 2389 1979 2432 Lucio
1990 2389 2143 2439 Mario,
2158 2388 2284 2432 Lucio
2299 2388 2385 2441 Nm}

387 2454 452 2491 vio
465 2478 477 2498 ‚
504 2451 601 2491 circa
621 2450 819 2491 ambitum.
860 2463 876 2489 1
889 2463 915 2488 1.
946 2462 973 2488 v
987 2462 1056 2488 1R.
1085 2448 1348 2495 Duumviru·‚
1375 2448 1417 2489 in
1434 2463 1610 2502 quercea.

330 2530 466 2571 Maria
489 2543 581 2586 gens
594 2556 605 2576 ,
634 2529 784 2582 plebeia
797 2555 809 2575 ‚
836 2529 898 2569 cui
923 2541 1147 2583 praenomen
1167 2527 1286 2567 Lucii
1306 2526 1462 2582 vulgare
1479 2554 1490 2573 ‚
1520 2541 1568 2567 ex
1589 2541 1666 2581 qua
1686 2526 1840 2581 plurimi
1855 2526 2023 2567 Tribuni
2041 2526 2164 2581 plebis
2180 2524 2384 2566 recensem-¹

278 2598 348 2627 tur.
390 2585 528 2626 Novia
552 2585 690 2639 pariter
712 2596 757 2624 ut
778 2584 932 2624 videtur
958 2583 1106 2638 plebeia
1125 2603 1136 2627 ·,
1168 2583 1216 2622 L.
1236 2581 1397 2623 Novius
1413 2583 1612 2623 Tribunus
1635 2583 1755 2637 plebis
1776 2583 1817 2622 P.
1838 2582 2156 2644 Clodiocollegae
2173 2581 2383 2636 plurimum

276 2641 443 2682 infensus
455 2669 466 2688 ‚
496 2656 542 2681 ex
557 2641 724 2681 Paediani
741 2640 899 2682 Comm.
917 2654 1020 2680 anno
1039 2639 1091 2679 U.
1108 2638 1157 2678 C.
1180 2643 1231 2688 69
1239 2652 1273 2690 5.
1293 2638 1442 2692 legitur.
1476 2637 1637 2679 Novius
1653 2652 1873 2694 cognomen
1891 2640 1913 2678 ὲ
1931 2651 2075 2679 novem
2090 2640 2155 2678 1eu
2171 2636 2386 2678 novenario

279 2711 438 2738 numero
456 2697 669 2737 deducitur.
689 2729 696 2736 .

332 2776 415 2816 Hic
433 2789 604 2817 nummus
615 2775 794 2827 Jecundae
809 2774 1084 2829 magnitudinis
1101 2787 1170 2814 nec
1189 2786 1301 2813 rarus
1318 2786 1385 2813 nec
1400 2772 1535 2814 obvius
1553 2772 1616 2826 est.

1117 2873 1559 2916 INCERTA.

281 3415 414 3469 Caput
434 3414 594 3469 Augusti
616 3413 690 3456 sine
709 3415 856 3462 laurea,
884 3424 973 3456 ante
993 3412 1103 3468 quod
1124 3411 1260 3457 lituus,
1291 3407 1370 3451 fine
1386 3407 1608 3465 epigraphe.

339 3485 375 3511 P.
407 3484 440 3510 s.
473 3484 504 3509 s.
538 3485 571 3509 c.
603 3485 636 3509 c.
670 3485 850 3511 LOLLI.
884 3484 931 3511 M.
963 3483 1086 3511 DOM.
1118 3482 1173 3508 11.
1205 3480 1314 3507 vm.
1345 3479 1492 3507 ITER.
1534 3462 1702 3516 Posuere
1729 3457 1895 3513 Suffi>tes
1912 3458 2230 3516 Carthaginensbs
2248 3485 2262 3506 ‚
2290 3460 2384 3501 Caio

394 3525 545 3570 Lollia,
575 3525 709 3564 Marco
726 3527 905 3565 Domitio
924 3525 1165 3565 Duumviris
1181 3524 1330 3563 iterum.
1365 3521 1507 3578 Figura
1527 3516 1697 3560 militaris
1715 3517 1862 3573 galeata
1878 3542 1891 3563 ,
1921 3515 1997 3557 basi
2015 3515 2193 3571 imposita
2211 3541 2224 3562 ,
2253 3515 2387 3557 dextra

394 3580 541 3621 hastam
554 3607 565 3626 ‚
595 3580 687 3619 laeva
702 3581 749 3619 ad
766 3582 861 3620 latus
878 3581 987 3634 supra
1003 3579 1265 3634 parazonium.

339 3659 504 3698 Plurima
526 3657 688 3711 Augusti
706 3658 928 3698 numismata
945 3659 1043 3698 inter
1059 3658 1201 3699 incerta
1219 3666 1426 3698 occurrunt
1440 3653 1666 3708 rejicienda,
1698 3665 1786 3706 quae
1802 3651 1890 3690 cum
1908 3650 2035 3705 plures
2050 3661 2170 3690 cartas
2186 3649 2236 3690 ad
2249 3661 2385 3690 eorum

287 3715 579 3768 explicationem
602 3712 676 3751 line
695 3726 830 3767 magna
851 3713 1010 3754 utilitate
1027 3714 1252 3766 implerent,
1273 3710 1608 3767 ,praetermisimus‚
1638 3708 1714 3748 hoc
1734 3707 1848 3746 unico
1865 3706 2021 3752 addito,
2051 3705 2160 3758 quod
2177 3705 2216 3744 in
2234 3705 2387 3745 urbium

287 3770 379 3810 serie
406 3770 590 3808 collocare
612 3767 699 3821 jure
722 3768 900 3820 potuisset
918 3794 929 3813 ,
957 3782 1006 3807 ne
1029 3768 1163 3820 aliquis
1182 3768 1307 3808 nimiae
1332 3766 1448 3806 nostri
1470 3765 1618 3806 fiduciae
1635 3764 1674 3802 in
1692 3764 1858 3802 nummis
1877 3761 2112 3816 explicandis
2131 3760 2387 3806 insimularet,

287 3824 380 3866 nihil
396 3824 598 3876 jubemus,
627 3823 863 3862 eruditorum
880 3823 1192 3875 Antiquariorum
1210 3823 1403 3862 sententiae
1418 3821 1751 3875 interpretationes
1767 3818 1912 3858 nostras
1931 3817 2208 3862 submittimus,
2237 3815 2328 3855 licet
2345 3814 2388 3854 in

288 3879 489 3922 uastandis
516 3893 583 3931 per
609 3878 759 3932 triginta
785 3891 906 3917 annos
930 3877 1217 3917 numismatibus
1243 3878 1411 3931 aliquam
1432 3890 1569 3919 eorum
1587 3874 1853 3930 cognitionem
1869 3886 1943 3914 nos
1963 3872 2127 3928 adeptos
2142 3885 2223 3912 non
2242 3869 2390 3911 inficias

288 3948 418 3977 eamus
437 3949 446 3974 ;
472 3933 536 3974 sed
553 3933 603 3973 ad
618 3933 767 3973 nummi
785 3931 1060 3973 enodationem
1075 3944 1320 3973 revertamur.
2239 3977 2338 4023 Nun

2341 3989 2387 4019 ΠΒ
