<?xml version="1.0" encoding="UTF-8"?>
<!DOCTYPE html PUBLIC "-//W3C//DTD XHTML 1.0 Transitional//EN"
    "http://www.w3.org/TR/xhtml1/DTD/xhtml1-transitional.dtd">
<html xmlns="http://www.w3.org/1999/xhtml" xml:lang="en" lang="en">
 <head>
  <title>
</title>
<meta http-equiv="Content-Type" content="text/html;charset=utf-8" />
  <meta name='ocr-system' content='tesseract 3.04.00' />
  <meta name='ocr-capabilities' content='ocr_page ocr_carea ocr_par ocr_line ocrx_word'/>
</head>
<body>
  <div class='ocr_page' id='page_1' title='image "./numismatareaim00foyv_0395.png"; bbox 0 0 2491 4219; ppageno 0'>
   <div class='ocr_carea' id='block_1_1' title="bbox 141 83 2250 331">
    <p class='ocr_par' dir='ltr' id='par_1_1' title="bbox 141 83 2250 331">
     <span class='ocr_line' id='line_1_1' title="bbox 733 83 2212 147; baseline -0.004 -1"><span class='ocrx_word' id='word_1_1' title='bbox 733 99 774 146; x_wconf 94' lang='lat' dir='ltr'>A</span> <span class='ocrx_word' id='word_1_2' title='bbox 800 99 848 146; x_wconf 62' lang='lat' dir='ltr'>‘·L&#39;</span> <span class='ocrx_word' id='word_1_3' title='bbox 874 95 1031 144; x_wconf 52' lang='lat' dir='ltr'>&#39;iz-x</span> <span class='ocrx_word' id='word_1_4' title='bbox 1101 92 1127 141; x_wconf 74' lang='lat' dir='ltr'>s</span> <span class='ocrx_word' id='word_1_5' title='bbox 1166 91 1200 141; x_wconf 76' lang='grc' dir='ltr'>Ε</span> <span class='ocrx_word' id='word_1_6' title='bbox 1237 83 1282 143; x_wconf 67' lang='lat' dir='ltr'>V</span> <span class='ocrx_word' id='word_1_7' title='bbox 1321 84 1594 142; x_wconf 63' lang='lat' dir='ltr'>E‘R&#39;u&#39;s.</span> <span class='ocrx_word' id='word_1_8' title='bbox 2157 112 2212 147; x_wconf 63' lang='grc' dir='ltr'><em>η</em></span> 
     </span>
     <span class='ocr_line' id='line_1_2' title="bbox 141 114 2240 217; baseline -0.008 -4"><span class='ocrx_word' id='word_1_9' title='bbox 141 185 206 215; x_wconf 85' lang='lat' dir='ltr'>1M</span> <span class='ocrx_word' id='word_1_10' title='bbox 219 185 250 210; x_wconf 79' lang='grc' dir='ltr'>Ρ.</span> <span class='ocrx_word' id='word_1_11' title='bbox 282 185 317 211; x_wconf 88' lang='lat' dir='ltr'>c.</span> <span class='ocrx_word' id='word_1_12' title='bbox 350 184 399 211; x_wconf 89' lang='lat' dir='ltr'>M.</span> <span class='ocrx_word' id='word_1_13' title='bbox 432 184 458 210; x_wconf 87' lang='lat' dir='ltr'>A</span> <span class='ocrx_word' id='word_1_14' title='bbox 471 184 512 209; x_wconf 80' lang='lat' dir='ltr'>V.</span> <span class='ocrx_word' id='word_1_15' title='bbox 546 183 573 209; x_wconf 97' lang='lat' dir='ltr'>A</span> <span class='ocrx_word' id='word_1_16' title='bbox 587 183 612 210; x_wconf 73' lang='grc' dir='ltr'>Ε</span> <span class='ocrx_word' id='word_1_17' title='bbox 624 183 648 208; x_wconf 89' lang='grc' dir='ltr'>Ε</span> <span class='ocrx_word' id='word_1_18' title='bbox 662 182 687 209; x_wconf 86' lang='lat' dir='ltr'>x</span> <span class='ocrx_word' id='word_1_19' title='bbox 701 182 727 207; x_wconf 88' lang='lat' dir='ltr'>A</span> <span class='ocrx_word' id='word_1_20' title='bbox 741 180 771 206; x_wconf 86' lang='lat' dir='ltr'>N</span> <span class='ocrx_word' id='word_1_21' title='bbox 784 181 822 206; x_wconf 88' lang='lat' dir='ltr'>D.</span> <span class='ocrx_word' id='word_1_22' title='bbox 854 179 881 205; x_wconf 90' lang='lat' dir='ltr'>A</span> <span class='ocrx_word' id='word_1_23' title='bbox 897 179 922 205; x_wconf 84' lang='lat' dir='ltr'><strong>v</strong></span> <span class='ocrx_word' id='word_1_24' title='bbox 936 179 973 204; x_wconf 80' lang='lat' dir='ltr'>G.</span> <span class='ocrx_word' id='word_1_25' title='bbox 1013 164 1148 217; x_wconf 88' lang='lat' dir='ltr'>Caput</span> <span class='ocrx_word' id='word_1_26' title='bbox 1167 163 1275 203; x_wconf 85' lang='lat' dir='ltr'><strong>Alex.</strong></span> <span class='ocrx_word' id='word_1_27' title='bbox 1292 163 1421 203; x_wconf 86' lang='lat' dir='ltr'>Severi</span> <span class='ocrx_word' id='word_1_28' title='bbox 1437 161 1659 201; x_wconf 88' lang='lat' dir='ltr'>laureatum.</span> <span class='ocrx_word' id='word_1_29' title='bbox 2221 114 2240 156; x_wconf 66' lang='lat'><em>⁵</em></span> 
     </span>
     <span class='ocr_line' id='line_1_3' title="bbox 197 213 2250 273; baseline -0.005 -6"><span class='ocrx_word' id='word_1_30' title='bbox 197 240 256 269; x_wconf 89' lang='lat' dir='ltr'>co</span> <span class='ocrx_word' id='word_1_31' title='bbox 268 241 305 266; x_wconf 87' lang='lat' dir='ltr'>L.</span> <span class='ocrx_word' id='word_1_32' title='bbox 339 240 365 265; x_wconf 86' lang='lat' dir='ltr'>A</span> <span class='ocrx_word' id='word_1_33' title='bbox 380 241 405 265; x_wconf 88' lang='lat' dir='ltr'>L</span> <span class='ocrx_word' id='word_1_34' title='bbox 420 240 441 265; x_wconf 87' lang='grc' dir='ltr'>Ε</span> <span class='ocrx_word' id='word_1_35' title='bbox 455 240 491 264; x_wconf 89' lang='lat' dir='ltr'>x.</span> <span class='ocrx_word' id='word_1_36' title='bbox 527 238 552 263; x_wconf 86' lang='lat' dir='ltr'>A</span> <span class='ocrx_word' id='word_1_37' title='bbox 567 239 594 264; x_wconf 90' lang='lat' dir='ltr'><strong>v</strong></span> <span class='ocrx_word' id='word_1_38' title='bbox 607 238 644 264; x_wconf 84' lang='lat' dir='ltr'>G.</span> <span class='ocrx_word' id='word_1_39' title='bbox 678 237 701 262; x_wconf 90' lang='lat' dir='ltr'>T</span> <span class='ocrx_word' id='word_1_40' title='bbox 716 237 746 262; x_wconf 76' lang='lat' dir='ltr'>R</span> <span class='ocrx_word' id='word_1_41' title='bbox 757 236 783 260; x_wconf 93' lang='lat' dir='ltr'>o</span> <span class='ocrx_word' id='word_1_42' title='bbox 799 235 838 260; x_wconf 86' lang='lat' dir='ltr'>A.</span> <span class='ocrx_word' id='word_1_43' title='bbox 876 220 1031 260; x_wconf 85' lang='lat' dir='ltr'>Colonia</span> <span class='ocrx_word' id='word_1_44' title='bbox 1048 220 1291 259; x_wconf 77' lang='lat' dir='ltr'><em>Alexandria</em></span> <span class='ocrx_word' id='word_1_45' title='bbox 1309 218 1482 273; x_wconf 67' lang='lat' dir='ltr'>Augusta</span> <span class='ocrx_word' id='word_1_46' title='bbox 1502 216 1542 257; x_wconf 85' lang='lat' dir='ltr'><em>T</em></span> <span class='ocrx_word' id='word_1_47' title='bbox 1536 230 1622 256; x_wconf 67' lang='lat' dir='ltr'>rods</span> <span class='ocrx_word' id='word_1_48' title='bbox 1647 214 1708 256; x_wconf 90' lang='lat' dir='ltr'>vel</span> <span class='ocrx_word' id='word_1_49' title='bbox 1727 213 1951 264; x_wconf 75' lang='lat' dir='ltr'>Troadensis.</span> <span class='ocrx_word' id='word_1_50' title='bbox 1998 215 2142 268; x_wconf 90' lang='lat' dir='ltr'>Apollo</span> <span class='ocrx_word' id='word_1_51' title='bbox 2166 230 2250 256; x_wconf 90' lang='lat' dir='ltr'>mu-</span> 
     </span>
     <span class='ocr_line' id='line_1_4' title="bbox 248 270 2248 331; baseline -0.004 -11"><span class='ocrx_word' id='word_1_52' title='bbox 248 280 356 320; x_wconf 80' lang='lat' dir='ltr'>liebri</span> <span class='ocrx_word' id='word_1_53' title='bbox 377 281 506 321; x_wconf 84' lang='lat' dir='ltr'>habitu</span> <span class='ocrx_word' id='word_1_54' title='bbox 526 280 622 319; x_wconf 87' lang='lat' dir='ltr'>stans</span> <span class='ocrx_word' id='word_1_55' title='bbox 639 279 678 318; x_wconf 90' lang='lat' dir='ltr'>in</span> <span class='ocrx_word' id='word_1_56' title='bbox 696 271 834 331; x_wconf 83' lang='lat' dir='ltr'>cippo,</span> <span class='ocrx_word' id='word_1_57' title='bbox 863 274 997 316; x_wconf 64' lang='lat' dir='ltr'>dextr-„⁴1</span> <span class='ocrx_word' id='word_1_58' title='bbox 1012 288 1202 329; x_wconf 82' lang='lat' dir='ltr'>pateram,</span> <span class='ocrx_word' id='word_1_59' title='bbox 1232 274 1324 314; x_wconf 70' lang='lat' dir='ltr'>laeva</span> <span class='ocrx_word' id='word_1_60' title='bbox 1342 286 1470 313; x_wconf 86' lang='lat' dir='ltr'>arcum</span> <span class='ocrx_word' id='word_1_61' title='bbox 1481 299 1492 319; x_wconf 91' lang='lat'>‚</span> <span class='ocrx_word' id='word_1_62' title='bbox 1523 286 1611 313; x_wconf 90' lang='lat' dir='ltr'>ante</span> <span class='ocrx_word' id='word_1_63' title='bbox 1629 284 1719 312; x_wconf 89' lang='lat' dir='ltr'>eum</span> <span class='ocrx_word' id='word_1_64' title='bbox 1735 285 1798 310; x_wconf 85' lang='lat' dir='ltr'>ara</span> <span class='ocrx_word' id='word_1_65' title='bbox 1815 271 1953 326; x_wconf 86' lang='lat' dir='ltr'>ignita,</span> <span class='ocrx_word' id='word_1_66' title='bbox 1974 270 2014 309; x_wconf 91' lang='lat' dir='ltr'>in</span> <span class='ocrx_word' id='word_1_67' title='bbox 2031 270 2109 310; x_wconf 87' lang='lat' dir='ltr'>aliis</span> <span class='ocrx_word' id='word_1_68' title='bbox 2127 272 2248 325; x_wconf 88' lang='lat' dir='ltr'>tripus</span> 
     </span>
    </p>
   </div>
   <div class='ocr_carea' id='block_1_2' title="bbox 248 334 650 388">
    <p class='ocr_par' dir='ltr' id='par_1_2' title="bbox 248 334 650 388">
     <span class='ocr_line' id='line_1_5' title="bbox 248 334 650 388; baseline -0.007 -13"><span class='ocrx_word' id='word_1_69' title='bbox 248 335 424 388; x_wconf 83' lang='lat' dir='ltr'>serpente</span> <span class='ocrx_word' id='word_1_70' title='bbox 443 334 650 374; x_wconf 85' lang='lat' dir='ltr'>involutus.</span> 
     </span>
    </p>
   </div>
   <div class='ocr_carea' id='block_1_3' title="bbox 139 404 2251 799">
    <p class='ocr_par' dir='ltr' id='par_1_3' title="bbox 139 404 2251 799">
     <span class='ocr_line' id='line_1_6' title="bbox 191 404 2246 467; baseline -0.004 -15"><span class='ocrx_word' id='word_1_71' title='bbox 191 412 318 452; x_wconf 83' lang='lat' dir='ltr'>Troas</span> <span class='ocrx_word' id='word_1_72' title='bbox 348 413 521 467; x_wconf 77' lang='lat' dir='ltr'>Phrvgiae</span> <span class='ocrx_word' id='word_1_73' title='bbox 550 411 707 450; x_wconf 81' lang='lat' dir='ltr'>minoris</span> <span class='ocrx_word' id='word_1_74' title='bbox 732 409 821 449; x_wconf 90' lang='lat' dir='ltr'>urbs</span> <span class='ocrx_word' id='word_1_75' title='bbox 840 436 851 455; x_wconf 87' lang='lat'>‚</span> <span class='ocrx_word' id='word_1_76' title='bbox 890 409 1057 450; x_wconf 87' lang='lat' dir='ltr'>Colonia</span> <span class='ocrx_word' id='word_1_77' title='bbox 1081 409 1130 448; x_wconf 89' lang='lat' dir='ltr'>ab</span> <span class='ocrx_word' id='word_1_78' title='bbox 1155 407 1331 463; x_wconf 82' lang='lat' dir='ltr'>Augusto</span> <span class='ocrx_word' id='word_1_79' title='bbox 1357 405 1524 446; x_wconf 65' lang='lat' dir='ltr'>dedusta</span> <span class='ocrx_word' id='word_1_80' title='bbox 1551 406 1606 446; x_wconf 89' lang='lat' dir='ltr'>est</span> <span class='ocrx_word' id='word_1_81' title='bbox 1622 433 1634 452; x_wconf 89' lang='lat'>,</span> <span class='ocrx_word' id='word_1_82' title='bbox 1671 415 1715 445; x_wconf 88' lang='lat' dir='ltr'>ut</span> <span class='ocrx_word' id='word_1_83' title='bbox 1737 404 1916 458; x_wconf 69' lang='lat' dir='ltr'>Augnffae</span> <span class='ocrx_word' id='word_1_84' title='bbox 1942 417 2086 444; x_wconf 89' lang='lat' dir='ltr'>nomen</span> <span class='ocrx_word' id='word_1_85' title='bbox 2110 405 2246 458; x_wconf 88' lang='lat' dir='ltr'>arguit.</span> 
     </span>
     <span class='ocr_line' id='line_1_7' title="bbox 140 458 2248 520; baseline -0.004 -12"><span class='ocrx_word' id='word_1_86' title='bbox 140 468 390 511; x_wconf 67' lang='lat' dir='ltr'>Alexandria</span> <span class='ocrx_word' id='word_1_87' title='bbox 411 458 503 507; x_wconf 46' lang='lat' dir='ltr'>uero</span> <span class='ocrx_word' id='word_1_88' title='bbox 528 466 822 520; x_wconf 84' lang='lat' dir='ltr'>appellationem</span> <span class='ocrx_word' id='word_1_89' title='bbox 846 465 965 504; x_wconf 90' lang='lat' dir='ltr'>habet</span> <span class='ocrx_word' id='word_1_90' title='bbox 981 492 992 509; x_wconf 90' lang='lat'>‚</span> <span class='ocrx_word' id='word_1_91' title='bbox 1021 464 1079 504; x_wconf 91' lang='lat' dir='ltr'>vel</span> <span class='ocrx_word' id='word_1_92' title='bbox 1096 464 1144 503; x_wconf 92' lang='lat' dir='ltr'>ab</span> <span class='ocrx_word' id='word_1_93' title='bbox 1164 461 1384 503; x_wconf 86' lang='lat' dir='ltr'>Alexandro</span> <span class='ocrx_word' id='word_1_94' title='bbox 1403 463 1576 517; x_wconf 75' lang='lat' dir='ltr'>Magno,</span> <span class='ocrx_word' id='word_1_95' title='bbox 1606 462 1627 500; x_wconf 75' lang='lat' dir='ltr'>a</span> <span class='ocrx_word' id='word_1_96' title='bbox 1644 475 1726 512; x_wconf 90' lang='lat' dir='ltr'>quo</span> <span class='ocrx_word' id='word_1_97' title='bbox 1743 473 1789 499; x_wconf 82' lang='lat' dir='ltr'>ex</span> <span class='ocrx_word' id='word_1_98' title='bbox 1809 460 1942 512; x_wconf 79' lang='lat' dir='ltr'>Trojae</span> <span class='ocrx_word' id='word_1_99' title='bbox 1965 459 2163 499; x_wconf 84' lang='lat' dir='ltr'>ruderibus</span> <span class='ocrx_word' id='word_1_100' title='bbox 2184 473 2248 499; x_wconf 86' lang='lat' dir='ltr'>ex-</span> 
     </span>
     <span class='ocr_line' id='line_1_8' title="bbox 139 514 2247 573; baseline -0.006 -7"><span class='ocrx_word' id='word_1_101' title='bbox 139 524 276 566; x_wconf 55' lang='lat' dir='ltr'>struasta</span> <span class='ocrx_word' id='word_1_102' title='bbox 296 524 349 563; x_wconf 91' lang='lat' dir='ltr'>est</span> <span class='ocrx_word' id='word_1_103' title='bbox 366 550 377 568; x_wconf 89' lang='lat'>,</span> <span class='ocrx_word' id='word_1_104' title='bbox 407 523 592 562; x_wconf 75' lang='lat' dir='ltr'>Strabone</span> <span class='ocrx_word' id='word_1_105' title='bbox 612 525 651 560; x_wconf 67' lang='grc' dir='ltr'>ὃς</span> <span class='ocrx_word' id='word_1_106' title='bbox 669 520 880 572; x_wconf 72' lang='lat' dir='ltr'>QCurtio</span> <span class='ocrx_word' id='word_1_107' title='bbox 900 519 1215 573; x_wconf 76' lang='lat' dir='ltr'>adstipulantibus</span> <span class='ocrx_word' id='word_1_108' title='bbox 1228 546 1239 564; x_wconf 90' lang='lat'>‚</span> <span class='ocrx_word' id='word_1_109' title='bbox 1269 517 1327 557; x_wconf 89' lang='lat' dir='ltr'>vel</span> <span class='ocrx_word' id='word_1_110' title='bbox 1344 518 1392 556; x_wconf 87' lang='lat' dir='ltr'>ab</span> <span class='ocrx_word' id='word_1_111' title='bbox 1413 516 1632 556; x_wconf 88' lang='lat' dir='ltr'>Alexandro</span> <span class='ocrx_word' id='word_1_112' title='bbox 1653 517 1816 561; x_wconf 84' lang='lat' dir='ltr'>Severo,</span> <span class='ocrx_word' id='word_1_113' title='bbox 1847 514 1957 568; x_wconf 92' lang='lat' dir='ltr'>quod</span> <span class='ocrx_word' id='word_1_114' title='bbox 1975 515 2183 555; x_wconf 85' lang='lat' dir='ltr'>maximum</span> <span class='ocrx_word' id='word_1_115' title='bbox 2205 515 2247 554; x_wconf 84' lang='lat' dir='ltr'>il-</span> 
     </span>
     <span class='ocr_line' id='line_1_9' title="bbox 140 569 2249 629; baseline -0.005 -9"><span class='ocrx_word' id='word_1_116' title='bbox 140 580 212 620; x_wconf 90' lang='lat' dir='ltr'>lius</span> <span class='ocrx_word' id='word_1_117' title='bbox 236 577 347 623; x_wconf 77' lang='lat' dir='ltr'>effet,</span> <span class='ocrx_word' id='word_1_118' title='bbox 378 590 420 617; x_wconf 90' lang='lat' dir='ltr'>ut</span> <span class='ocrx_word' id='word_1_119' title='bbox 443 576 646 617; x_wconf 66' lang='lat' dir='ltr'>Caracallae&#39;</span> <span class='ocrx_word' id='word_1_120' title='bbox 669 576 804 629; x_wconf 88' lang='lat' dir='ltr'>patris,</span> <span class='ocrx_word' id='word_1_121' title='bbox 833 576 871 615; x_wconf 87' lang='lat' dir='ltr'>in</span> <span class='ocrx_word' id='word_1_122' title='bbox 896 576 1000 616; x_wconf 87' lang='lat' dir='ltr'>hunc</span> <span class='ocrx_word' id='word_1_123' title='bbox 1022 576 1182 614; x_wconf 73' lang='lat' dir='ltr'>heroem</span> <span class='ocrx_word' id='word_1_124' title='bbox 1215 573 1402 617; x_wconf 87' lang='lat' dir='ltr'>studium,</span> <span class='ocrx_word' id='word_1_125' title='bbox 1431 584 1472 612; x_wconf 91' lang='lat' dir='ltr'>ut</span> <span class='ocrx_word' id='word_1_126' title='bbox 1493 572 1605 613; x_wconf 83' lang='lat' dir='ltr'>tradit</span> <span class='ocrx_word' id='word_1_127' title='bbox 1623 571 1865 624; x_wconf 83' lang='lat' dir='ltr'>Lampridius</span> <span class='ocrx_word' id='word_1_128' title='bbox 1880 571 1918 611; x_wconf 89' lang='lat' dir='ltr'>in</span> <span class='ocrx_word' id='word_1_129' title='bbox 1936 571 2020 622; x_wconf 83' lang='lat' dir='ltr'>ejus</span> <span class='ocrx_word' id='word_1_130' title='bbox 2037 571 2122 610; x_wconf 70' lang='lat' dir='ltr'>vita.</span> <span class='ocrx_word' id='word_1_131' title='bbox 2153 569 2249 610; x_wconf 90' lang='lat' dir='ltr'>Ale-</span> 
     </span>
     <span class='ocr_line' id='line_1_10' title="bbox 139 625 2246 686; baseline -0.005 -12"><span class='ocrx_word' id='word_1_132' title='bbox 139 635 330 674; x_wconf 76' lang='lat' dir='ltr'>xandrum</span> <span class='ocrx_word' id='word_1_133' title='bbox 357 631 444 671; x_wconf 68' lang='lat' dir='ltr'>vero</span> <span class='ocrx_word' id='word_1_134' title='bbox 474 632 660 686; x_wconf 69' lang='lat' dir='ltr'>Magnum</span> <span class='ocrx_word' id='word_1_135' title='bbox 679 633 778 670; x_wconf 83' lang='lat' dir='ltr'>inter</span> <span class='ocrx_word' id='word_1_136' title='bbox 795 631 932 670; x_wconf 77' lang='lat' dir='ltr'>Divos</span> <span class='ocrx_word' id='word_1_137' title='bbox 952 629 1000 673; x_wconf 65' lang='lat' dir='ltr'>c&amp;</span> <span class='ocrx_word' id='word_1_138' title='bbox 1022 631 1195 683; x_wconf 83' lang='lat' dir='ltr'>Optimos</span> <span class='ocrx_word' id='word_1_139' title='bbox 1211 631 1252 668; x_wconf 85' lang='lat' dir='ltr'>in</span> <span class='ocrx_word' id='word_1_140' title='bbox 1277 628 1442 668; x_wconf 87' lang='lat' dir='ltr'>Larario</span> <span class='ocrx_word' id='word_1_141' title='bbox 1460 629 1599 684; x_wconf 82' lang='lat' dir='ltr'>majore</span> <span class='ocrx_word' id='word_1_142' title='bbox 1618 627 1862 677; x_wconf 55' lang='lat' dir='ltr'>consi‘cravit.</span> <span class='ocrx_word' id='word_1_143' title='bbox 1904 625 2148 667; x_wconf 67' lang='lat' dir='ltr'>Troadenses</span> <span class='ocrx_word' id='word_1_144' title='bbox 2162 625 2246 678; x_wconf 84' lang='lat' dir='ltr'>plu-</span> 
     </span>
     <span class='ocr_line' id='line_1_11' title="bbox 139 679 2247 739; baseline -0.004 -10"><span class='ocrx_word' id='word_1_145' title='bbox 139 691 255 730; x_wconf 86' lang='lat' dir='ltr'>rimos</span> <span class='ocrx_word' id='word_1_146' title='bbox 283 687 501 727; x_wconf 82' lang='lat' dir='ltr'>Alexandro</span> <span class='ocrx_word' id='word_1_147' title='bbox 529 700 707 727; x_wconf 87' lang='lat' dir='ltr'>nummos</span> <span class='ocrx_word' id='word_1_148' title='bbox 735 685 995 739; x_wconf 83' lang='lat' dir='ltr'>percusserunt</span> <span class='ocrx_word' id='word_1_149' title='bbox 1013 712 1024 732; x_wconf 91' lang='lat'><strong>,</strong></span> <span class='ocrx_word' id='word_1_150' title='bbox 1062 685 1125 724; x_wconf 88' lang='lat' dir='ltr'>seu</span> <span class='ocrx_word' id='word_1_151' title='bbox 1149 684 1201 723; x_wconf 91' lang='lat' dir='ltr'>ob</span> <span class='ocrx_word' id='word_1_152' title='bbox 1223 694 1427 736; x_wconf 86' lang='lat' dir='ltr'>acceptum</span> <span class='ocrx_word' id='word_1_153' title='bbox 1449 683 1497 722; x_wconf 91' lang='lat' dir='ltr'>ab</span> <span class='ocrx_word' id='word_1_154' title='bbox 1522 697 1572 723; x_wconf 89' lang='lat' dir='ltr'>eo</span> <span class='ocrx_word' id='word_1_155' title='bbox 1593 681 1847 728; x_wconf 84' lang='lat' dir='ltr'>beneficium,</span> <span class='ocrx_word' id='word_1_156' title='bbox 1875 682 1935 723; x_wconf 92' lang='lat' dir='ltr'>vel</span> <span class='ocrx_word' id='word_1_157' title='bbox 1953 681 2006 721; x_wconf 89' lang='lat' dir='ltr'>ob</span> <span class='ocrx_word' id='word_1_158' title='bbox 2021 679 2247 721; x_wconf 85' lang='lat' dir='ltr'>confirmata</span> 
     </span>
     <span class='ocr_line' id='line_1_12' title="bbox 139 737 2251 799; baseline -0.003 -14"><span class='ocrx_word' id='word_1_159' title='bbox 139 744 304 799; x_wconf 81' lang='lat' dir='ltr'>ipsorum</span> <span class='ocrx_word' id='word_1_160' title='bbox 325 744 515 799; x_wconf 77' lang='lat' dir='ltr'>privilegia</span> <span class='ocrx_word' id='word_1_161' title='bbox 533 771 544 790; x_wconf 84' lang='lat'>‚</span> <span class='ocrx_word' id='word_1_162' title='bbox 572 744 660 782; x_wconf 74' lang='lat' dir='ltr'>cim]</span> <span class='ocrx_word' id='word_1_163' title='bbox 680 755 812 781; x_wconf 90' lang='lat' dir='ltr'>eorum</span> <span class='ocrx_word' id='word_1_164' title='bbox 833 743 964 781; x_wconf 90' lang='lat' dir='ltr'>urbem</span> <span class='ocrx_word' id='word_1_165' title='bbox 981 769 992 787; x_wconf 84' lang='lat'>,</span> <span class='ocrx_word' id='word_1_166' title='bbox 1021 740 1060 780; x_wconf 87' lang='lat' dir='ltr'>in</span> <span class='ocrx_word' id='word_1_167' title='bbox 1081 740 1225 793; x_wconf 83' lang='lat' dir='ltr'>Syriam</span> <span class='ocrx_word' id='word_1_168' title='bbox 1244 737 1486 792; x_wconf 87' lang='lat' dir='ltr'>proficiscens</span> <span class='ocrx_word' id='word_1_169' title='bbox 1502 765 1514 784; x_wconf 83' lang='lat'>,</span> <span class='ocrx_word' id='word_1_170' title='bbox 1536 739 1716 779; x_wconf 88' lang='lat' dir='ltr'>lustravit.</span> <span class='ocrx_word' id='word_1_171' title='bbox 1755 737 1899 790; x_wconf 90' lang='lat' dir='ltr'>Apollo</span> <span class='ocrx_word' id='word_1_172' title='bbox 1917 738 1954 777; x_wconf 92' lang='lat' dir='ltr'>in</span> <span class='ocrx_word' id='word_1_173' title='bbox 1971 737 2109 790; x_wconf 86' lang='lat' dir='ltr'>cippo,</span> <span class='ocrx_word' id='word_1_174' title='bbox 2141 737 2251 778; x_wconf 83' lang='lat' dir='ltr'>Deus</span> 
     </span>
    </p>
   </div>
   <div class='ocr_carea' id='block_1_4' title="bbox 139 792 2136 1061">
    <p class='ocr_par' dir='ltr' id='par_1_4' title="bbox 139 792 2136 1061">
     <span class='ocr_line' id='line_1_13' title="bbox 139 792 2136 853; baseline -0.005 -11"><span class='ocrx_word' id='word_1_175' title='bbox 139 801 194 842; x_wconf 88' lang='lat' dir='ltr'>est</span> <span class='ocrx_word' id='word_1_176' title='bbox 211 798 406 846; x_wconf 40' lang='lat' dir='ltr'>tutelarts&#39;,*</span> <span class='ocrx_word' id='word_1_177' title='bbox 427 813 544 853; x_wconf 88' lang='lat' dir='ltr'>quem</span> <span class='ocrx_word' id='word_1_178' title='bbox 561 800 598 839; x_wconf 91' lang='lat' dir='ltr'>in</span> <span class='ocrx_word' id='word_1_179' title='bbox 620 797 721 838; x_wconf 89' lang='lat' dir='ltr'>urbis</span> <span class='ocrx_word' id='word_1_180' title='bbox 738 796 938 837; x_wconf 81' lang='lat' dir='ltr'>obsidione</span> <span class='ocrx_word' id='word_1_181' title='bbox 951 796 1132 849; x_wconf 83' lang='lat' dir='ltr'>Trojanis</span> <span class='ocrx_word' id='word_1_182' title='bbox 1149 796 1315 835; x_wconf 77' lang='lat' dir='ltr'>maxime</span> <span class='ocrx_word' id='word_1_183' title='bbox 1331 793 1561 848; x_wconf 85' lang='lat' dir='ltr'>opitulatum</span> <span class='ocrx_word' id='word_1_184' title='bbox 1577 806 1701 836; x_wconf 85' lang='lat' dir='ltr'>narrat</span> <span class='ocrx_word' id='word_1_185' title='bbox 1719 793 2003 849; x_wconf 71' lang='lat' dir='ltr'>QSmyrnaeus</span> <span class='ocrx_word' id='word_1_186' title='bbox 2022 792 2080 833; x_wconf 91' lang='lat' dir='ltr'>lib.</span> <span class='ocrx_word' id='word_1_187' title='bbox 2099 806 2136 844; x_wconf 92' lang='lat'>9.</span> 
     </span>
     <span class='ocr_line' id='line_1_14' title="bbox 882 849 1363 897; baseline -0.006 -11"><span class='ocrx_word' id='word_1_188' title='bbox 882 850 1093 896; x_wconf 55' lang='lat' dir='ltr'>mreosoifdssooe</span> <span class='ocrx_word' id='word_1_189' title='bbox 1115 851 1152 892; x_wconf 54' lang='grc' dir='ltr'>Α]</span> <span class='ocrx_word' id='word_1_190' title='bbox 1175 851 1222 897; x_wconf 69' lang='lat' dir='ltr'>o&#39;c&#39;g&#39;</span> <span class='ocrx_word' id='word_1_191' title='bbox 1241 849 1363 884; x_wconf 62' lang='lat' dir='ltr'>Am&#39;Rxwv</span> 
     </span>
     <span class='ocr_line' id='line_1_15' title="bbox 653 897 1422 950; baseline -0.008 -14"><span class='ocrx_word' id='word_1_192' title='bbox 653 901 794 950; x_wconf 66' lang='grc' dir='ltr'>Αξγέαις,</span> <span class='ocrx_word' id='word_1_193' title='bbox 819 899 946 947; x_wconf 57' lang='grc' dir='ltr'>ὥρμαινε</span> <span class='ocrx_word' id='word_1_194' title='bbox 963 902 1068 941; x_wconf 61' lang='grc' dir='ltr'>βαλεῖν</span> <span class='ocrx_word' id='word_1_195' title='bbox 1085 900 1207 944; x_wconf 58' lang='lat' dir='ltr'>&amp;eqo-Or</span> <span class='ocrx_word' id='word_1_196' title='bbox 1225 897 1257 944; x_wconf 66' lang='grc' dir='ltr'>ἧν</span> <span class='ocrx_word' id='word_1_197' title='bbox 1276 901 1422 946; x_wconf 55' lang='grc' dir='ltr'>Αχλίῶη</span> 
     </span>
     <span class='ocr_line' id='line_1_16' title="bbox 879 949 1711 1002; baseline -0.002 -14"><span class='ocrx_word' id='word_1_198' title='bbox 879 949 1013 1002; x_wconf 86' lang='lat' dir='ltr'>Apollo</span> <span class='ocrx_word' id='word_1_199' title='bbox 1030 950 1159 1002; x_wconf 88' lang='lat' dir='ltr'>itaque</span> <span class='ocrx_word' id='word_1_200' title='bbox 1179 951 1305 988; x_wconf 85' lang='lat' dir='ltr'>iratus</span> <span class='ocrx_word' id='word_1_201' title='bbox 1708 963 1711 965; x_wconf 77' lang='grc'><strong><em>’</em></strong></span> 
     </span>
     <span class='ocr_line' id='line_1_17' title="bbox 651 1000 1882 1061; baseline -0.001 -16"><span class='ocrx_word' id='word_1_202' title='bbox 651 1007 817 1061; x_wconf 77' lang='lat' dir='ltr'>Argivis</span> <span class='ocrx_word' id='word_1_203' title='bbox 833 1008 1001 1045; x_wconf 71' lang='lat' dir='ltr'>animum</span> <span class='ocrx_word' id='word_1_204' title='bbox 1019 1003 1178 1043; x_wconf 80' lang='lat' dir='ltr'>induxit</span> <span class='ocrx_word' id='word_1_205' title='bbox 1196 1005 1373 1060; x_wconf 82' lang='lat' dir='ltr'>trajicere</span> <span class='ocrx_word' id='word_1_206' title='bbox 1379 1001 1550 1057; x_wconf 87' lang='lat' dir='ltr'>ferocem</span> <span class='ocrx_word' id='word_1_207' title='bbox 1565 1000 1736 1045; x_wconf 84' lang='lat' dir='ltr'>Achillis</span> <span class='ocrx_word' id='word_1_208' title='bbox 1741 1000 1882 1055; x_wconf 83' lang='lat' dir='ltr'>filium.</span> 
     </span>
    </p>
   </div>
   <div class='ocr_carea' id='block_1_5' title="bbox 140 1080 1461 1142">
    <p class='ocr_par' dir='ltr' id='par_1_5' title="bbox 140 1080 1461 1142">
     <span class='ocr_line' id='line_1_18' title="bbox 140 1080 1461 1142; baseline -0.004 -14"><span class='ocrx_word' id='word_1_209' title='bbox 140 1092 154 1114; x_wconf 40' lang='lat'>·.</span> <span class='ocrx_word' id='word_1_210' title='bbox 193 1085 275 1128; x_wconf 71' lang='lat' dir='ltr'>Hic</span> <span class='ocrx_word' id='word_1_211' title='bbox 292 1084 647 1138; x_wconf 72' lang='lat' dir='ltr'>nummusftcundae</span> <span class='ocrx_word' id='word_1_212' title='bbox 662 1085 940 1142; x_wconf 83' lang='lat' dir='ltr'>magnitudinis</span> <span class='ocrx_word' id='word_1_213' title='bbox 958 1084 1058 1123; x_wconf 87' lang='lat' dir='ltr'>inter</span> <span class='ocrx_word' id='word_1_214' title='bbox 1074 1080 1206 1137; x_wconf 75' lang='lat' dir='ltr'>obvios</span> <span class='ocrx_word' id='word_1_215' title='bbox 1222 1081 1461 1135; x_wconf 66' lang='lat' dir='ltr'>reponendas.</span> 
     </span>
    </p>
   </div>
   <div class='ocr_carea' id='block_1_6' title="bbox 1075 1198 1431 1533">
    <p class='ocr_par' dir='ltr' id='par_1_6' title="bbox 1075 1198 1431 1533">
     <span class='ocr_line' id='line_1_19' title="bbox 1075 1198 1431 1533; baseline 0 2686"><span class='ocrx_word' id='word_1_216' title='bbox 1075 1198 1431 1533; x_wconf 95' lang='lat' dir='ltr'> </span> 
     </span>
    </p>
   </div>
   <div class='ocr_carea' id='block_1_7' title="bbox 139 1612 2249 1725">
    <p class='ocr_par' dir='ltr' id='par_1_7' title="bbox 139 1612 2249 1725">
     <span class='ocr_line' id='line_1_20' title="bbox 139 1612 1566 1669; baseline -0.001 -13"><span class='ocrx_word' id='word_1_217' title='bbox 139 1630 155 1657; x_wconf 93' lang='lat'>1</span> <span class='ocrx_word' id='word_1_218' title='bbox 168 1629 213 1656; x_wconf 86' lang='lat' dir='ltr'>M.</span> <span class='ocrx_word' id='word_1_219' title='bbox 246 1629 275 1655; x_wconf 90' lang='lat' dir='ltr'>s.</span> <span class='ocrx_word' id='word_1_220' title='bbox 308 1630 334 1655; x_wconf 88' lang='lat' dir='ltr'>A</span> <span class='ocrx_word' id='word_1_221' title='bbox 351 1631 375 1655; x_wconf 84' lang='lat' dir='ltr'>L</span> <span class='ocrx_word' id='word_1_222' title='bbox 389 1629 412 1654; x_wconf 85' lang='grc' dir='ltr'>Ε</span> <span class='ocrx_word' id='word_1_223' title='bbox 425 1629 450 1654; x_wconf 84' lang='lat' dir='ltr'>x</span> <span class='ocrx_word' id='word_1_224' title='bbox 465 1628 490 1654; x_wconf 91' lang='lat' dir='ltr'>A</span> <span class='ocrx_word' id='word_1_225' title='bbox 507 1628 536 1653; x_wconf 91' lang='lat' dir='ltr'>N</span> <span class='ocrx_word' id='word_1_226' title='bbox 548 1629 574 1654; x_wconf 89' lang='lat' dir='ltr'>D</span> <span class='ocrx_word' id='word_1_227' title='bbox 585 1629 608 1654; x_wconf 99' lang='grc' dir='ltr'>Ε</span> <span class='ocrx_word' id='word_1_228' title='bbox 623 1628 666 1654; x_wconf 74' lang='lat' dir='ltr'>R.</span> <span class='ocrx_word' id='word_1_229' title='bbox 699 1628 726 1653; x_wconf 92' lang='lat' dir='ltr'>A</span> <span class='ocrx_word' id='word_1_230' title='bbox 740 1628 776 1653; x_wconf 91' lang='lat' dir='ltr'>v.</span> <span class='ocrx_word' id='word_1_231' title='bbox 816 1614 949 1669; x_wconf 85' lang='lat' dir='ltr'>Caput</span> <span class='ocrx_word' id='word_1_232' title='bbox 967 1612 1175 1653; x_wconf 82' lang='lat' dir='ltr'>Alexandri</span> <span class='ocrx_word' id='word_1_233' title='bbox 1194 1613 1324 1653; x_wconf 90' lang='lat' dir='ltr'>Severi</span> <span class='ocrx_word' id='word_1_234' title='bbox 1344 1612 1566 1654; x_wconf 84' lang='lat' dir='ltr'>laureatum.</span> 
     </span>
     <span class='ocr_line' id='line_1_21' title="bbox 194 1665 2249 1725; baseline -0 -14"><span class='ocrx_word' id='word_1_235' title='bbox 194 1686 217 1711; x_wconf 91' lang='lat' dir='ltr'>c</span> <span class='ocrx_word' id='word_1_236' title='bbox 228 1685 253 1710; x_wconf 96' lang='lat' dir='ltr'>o</span> <span class='ocrx_word' id='word_1_237' title='bbox 268 1685 304 1710; x_wconf 88' lang='lat' dir='ltr'>L.</span> <span class='ocrx_word' id='word_1_238' title='bbox 338 1685 365 1709; x_wconf 86' lang='lat' dir='ltr'>A</span> <span class='ocrx_word' id='word_1_239' title='bbox 380 1685 404 1710; x_wconf 87' lang='lat' dir='ltr'>L</span> <span class='ocrx_word' id='word_1_240' title='bbox 419 1685 454 1709; x_wconf 88' lang='grc' dir='ltr'>Ε.</span> <span class='ocrx_word' id='word_1_241' title='bbox 492 1685 513 1710; x_wconf 84' lang='lat' dir='ltr'>A</span> <span class='ocrx_word' id='word_1_242' title='bbox 530 1684 567 1709; x_wconf 90' lang='lat' dir='ltr'>v.</span> <span class='ocrx_word' id='word_1_243' title='bbox 602 1684 625 1709; x_wconf 86' lang='lat' dir='ltr'><strong>T</strong></span> <span class='ocrx_word' id='word_1_244' title='bbox 639 1683 667 1709; x_wconf 80' lang='lat' dir='ltr'>R</span> <span class='ocrx_word' id='word_1_245' title='bbox 681 1683 717 1708; x_wconf 96' lang='lat' dir='ltr'>o.</span> <span class='ocrx_word' id='word_1_246' title='bbox 748 1670 903 1710; x_wconf 82' lang='lat' dir='ltr'>Colonia</span> <span class='ocrx_word' id='word_1_247' title='bbox 919 1668 1160 1709; x_wconf 78' lang='lat' dir='ltr'>Alexandria</span> <span class='ocrx_word' id='word_1_248' title='bbox 1174 1670 1346 1725; x_wconf 77' lang='lat' dir='ltr'>Angusta</span> <span class='ocrx_word' id='word_1_249' title='bbox 1360 1668 1480 1709; x_wconf 79' lang='lat' dir='ltr'>Troas</span> <span class='ocrx_word' id='word_1_250' title='bbox 1495 1670 1556 1711; x_wconf 72' lang='lat' dir='ltr'>vel</span> <span class='ocrx_word' id='word_1_251' title='bbox 1571 1666 1802 1719; x_wconf 67' lang='lat' dir='ltr'>Troadensiae.</span> <span class='ocrx_word' id='word_1_252' title='bbox 1832 1665 2025 1723; x_wconf 85' lang='lat' dir='ltr'>Apollinis</span> <span class='ocrx_word' id='word_1_253' title='bbox 2041 1665 2190 1724; x_wconf 85' lang='lat' dir='ltr'>fignum</span> <span class='ocrx_word' id='word_1_254' title='bbox 2207 1667 2249 1710; x_wconf 86' lang='lat' dir='ltr'>in</span> 
     </span>
    </p>
   </div>
   <div class='ocr_carea' id='block_1_8' title="bbox 246 1725 1228 1780">
    <p class='ocr_par' dir='ltr' id='par_1_8' title="bbox 246 1725 1228 1780">
     <span class='ocr_line' id='line_1_22' title="bbox 246 1725 1228 1780; baseline -0.001 -15"><span class='ocrx_word' id='word_1_255' title='bbox 246 1726 364 1780; x_wconf 90' lang='lat' dir='ltr'>cippo</span> <span class='ocrx_word' id='word_1_256' title='bbox 376 1754 388 1773; x_wconf 90' lang='lat'>,</span> <span class='ocrx_word' id='word_1_257' title='bbox 417 1737 505 1766; x_wconf 87' lang='lat' dir='ltr'>ante</span> <span class='ocrx_word' id='word_1_258' title='bbox 523 1725 633 1779; x_wconf 87' lang='lat' dir='ltr'>quod</span> <span class='ocrx_word' id='word_1_259' title='bbox 651 1727 864 1780; x_wconf 82' lang='lat' dir='ltr'>Imperator</span> <span class='ocrx_word' id='word_1_260' title='bbox 879 1739 1000 1779; x_wconf 86' lang='lat' dir='ltr'>eques</span> <span class='ocrx_word' id='word_1_261' title='bbox 1013 1725 1228 1766; x_wconf 87' lang='lat' dir='ltr'>decurrens.</span> 
     </span>
    </p>
   </div>
   <div class='ocr_carea' id='block_1_9' title="bbox 132 1801 2250 2293">
    <p class='ocr_par' dir='ltr' id='par_1_9' title="bbox 132 1801 2250 2250">
     <span class='ocr_line' id='line_1_23' title="bbox 188 1801 2249 1859; baseline 0 -15"><span class='ocrx_word' id='word_1_262' title='bbox 188 1803 433 1844; x_wconf 88' lang='lat' dir='ltr'>Troadenses</span> <span class='ocrx_word' id='word_1_263' title='bbox 452 1803 657 1843; x_wconf 78' lang='lat' dir='ltr'>Alexandri</span> <span class='ocrx_word' id='word_1_264' title='bbox 675 1804 802 1844; x_wconf 87' lang='lat' dir='ltr'>Severi</span> <span class='ocrx_word' id='word_1_265' title='bbox 821 1803 989 1859; x_wconf 81' lang='lat' dir='ltr'>effigiem</span> <span class='ocrx_word' id='word_1_266' title='bbox 1011 1804 1064 1845; x_wconf 93' lang='lat' dir='ltr'>ob</span> <span class='ocrx_word' id='word_1_267' title='bbox 1080 1804 1196 1859; x_wconf 87' lang='lat' dir='ltr'>ipfius</span> <span class='ocrx_word' id='word_1_268' title='bbox 1212 1805 1250 1844; x_wconf 92' lang='lat' dir='ltr'>in</span> <span class='ocrx_word' id='word_1_269' title='bbox 1271 1804 1375 1844; x_wconf 88' lang='lat' dir='ltr'>suam</span> <span class='ocrx_word' id='word_1_270' title='bbox 1395 1804 1532 1845; x_wconf 90' lang='lat' dir='ltr'>urbem</span> <span class='ocrx_word' id='word_1_271' title='bbox 1549 1805 1760 1845; x_wconf 85' lang='lat' dir='ltr'>adventum</span> <span class='ocrx_word' id='word_1_272' title='bbox 1780 1804 1819 1843; x_wconf 91' lang='lat' dir='ltr'>in</span> <span class='ocrx_word' id='word_1_273' title='bbox 1839 1803 2007 1844; x_wconf 88' lang='lat' dir='ltr'>nummis</span> <span class='ocrx_word' id='word_1_274' title='bbox 2025 1801 2249 1858; x_wconf 76' lang='lat' dir='ltr'>consignare</span> 
     </span>
     <span class='ocr_line' id='line_1_24' title="bbox 134 1859 2248 1915; baseline -0.001 -14"><span class='ocrx_word' id='word_1_275' title='bbox 134 1859 369 1905; x_wconf 85' lang='lat' dir='ltr'>voluerunt·,</span> <span class='ocrx_word' id='word_1_276' title='bbox 406 1859 466 1898; x_wconf 90' lang='lat' dir='ltr'>ille</span> <span class='ocrx_word' id='word_1_277' title='bbox 496 1860 600 1898; x_wconf 87' lang='lat' dir='ltr'>enim</span> <span class='ocrx_word' id='word_1_278' title='bbox 631 1859 893 1900; x_wconf 86' lang='lat' dir='ltr'>Alexandrum</span> <span class='ocrx_word' id='word_1_279' title='bbox 931 1861 1123 1915; x_wconf 89' lang='lat' dir='ltr'>Magnum</span> <span class='ocrx_word' id='word_1_280' title='bbox 1152 1861 1320 1901; x_wconf 87' lang='lat' dir='ltr'>imitatus</span> <span class='ocrx_word' id='word_1_281' title='bbox 1343 1860 1426 1907; x_wconf 85' lang='lat' dir='ltr'>est,</span> <span class='ocrx_word' id='word_1_282' title='bbox 1466 1861 1535 1914; x_wconf 92' lang='lat' dir='ltr'>qui</span> <span class='ocrx_word' id='word_1_283' title='bbox 1562 1873 1695 1901; x_wconf 88' lang='lat' dir='ltr'>contra</span> <span class='ocrx_word' id='word_1_284' title='bbox 1729 1859 1858 1900; x_wconf 87' lang='lat' dir='ltr'>Persas</span> <span class='ocrx_word' id='word_1_285' title='bbox 1886 1859 2026 1900; x_wconf 89' lang='lat' dir='ltr'>bellum</span> <span class='ocrx_word' id='word_1_286' title='bbox 2051 1859 2248 1913; x_wconf 83' lang='lat' dir='ltr'>gesturus,</span> 
     </span>
     <span class='ocr_line' id='line_1_25' title="bbox 134 1914 2247 1968; baseline -0.001 -12"><span class='ocrx_word' id='word_1_287' title='bbox 134 1916 296 1968; x_wconf 87' lang='lat' dir='ltr'>Trojam</span> <span class='ocrx_word' id='word_1_288' title='bbox 321 1928 392 1967; x_wconf 88' lang='lat' dir='ltr'>pro</span> <span class='ocrx_word' id='word_1_289' title='bbox 420 1914 601 1954; x_wconf 85' lang='lat' dir='ltr'>sacrificio</span> <span class='ocrx_word' id='word_1_290' title='bbox 625 1915 885 1968; x_wconf 88' lang='lat' dir='ltr'>perpetrando</span> <span class='ocrx_word' id='word_1_291' title='bbox 910 1916 1088 1956; x_wconf 90' lang='lat' dir='ltr'>ascendit.</span> <span class='ocrx_word' id='word_1_292' title='bbox 1133 1916 1352 1956; x_wconf 89' lang='lat' dir='ltr'>Decurrens</span> <span class='ocrx_word' id='word_1_293' title='bbox 1366 1916 1405 1955; x_wconf 92' lang='lat' dir='ltr'>in</span> <span class='ocrx_word' id='word_1_294' title='bbox 1423 1930 1585 1957; x_wconf 89' lang='lat' dir='ltr'>nummo</span> <span class='ocrx_word' id='word_1_295' title='bbox 1602 1916 1807 1957; x_wconf 88' lang='lat' dir='ltr'>exhibetur</span> <span class='ocrx_word' id='word_1_296' title='bbox 1823 1914 1933 1955; x_wconf 90' lang='lat' dir='ltr'>Alex.</span> <span class='ocrx_word' id='word_1_297' title='bbox 1953 1915 2133 1961; x_wconf 87' lang='lat' dir='ltr'>Severus,</span> <span class='ocrx_word' id='word_1_298' title='bbox 2161 1926 2247 1955; x_wconf 86' lang='lat' dir='ltr'>tan-</span> 
     </span>
     <span class='ocr_line' id='line_1_26' title="bbox 133 1970 2246 2027; baseline -0 -17"><span class='ocrx_word' id='word_1_299' title='bbox 133 1984 252 2027; x_wconf 88' lang='lat' dir='ltr'>quam</span> <span class='ocrx_word' id='word_1_300' title='bbox 276 1970 325 2009; x_wconf 88' lang='lat' dir='ltr'>ad</span> <span class='ocrx_word' id='word_1_301' title='bbox 353 1970 642 2023; x_wconf 86' lang='lat' dir='ltr'>expeditionem</span> <span class='ocrx_word' id='word_1_302' title='bbox 667 1970 854 2011; x_wconf 85' lang='lat' dir='ltr'>Perficam</span> <span class='ocrx_word' id='word_1_303' title='bbox 883 1985 1093 2026; x_wconf 88' lang='lat' dir='ltr'>properans</span> <span class='ocrx_word' id='word_1_304' title='bbox 1110 1999 1123 2018; x_wconf 88' lang='lat'>‚</span> <span class='ocrx_word' id='word_1_305' title='bbox 1162 1984 1205 2012; x_wconf 90' lang='lat' dir='ltr'>ut</span> <span class='ocrx_word' id='word_1_306' title='bbox 1232 1971 1357 2012; x_wconf 91' lang='lat' dir='ltr'>innuit</span> <span class='ocrx_word' id='word_1_307' title='bbox 1380 1971 1629 2013; x_wconf 86' lang='lat' dir='ltr'>Herodianus</span> <span class='ocrx_word' id='word_1_308' title='bbox 1649 1972 1688 2012; x_wconf 90' lang='lat' dir='ltr'>in</span> <span class='ocrx_word' id='word_1_309' title='bbox 1705 1974 1789 2024; x_wconf 77' lang='lat' dir='ltr'>ejus</span> <span class='ocrx_word' id='word_1_310' title='bbox 1808 1971 1886 2011; x_wconf 90' lang='lat' dir='ltr'>vita</span> <span class='ocrx_word' id='word_1_311' title='bbox 1906 1970 1968 2010; x_wconf 94' lang='lat' dir='ltr'>lib.</span> <span class='ocrx_word' id='word_1_312' title='bbox 1990 1978 2026 2011; x_wconf 90' lang='lat'>6.</span> <span class='ocrx_word' id='word_1_313' title='bbox 2046 1984 2132 2024; x_wconf 86' lang='lat' dir='ltr'>pag.</span> <span class='ocrx_word' id='word_1_314' title='bbox 2158 1983 2246 2021; x_wconf 88' lang='lat'>579.</span> 
     </span>
     <span class='ocr_line' id='line_1_27' title="bbox 135 2026 2247 2079; baseline -0.001 -11"><span class='ocrx_word' id='word_1_315' title='bbox 135 2031 224 2069; x_wconf 62' lang='lat' dir='ltr'>Meni</span> <span class='ocrx_word' id='word_1_316' title='bbox 238 2034 338 2069; x_wconf 65' lang='grc' dir='ltr'>πωλῆς</span> <span class='ocrx_word' id='word_1_317' title='bbox 355 2031 387 2064; x_wconf 69' lang='grc' dir='ltr'>δὲ</span> <span class='ocrx_word' id='word_1_318' title='bbox 404 2032 512 2067; x_wconf 53' lang='lat' dir='ltr'>aaa-&gt;solim</span> <span class='ocrx_word' id='word_1_319' title='bbox 526 2029 714 2074; x_wconf 55' lang='grc' dir='ltr'>παιηπὶμᾏκος</span> <span class='ocrx_word' id='word_1_320' title='bbox 729 2028 782 2064; x_wconf 58' lang='lat' dir='ltr'>vim*</span> <span class='ocrx_word' id='word_1_321' title='bbox 799 2031 915 2077; x_wconf 70' lang='lat' dir='ltr'>nopeiow</span> <span class='ocrx_word' id='word_1_322' title='bbox 932 2034 994 2065; x_wconf 66' lang='grc' dir='ltr'>ὅτε.</span> <span class='ocrx_word' id='word_1_323' title='bbox 1020 2034 1058 2067; x_wconf 72' lang='grc' dir='ltr'>εἰς</span> <span class='ocrx_word' id='word_1_324' title='bbox 1075 2029 1129 2065; x_wconf 57' lang='lat' dir='ltr'>orla&gt;</span> <span class='ocrx_word' id='word_1_325' title='bbox 1144 2030 1314 2077; x_wconf 73' lang='grc' dir='ltr'>Ανπόχειοω</span> <span class='ocrx_word' id='word_1_326' title='bbox 1330 2033 1464 2073; x_wconf 78' lang='grc' dir='ltr'>οἰφίκετο.</span> <span class='ocrx_word' id='word_1_327' title='bbox 1495 2026 1874 2079; x_wconf 69' lang='lat' dir='ltr'>C&#39;aeteritmfhstinato</span> <span class='ocrx_word' id='word_1_328' title='bbox 1895 2028 2033 2066; x_wconf 75' lang='lat' dir='ltr'>itinere</span> <span class='ocrx_word' id='word_1_329' title='bbox 2054 2028 2127 2066; x_wconf 85' lang='lat' dir='ltr'>&amp;C.</span> <span class='ocrx_word' id='word_1_330' title='bbox 2155 2027 2247 2065; x_wconf 76' lang='lat' dir='ltr'>An-</span> 
     </span>
     <span class='ocr_line' id='line_1_28' title="bbox 133 2081 2250 2139; baseline -0.003 -11"><span class='ocrx_word' id='word_1_331' title='bbox 133 2086 315 2128; x_wconf 79' lang='lat' dir='ltr'>tiochiam</span> <span class='ocrx_word' id='word_1_332' title='bbox 337 2084 539 2124; x_wconf 81' lang='lat' dir='ltr'>contendit.</span> <span class='ocrx_word' id='word_1_333' title='bbox 584 2085 728 2138; x_wconf 87' lang='lat' dir='ltr'>Apollo</span> <span class='ocrx_word' id='word_1_334' title='bbox 746 2086 784 2124; x_wconf 87' lang='lat' dir='ltr'>in</span> <span class='ocrx_word' id='word_1_335' title='bbox 805 2086 923 2139; x_wconf 80' lang='lat' dir='ltr'>cippo</span> <span class='ocrx_word' id='word_1_336' title='bbox 941 2113 952 2131; x_wconf 89' lang='lat'>,</span> <span class='ocrx_word' id='word_1_337' title='bbox 983 2099 1062 2126; x_wconf 92' lang='lat' dir='ltr'>non</span> <span class='ocrx_word' id='word_1_338' title='bbox 1084 2095 1214 2125; x_wconf 87' lang='lat' dir='ltr'>autem</span> <span class='ocrx_word' id='word_1_339' title='bbox 1237 2085 1361 2125; x_wconf 90' lang='lat' dir='ltr'>Diana</span> <span class='ocrx_word' id='word_1_340' title='bbox 1380 2112 1392 2131; x_wconf 89' lang='lat'>‚</span> <span class='ocrx_word' id='word_1_341' title='bbox 1423 2095 1466 2125; x_wconf 90' lang='lat' dir='ltr'>ut</span> <span class='ocrx_word' id='word_1_342' title='bbox 1481 2095 1593 2137; x_wconf 91' lang='lat' dir='ltr'>putat</span> <span class='ocrx_word' id='word_1_343' title='bbox 1613 2083 1771 2123; x_wconf 89' lang='lat' dir='ltr'>Patinus</span> <span class='ocrx_word' id='word_1_344' title='bbox 1789 2108 1801 2128; x_wconf 86' lang='lat'>‚</span> <span class='ocrx_word' id='word_1_345' title='bbox 1835 2081 1939 2122; x_wconf 91' lang='lat' dir='ltr'>Alex.</span> <span class='ocrx_word' id='word_1_346' title='bbox 1959 2081 2144 2121; x_wconf 85' lang='lat' dir='ltr'>Severum</span> <span class='ocrx_word' id='word_1_347' title='bbox 2159 2093 2250 2122; x_wconf 82' lang='lat' dir='ltr'>ante</span> 
     </span>
     <span class='ocr_line' id='line_1_29' title="bbox 132 2136 2250 2197; baseline -0.001 -14"><span class='ocrx_word' id='word_1_348' title='bbox 132 2142 248 2197; x_wconf 83' lang='lat' dir='ltr'>ipfius</span> <span class='ocrx_word' id='word_1_349' title='bbox 268 2141 413 2196; x_wconf 78' lang='lat' dir='ltr'>[ignum</span> <span class='ocrx_word' id='word_1_350' title='bbox 435 2151 618 2193; x_wconf 86' lang='lat' dir='ltr'>tanquam</span> <span class='ocrx_word' id='word_1_351' title='bbox 634 2141 733 2180; x_wconf 86' lang='lat' dir='ltr'>urbis</span> <span class='ocrx_word' id='word_1_352' title='bbox 752 2141 902 2180; x_wconf 85' lang='lat' dir='ltr'>tutelari</span> <span class='ocrx_word' id='word_1_353' title='bbox 920 2141 1010 2180; x_wconf 89' lang='lat' dir='ltr'>Deo</span> <span class='ocrx_word' id='word_1_354' title='bbox 1025 2140 1123 2179; x_wconf 71' lang='lat' dir='ltr'>sacra</span> <span class='ocrx_word' id='word_1_355' title='bbox 1136 2139 1264 2180; x_wconf 79' lang='lat' dir='ltr'>feeisse</span> <span class='ocrx_word' id='word_1_356' title='bbox 1282 2140 1455 2180; x_wconf 84' lang='lat' dir='ltr'>denotat.</span> <span class='ocrx_word' id='word_1_357' title='bbox 1493 2138 1642 2192; x_wconf 87' lang='lat' dir='ltr'>Apollo</span> <span class='ocrx_word' id='word_1_358' title='bbox 1657 2148 1788 2179; x_wconf 85' lang='lat' dir='ltr'>autem</span> <span class='ocrx_word' id='word_1_359' title='bbox 1803 2144 1894 2179; x_wconf 86' lang='lat' dir='ltr'>cum</span> <span class='ocrx_word' id='word_1_360' title='bbox 1910 2136 2107 2194; x_wconf 80' lang='lat' dir='ltr'>Neptuno</span> <span class='ocrx_word' id='word_1_361' title='bbox 2115 2136 2250 2193; x_wconf 78' lang='lat' dir='ltr'>Trojae</span> 
     </span>
     <span class='ocr_line' id='line_1_30' title="bbox 133 2194 1365 2250; baseline -0.004 -12"><span class='ocrx_word' id='word_1_362' title='bbox 133 2197 279 2243; x_wconf 61' lang='lat' dir='ltr'>moenia&gt;</span> <span class='ocrx_word' id='word_1_363' title='bbox 295 2194 533 2244; x_wconf 79' lang='lat' dir='ltr'>confecerat,</span> <span class='ocrx_word' id='word_1_364' title='bbox 563 2205 606 2234; x_wconf 92' lang='lat' dir='ltr'>ut</span> <span class='ocrx_word' id='word_1_365' title='bbox 624 2194 747 2235; x_wconf 74' lang='lat' dir='ltr'>ass&#39;erit</span> <span class='ocrx_word' id='word_1_366' title='bbox 766 2194 975 2249; x_wconf 67' lang='lat' dir='ltr'>Dionysius</span> <span class='ocrx_word' id='word_1_367' title='bbox 994 2194 1139 2250; x_wconf 88' lang='lat' dir='ltr'>Perieg.</span> <span class='ocrx_word' id='word_1_368' title='bbox 1161 2194 1254 2235; x_wconf 75' lang='lat' dir='ltr'>vers</span> <span class='ocrx_word' id='word_1_369' title='bbox 1275 2195 1365 2247; x_wconf 91' lang='lat'>817.</span> 
     </span>
    </p>

    <p class='ocr_par' dir='ltr' id='par_1_10' title="bbox 177 2247 1316 2293">
     <span class='ocr_line' id='line_1_31' title="bbox 177 2247 1316 2293; baseline 0.01 -20"><span class='ocrx_word' id='word_1_370' title='bbox 177 2255 190 2271; x_wconf 64' lang='lat'>2·-</span> <span class='ocrx_word' id='word_1_371' title='bbox 252 2274 254 2277; x_wconf 76' lang='grc'><strong>,</strong></span> <span class='ocrx_word' id='word_1_372' title='bbox 313 2247 320 2273; x_wconf 96' lang='grc'>’.</span> <span class='ocrx_word' id='word_1_373' title='bbox 361 2250 379 2275; x_wconf 68' lang='grc' dir='ltr'>,ἓ</span> <span class='ocrx_word' id='word_1_374' title='bbox 469 2253 485 2269; x_wconf 78' lang='grc'><strong>”</strong></span> <span class='ocrx_word' id='word_1_375' title='bbox 624 2256 699 2285; x_wconf 74' lang='grc' dir='ltr'>Ιλιον</span> <span class='ocrx_word' id='word_1_376' title='bbox 714 2249 755 2284; x_wconf 63' lang='lat' dir='ltr'>lii)</span> <span class='ocrx_word' id='word_1_377' title='bbox 772 2249 907 2285; x_wconf 63' lang='grc' dir='ltr'>ἐπόλιοεε</span> <span class='ocrx_word' id='word_1_378' title='bbox 924 2249 1090 2284; x_wconf 60' lang='grc' dir='ltr'>Ποσειδάων</span> <span class='ocrx_word' id='word_1_379' title='bbox 1106 2249 1154 2293; x_wconf 54' lang='grc' dir='ltr'>(ᾳ),</span> <span class='ocrx_word' id='word_1_380' title='bbox 1172 2250 1316 2285; x_wconf 59' lang='grc' dir='ltr'>Απᾶηκων.</span> 
     </span>
    </p>
   </div>
   <div class='ocr_carea' id='block_1_10' title="bbox 619 2296 1657 2355">
    <p class='ocr_par' dir='ltr' id='par_1_11' title="bbox 619 2296 1657 2355">
     <span class='ocr_line' id='line_1_32' title="bbox 619 2296 1657 2355; baseline -0.001 -16"><span class='ocrx_word' id='word_1_381' title='bbox 619 2299 775 2355; x_wconf 84' lang='lat' dir='ltr'>Trojam</span> <span class='ocrx_word' id='word_1_382' title='bbox 785 2326 796 2345; x_wconf 90' lang='lat'>‚</span> <span class='ocrx_word' id='word_1_383' title='bbox 824 2312 937 2354; x_wconf 81' lang='lat' dir='ltr'>quam</span> <span class='ocrx_word' id='word_1_384' title='bbox 956 2299 1204 2339; x_wconf 86' lang='lat' dir='ltr'>condiderunt</span> <span class='ocrx_word' id='word_1_385' title='bbox 1220 2298 1429 2353; x_wconf 61' lang='lat' dir='ltr'>Neptunus</span> <span class='ocrx_word' id='word_1_386' title='bbox 1443 2296 1492 2342; x_wconf 67' lang='grc' dir='ltr'>ὠ·</span> <span class='ocrx_word' id='word_1_387' title='bbox 1507 2297 1657 2353; x_wconf 85' lang='lat' dir='ltr'>Apollo.</span> 
     </span>
    </p>
   </div>
   <div class='ocr_carea' id='block_1_11' title="bbox 156 2374 1705 2441">
    <p class='ocr_par' dir='ltr' id='par_1_12' title="bbox 156 2374 1705 2441">
     <span class='ocr_line' id='line_1_33' title="bbox 156 2374 1705 2441; baseline -0.005 -11"><span class='ocrx_word' id='word_1_388' title='bbox 156 2374 275 2434; x_wconf 60' lang='lat' dir='ltr'>&#39;J&#39;Hic¹</span> <span class='ocrx_word' id='word_1_389' title='bbox 290 2376 471 2428; x_wconf 75' lang='lat' dir='ltr'>nnmmas&#39;</span> <span class='ocrx_word' id='word_1_390' title='bbox 478 2387 626 2428; x_wconf 85' lang='lat' dir='ltr'>minimi</span> <span class='ocrx_word' id='word_1_391' title='bbox 644 2384 784 2427; x_wconf 81' lang='lat' dir='ltr'>moduli</span> <span class='ocrx_word' id='word_1_392' title='bbox 799 2383 823 2424; x_wconf 77' lang='lat' dir='ltr'>a</span> <span class='ocrx_word' id='word_1_393' title='bbox 841 2384 990 2426; x_wconf 83' lang='lat' dir='ltr'>Patino</span> <span class='ocrx_word' id='word_1_394' title='bbox 1006 2384 1191 2440; x_wconf 80' lang='lat' dir='ltr'>volgatus</span> <span class='ocrx_word' id='word_1_395' title='bbox 1203 2395 1291 2441; x_wconf 86' lang='lat' dir='ltr'>pag.</span> <span class='ocrx_word' id='word_1_396' title='bbox 1312 2398 1404 2439; x_wconf 82' lang='lat'>349.</span> <span class='ocrx_word' id='word_1_397' title='bbox 1424 2384 1628 2437; x_wconf 74' lang='lat' dir='ltr'>rarffmus</span> <span class='ocrx_word' id='word_1_398' title='bbox 1645 2383 1705 2436; x_wconf 71' lang='lat' dir='ltr'>est.</span> 
     </span>
    </p>
   </div>
   <div class='ocr_carea' id='block_1_12' title="bbox 1079 2483 1429 2833">
    <p class='ocr_par' dir='ltr' id='par_1_13' title="bbox 1079 2483 1429 2833">
     <span class='ocr_line' id='line_1_34' title="bbox 1079 2483 1429 2833; baseline 0 1386"><span class='ocrx_word' id='word_1_399' title='bbox 1079 2483 1429 2833; x_wconf 95' lang='lat' dir='ltr'> </span> 
     </span>
    </p>
   </div>
   <div class='ocr_carea' id='block_1_13' title="bbox 165 2888 2245 3029">
    <p class='ocr_par' dir='ltr' id='par_1_14' title="bbox 165 2888 2245 3029">
     <span class='ocr_line' id='line_1_35' title="bbox 165 2888 2245 2970; baseline -0 -10"><span class='ocrx_word' id='word_1_400' title='bbox 165 2890 248 2964; x_wconf 25' lang='lat' dir='ltr'>..c-o</span> <span class='ocrx_word' id='word_1_401' title='bbox 261 2900 300 2959; x_wconf 76' lang='lat'>1..</span> <span class='ocrx_word' id='word_1_402' title='bbox 332 2888 400 2958; x_wconf 38' lang='lat' dir='ltr'>AL</span> <span class='ocrx_word' id='word_1_403' title='bbox 411 2901 465 2957; x_wconf 87' lang='grc' dir='ltr'>Ε.</span> <span class='ocrx_word' id='word_1_404' title='bbox 483 2930 508 2956; x_wconf 80' lang='lat' dir='ltr'>A</span> <span class='ocrx_word' id='word_1_405' title='bbox 524 2930 562 2956; x_wconf 87' lang='lat' dir='ltr'>v.</span> <span class='ocrx_word' id='word_1_406' title='bbox 594 2929 617 2957; x_wconf 83' lang='grc' dir='ltr'>τ</span> <span class='ocrx_word' id='word_1_407' title='bbox 633 2929 662 2956; x_wconf 79' lang='lat' dir='ltr'>R</span> <span class='ocrx_word' id='word_1_408' title='bbox 675 2928 714 2955; x_wconf 89' lang='lat' dir='ltr'>o.</span> <span class='ocrx_word' id='word_1_409' title='bbox 743 2915 899 2957; x_wconf 86' lang='lat' dir='ltr'>Colonia</span> <span class='ocrx_word' id='word_1_410' title='bbox 916 2913 1162 2957; x_wconf 81' lang='lat' dir='ltr'>Alexandria</span> <span class='ocrx_word' id='word_1_411' title='bbox 1177 2913 1351 2970; x_wconf 85' lang='lat' dir='ltr'>Augusta</span> <span class='ocrx_word' id='word_1_412' title='bbox 1368 2912 1503 2954; x_wconf 74' lang='lat' dir='ltr'>Troas.</span> <span class='ocrx_word' id='word_1_413' title='bbox 1541 2913 1689 2969; x_wconf 91' lang='lat' dir='ltr'>Apollo</span> <span class='ocrx_word' id='word_1_414' title='bbox 1699 2914 1744 2954; x_wconf 62' lang='lat' dir='ltr'>&gt;in</span> <span class='ocrx_word' id='word_1_415' title='bbox 1762 2914 1910 2969; x_wconf 88' lang='lat' dir='ltr'>templo</span> <span class='ocrx_word' id='word_1_416' title='bbox 1925 2913 2086 2969; x_wconf 85' lang='lat' dir='ltr'>distylo‚</span> <span class='ocrx_word' id='word_1_417' title='bbox 2110 2915 2245 2959; x_wconf 74' lang='lat' dir='ltr'>dextra</span> 
     </span>
     <span class='ocr_line' id='line_1_36' title="bbox 242 2973 720 3029; baseline -0.006 -15"><span class='ocrx_word' id='word_1_418' title='bbox 242 2985 412 3029; x_wconf 87' lang='lat' dir='ltr'>pateram</span> <span class='ocrx_word' id='word_1_419' title='bbox 429 3001 441 3020; x_wconf 88' lang='lat'>,</span> <span class='ocrx_word' id='word_1_420' title='bbox 469 2973 562 3013; x_wconf 69' lang='lat' dir='ltr'>laevzi</span> <span class='ocrx_word' id='word_1_421' title='bbox 579 2985 720 3012; x_wconf 90' lang='lat' dir='ltr'>arcum.</span> 
     </span>
    </p>
   </div>
   <div class='ocr_carea' id='block_1_14' title="bbox 128 3048 2241 3272">
    <p class='ocr_par' dir='ltr' id='par_1_15' title="bbox 128 3048 2241 3272">
     <span class='ocr_line' id='line_1_37' title="bbox 168 3048 2241 3106; baseline 0 -13"><span class='ocrx_word' id='word_1_422' title='bbox 168 3053 267 3102; x_wconf 60' lang='lat' dir='ltr'>rHiC</span> <span class='ocrx_word' id='word_1_423' title='bbox 282 3066 462 3099; x_wconf 81' lang='lat' dir='ltr'>nummus</span> <span class='ocrx_word' id='word_1_424' title='bbox 475 3051 672 3105; x_wconf 63' lang='lat' dir='ltr'>‘Apollinis</span> <span class='ocrx_word' id='word_1_425' title='bbox 697 3050 883 3106; x_wconf 88' lang='lat' dir='ltr'>templum</span> <span class='ocrx_word' id='word_1_426' title='bbox 907 3048 1064 3091; x_wconf 85' lang='lat' dir='ltr'>exhibet</span> <span class='ocrx_word' id='word_1_427' title='bbox 1077 3076 1090 3097; x_wconf 86' lang='lat'>‚</span> <span class='ocrx_word' id='word_1_428' title='bbox 1117 3049 1228 3102; x_wconf 91' lang='lat' dir='ltr'>cujus</span> <span class='ocrx_word' id='word_1_429' title='bbox 1250 3059 1331 3090; x_wconf 90' lang='lat' dir='ltr'>erat</span> <span class='ocrx_word' id='word_1_430' title='bbox 1353 3049 1523 3090; x_wconf 90' lang='lat' dir='ltr'>summus</span> <span class='ocrx_word' id='word_1_431' title='bbox 1537 3048 1643 3104; x_wconf 86' lang='lat' dir='ltr'>apud</span> <span class='ocrx_word' id='word_1_432' title='bbox 1660 3048 1859 3102; x_wconf 87' lang='lat' dir='ltr'>Trojanos</span> <span class='ocrx_word' id='word_1_433' title='bbox 1874 3050 2028 3097; x_wconf 81' lang='lat' dir='ltr'>cultus;</span> <span class='ocrx_word' id='word_1_434' title='bbox 2055 3049 2117 3091; x_wconf 91' lang='lat' dir='ltr'>ille</span> <span class='ocrx_word' id='word_1_435' title='bbox 2135 3051 2241 3094; x_wconf 90' lang='lat' dir='ltr'>enim</span> 
     </span>
     <span class='ocr_line' id='line_1_38' title="bbox 131 3104 2240 3162; baseline 0 -13"><span class='ocrx_word' id='word_1_436' title='bbox 131 3110 273 3150; x_wconf 82' lang='lat' dir='ltr'>moenia</span> <span class='ocrx_word' id='word_1_437' title='bbox 292 3109 465 3162; x_wconf 68' lang='lat' dir='ltr'>antiquae‘</span> <span class='ocrx_word' id='word_1_438' title='bbox 476 3108 578 3147; x_wconf 90' lang='lat' dir='ltr'>urbis</span> <span class='ocrx_word' id='word_1_439' title='bbox 596 3121 685 3147; x_wconf 89' lang='lat' dir='ltr'>cum</span> <span class='ocrx_word' id='word_1_440' title='bbox 703 3108 895 3162; x_wconf 90' lang='lat' dir='ltr'>Neptuno</span> <span class='ocrx_word' id='word_1_441' title='bbox 910 3106 1085 3147; x_wconf 84' lang='lat' dir='ltr'>extruxit.</span> <span class='ocrx_word' id='word_1_442' title='bbox 1121 3104 1318 3158; x_wconf 86' lang='lat' dir='ltr'>Trojanos</span> <span class='ocrx_word' id='word_1_443' title='bbox 1338 3106 1375 3145; x_wconf 93' lang='lat' dir='ltr'>in</span> <span class='ocrx_word' id='word_1_444' title='bbox 1393 3105 1597 3146; x_wconf 83' lang='lat' dir='ltr'>obfidione</span> <span class='ocrx_word' id='word_1_445' title='bbox 1614 3105 1819 3160; x_wconf 82' lang='lat' dir='ltr'>plurimum</span> <span class='ocrx_word' id='word_1_446' title='bbox 1837 3105 2007 3159; x_wconf 89' lang='lat' dir='ltr'>adjuvit,</span> <span class='ocrx_word' id='word_1_447' title='bbox 2036 3107 2183 3160; x_wconf 87' lang='lat' dir='ltr'>pestem</span> <span class='ocrx_word' id='word_1_448' title='bbox 2198 3109 2240 3150; x_wconf 90' lang='lat' dir='ltr'>in</span> 
     </span>
     <span class='ocr_line' id='line_1_39' title="bbox 129 3160 2237 3216; baseline 0 -11"><span class='ocrx_word' id='word_1_449' title='bbox 129 3165 357 3205; x_wconf 82' lang='lat' dir='ltr'>Graecorum</span> <span class='ocrx_word' id='word_1_450' title='bbox 383 3164 591 3204; x_wconf 87' lang='lat' dir='ltr'>exercitum</span> <span class='ocrx_word' id='word_1_451' title='bbox 614 3163 768 3203; x_wconf 85' lang='lat' dir='ltr'>immifit</span> <span class='ocrx_word' id='word_1_452' title='bbox 785 3189 796 3209; x_wconf 86' lang='lat'>‚</span> <span class='ocrx_word' id='word_1_453' title='bbox 826 3162 1041 3202; x_wconf 65' lang='lat' dir='ltr'>He&amp;orem</span> <span class='ocrx_word' id='word_1_454' title='bbox 1067 3160 1206 3200; x_wconf 58' lang='lat' dir='ltr'>nebuld</span> <span class='ocrx_word' id='word_1_455' title='bbox 1228 3173 1454 3202; x_wconf 87' lang='lat' dir='ltr'>contextum</span> <span class='ocrx_word' id='word_1_456' title='bbox 1477 3161 1617 3201; x_wconf 87' lang='lat' dir='ltr'>Achilli</span> <span class='ocrx_word' id='word_1_457' title='bbox 1642 3160 1842 3216; x_wconf 84' lang='lat' dir='ltr'>surripuit,</span> <span class='ocrx_word' id='word_1_458' title='bbox 1870 3161 2029 3201; x_wconf 88' lang='lat' dir='ltr'>Achillis</span> <span class='ocrx_word' id='word_1_459' title='bbox 2053 3161 2090 3202; x_wconf 91' lang='lat' dir='ltr'>se</span> <span class='ocrx_word' id='word_1_460' title='bbox 2113 3162 2237 3205; x_wconf 91' lang='lat' dir='ltr'>solum</span> 
     </span>
     <span class='ocr_line' id='line_1_40' title="bbox 128 3215 2236 3272; baseline 0 -12"><span class='ocrx_word' id='word_1_461' title='bbox 128 3222 262 3261; x_wconf 90' lang='lat' dir='ltr'>urbem</span> <span class='ocrx_word' id='word_1_462' title='bbox 278 3218 508 3272; x_wconf 77' lang='lat' dir='ltr'>expugnasse</span> <span class='ocrx_word' id='word_1_463' title='bbox 521 3219 697 3270; x_wconf 57' lang='lat' dir='ltr'>&gt;iraelantis</span> <span class='ocrx_word' id='word_1_464' title='bbox 713 3218 830 3258; x_wconf 84' lang='lat' dir='ltr'>talum</span> <span class='ocrx_word' id='word_1_465' title='bbox 847 3217 977 3272; x_wconf 51' lang='lat' dir='ltr'>sagitt&amp;</span> <span class='ocrx_word' id='word_1_466' title='bbox 995 3243 1007 3262; x_wconf 88' lang='lat'>,</span> <span class='ocrx_word' id='word_1_467' title='bbox 1034 3216 1101 3255; x_wconf 90' lang='lat' dir='ltr'>sub</span> <span class='ocrx_word' id='word_1_468' title='bbox 1119 3216 1260 3257; x_wconf 89' lang='lat' dir='ltr'>Paridis</span> <span class='ocrx_word' id='word_1_469' title='bbox 1278 3217 1402 3257; x_wconf 88' lang='lat' dir='ltr'>forma</span> <span class='ocrx_word' id='word_1_470' title='bbox 1417 3245 1430 3263; x_wconf 90' lang='lat'>,</span> <span class='ocrx_word' id='word_1_471' title='bbox 1458 3215 1638 3270; x_wconf 78' lang='lat' dir='ltr'>percussit</span> <span class='ocrx_word' id='word_1_472' title='bbox 1653 3243 1666 3263; x_wconf 88' lang='lat'><strong><em>,</em></strong></span> <span class='ocrx_word' id='word_1_473' title='bbox 1695 3221 1734 3257; x_wconf 69' lang='grc' dir='ltr'>ὃς</span> <span class='ocrx_word' id='word_1_474' title='bbox 1753 3231 1843 3258; x_wconf 88' lang='lat' dir='ltr'>eum</span> <span class='ocrx_word' id='word_1_475' title='bbox 1860 3215 2027 3264; x_wconf 88' lang='lat' dir='ltr'>occidit,</span> <span class='ocrx_word' id='word_1_476' title='bbox 2054 3217 2166 3260; x_wconf 86' lang='lat' dir='ltr'>tristis</span> <span class='ocrx_word' id='word_1_477' title='bbox 2183 3219 2236 3263; x_wconf 88' lang='lat' dir='ltr'>de</span> 
     </span>
    </p>
   </div>
   <div class='ocr_carea' id='block_1_15' title="bbox 124 3271 2231 3600">
    <p class='ocr_par' dir='ltr' id='par_1_16' title="bbox 127 3271 1516 3329">
     <span class='ocr_line' id='line_1_41' title="bbox 127 3271 1516 3329; baseline -0.003 -13"><span class='ocrx_word' id='word_1_478' title='bbox 127 3275 258 3329; x_wconf 80' lang='lat' dir='ltr'>Trojae</span> <span class='ocrx_word' id='word_1_479' title='bbox 277 3273 426 3315; x_wconf 82' lang='lat' dir='ltr'>obsidio</span> <span class='ocrx_word' id='word_1_480' title='bbox 445 3273 665 3327; x_wconf 87' lang='lat' dir='ltr'>depingitur</span> <span class='ocrx_word' id='word_1_481' title='bbox 682 3274 703 3312; x_wconf 73' lang='lat' dir='ltr'>a</span> <span class='ocrx_word' id='word_1_482' title='bbox 719 3272 1002 3326; x_wconf 85' lang='lat' dir='ltr'>Tryphiodoro</span> <span class='ocrx_word' id='word_1_483' title='bbox 1021 3271 1070 3311; x_wconf 88' lang='lat' dir='ltr'>dc</span> <span class='ocrx_word' id='word_1_484' title='bbox 1089 3271 1147 3311; x_wconf 92' lang='lat' dir='ltr'>Ilii</span> <span class='ocrx_word' id='word_1_485' title='bbox 1165 3272 1297 3313; x_wconf 89' lang='lat' dir='ltr'>Excid.</span> <span class='ocrx_word' id='word_1_486' title='bbox 1317 3272 1408 3313; x_wconf 88' lang='lat' dir='ltr'>vers.</span> <span class='ocrx_word' id='word_1_487' title='bbox 1422 3278 1516 3325; x_wconf 88' lang='lat'>467.</span> 
     </span>
    </p>

    <p class='ocr_par' dir='ltr' id='par_1_17' title="bbox 573 3325 1345 3374">
     <span class='ocr_line' id='line_1_42' title="bbox 573 3325 1345 3374; baseline -0.001 -13"><span class='ocrx_word' id='word_1_488' title='bbox 573 3326 731 3373; x_wconf 57' lang='lat' dir='ltr'>Ayvv&#39;pssuoe</span> <span class='ocrx_word' id='word_1_489' title='bbox 745 3328 885 3374; x_wconf 58' lang='grc' dir='ltr'>μεγαὶλοις</span> <span class='ocrx_word' id='word_1_490' title='bbox 901 3332 947 3361; x_wconf 78' lang='grc' dir='ltr'>ἐπὶ</span> <span class='ocrx_word' id='word_1_491' title='bbox 961 3325 1072 3372; x_wconf 62' lang='grc' dir='ltr'>τείχεσ-ι</span> <span class='ocrx_word' id='word_1_492' title='bbox 1089 3329 1188 3364; x_wconf 65' lang='grc' dir='ltr'><em>Φοῖὲος</em></span> <span class='ocrx_word' id='word_1_493' title='bbox 1203 3327 1345 3362; x_wconf 60' lang='grc' dir='ltr'>Λπὶὶλων.</span> 
     </span>
    </p>

    <p class='ocr_par' dir='ltr' id='par_1_18' title="bbox 124 3376 2231 3600">
     <span class='ocr_line' id='line_1_43' title="bbox 568 3376 2172 3432; baseline -0.001 -16"><span class='ocrx_word' id='word_1_494' title='bbox 568 3377 738 3416; x_wconf 70' lang='lat' dir='ltr'><em>‘Phoebus</em></span> <span class='ocrx_word' id='word_1_495' title='bbox 756 3376 911 3429; x_wconf 79' lang='lat' dir='ltr'>Apollo,</span> <span class='ocrx_word' id='word_1_496' title='bbox 941 3376 1114 3423; x_wconf 75' lang='lat' dir='ltr'>trislatus</span> <span class='ocrx_word' id='word_1_497' title='bbox 1124 3386 1280 3431; x_wconf 85' lang='lat' dir='ltr'>propter</span> <span class='ocrx_word' id='word_1_498' title='bbox 1296 3377 1430 3417; x_wconf 84' lang='lat' dir='ltr'>moenia</span> <span class='ocrx_word' id='word_1_499' title='bbox 1450 3376 1707 3432; x_wconf 86' lang='lat' dir='ltr'>Trojanorum.</span> <span class='ocrx_word' id='word_1_500' title='bbox 2122 3424 2124 3426; x_wconf 21' lang='grc' dir='ltr'>Ι</span> <span class='ocrx_word' id='word_1_501' title='bbox 2162 3414 2172 3425; x_wconf 82' lang='grc'><strong><em>,</em></strong></span> 
     </span>
     <span class='ocr_line' id='line_1_44' title="bbox 126 3430 2231 3490; baseline 0 -15"><span class='ocrx_word' id='word_1_502' title='bbox 126 3434 273 3490; x_wconf 90' lang='lat' dir='ltr'>Apollo</span> <span class='ocrx_word' id='word_1_503' title='bbox 293 3434 417 3474; x_wconf 62' lang='lat' dir='ltr'>dietus</span> <span class='ocrx_word' id='word_1_504' title='bbox 433 3432 487 3473; x_wconf 89' lang='lat' dir='ltr'>est</span> <span class='ocrx_word' id='word_1_505' title='bbox 511 3435 571 3470; x_wconf 63' lang='lat' dir='ltr'>Son?</span> <span class='ocrx_word' id='word_1_506' title='bbox 588 3435 609 3474; x_wconf 62' lang='lat'>{5</span> <span class='ocrx_word' id='word_1_507' title='bbox 623 3434 752 3475; x_wconf 59' lang='grc' dir='ltr'>πώλων,</span> <span class='ocrx_word' id='word_1_508' title='bbox 780 3432 857 3471; x_wconf 92' lang='lat' dir='ltr'>hoc</span> <span class='ocrx_word' id='word_1_509' title='bbox 873 3431 926 3471; x_wconf 87' lang='lat' dir='ltr'>est</span> <span class='ocrx_word' id='word_1_510' title='bbox 944 3431 965 3469; x_wconf 76' lang='lat' dir='ltr'>a</span> <span class='ocrx_word' id='word_1_511' title='bbox 981 3430 1190 3482; x_wconf 87' lang='lat' dir='ltr'>jaculando</span> <span class='ocrx_word' id='word_1_512' title='bbox 1205 3432 1352 3478; x_wconf 86' lang='lat' dir='ltr'>radios,</span> <span class='ocrx_word' id='word_1_513' title='bbox 1379 3431 1472 3472; x_wconf 87' lang='lat' dir='ltr'>ideo</span> <span class='ocrx_word' id='word_1_514' title='bbox 1487 3447 1616 3472; x_wconf 88' lang='lat' dir='ltr'>arcum</span> <span class='ocrx_word' id='word_1_515' title='bbox 1632 3432 1728 3488; x_wconf 86' lang='lat' dir='ltr'>gerit</span> <span class='ocrx_word' id='word_1_516' title='bbox 1744 3457 1756 3476; x_wconf 86' lang='lat'>,</span> <span class='ocrx_word' id='word_1_517' title='bbox 1783 3431 1893 3484; x_wconf 91' lang='lat' dir='ltr'>quod</span> <span class='ocrx_word' id='word_1_518' title='bbox 1909 3431 2035 3473; x_wconf 89' lang='lat' dir='ltr'>innuit</span> <span class='ocrx_word' id='word_1_519' title='bbox 2049 3431 2231 3476; x_wconf 52' lang='lat' dir='ltr'>Phornuss</span> 
     </span>
     <span class='ocr_line' id='line_1_45' title="bbox 125 3485 2228 3542; baseline -0.001 -10"><span class='ocrx_word' id='word_1_520' title='bbox 125 3503 187 3533; x_wconf 89' lang='lat' dir='ltr'>tus</span> <span class='ocrx_word' id='word_1_521' title='bbox 203 3491 252 3531; x_wconf 89' lang='lat' dir='ltr'>de</span> <span class='ocrx_word' id='word_1_522' title='bbox 270 3490 362 3529; x_wconf 84' lang='lat' dir='ltr'>Nat.</span> <span class='ocrx_word' id='word_1_523' title='bbox 380 3489 497 3528; x_wconf 89' lang='lat' dir='ltr'>Deor.</span> <span class='ocrx_word' id='word_1_524' title='bbox 527 3487 729 3540; x_wconf 78' lang='lat' dir='ltr'>Apellatur</span> <span class='ocrx_word' id='word_1_525' title='bbox 745 3486 812 3526; x_wconf 87' lang='lat' dir='ltr'>Sol</span> <span class='ocrx_word' id='word_1_526' title='bbox 821 3486 977 3540; x_wconf 82' lang='lat' dir='ltr'>Apollo,&#39;</span> <span class='ocrx_word' id='word_1_527' title='bbox 1003 3499 1050 3525; x_wconf 90' lang='lat' dir='ltr'>ac</span> <span class='ocrx_word' id='word_1_528' title='bbox 1061 3485 1178 3526; x_wconf 86' lang='lat' dir='ltr'>Luna</span> <span class='ocrx_word' id='word_1_529' title='bbox 1190 3488 1331 3527; x_wconf 84' lang='lat' dir='ltr'>‘Diana</span> <span class='ocrx_word' id='word_1_530' title='bbox 1342 3513 1354 3532; x_wconf 87' lang='lat'><em>,</em></span> <span class='ocrx_word' id='word_1_531' title='bbox 1373 3496 1489 3542; x_wconf 70' lang='lat' dir='ltr'>atque</span> <span class='ocrx_word' id='word_1_532' title='bbox 1505 3488 1549 3527; x_wconf 85' lang='lat' dir='ltr'>ob</span> <span class='ocrx_word' id='word_1_533' title='bbox 1567 3487 1613 3527; x_wconf 88' lang='lat' dir='ltr'>id</span> <span class='ocrx_word' id='word_1_534' title='bbox 1625 3487 1751 3526; x_wconf 75' lang='lat' dir='ltr'>ambos</span> <span class='ocrx_word' id='word_1_535' title='bbox 1769 3485 2014 3541; x_wconf 79' lang='lat' dir='ltr'>Sagittiferos</span> <span class='ocrx_word' id='word_1_536' title='bbox 2028 3490 2228 3537; x_wconf 80' lang='lat' dir='ltr'>inducunt,</span> 
     </span>
     <span class='ocr_line' id='line_1_46' title="bbox 124 3541 2228 3600; baseline 0.001 -14"><span class='ocrx_word' id='word_1_537' title='bbox 124 3547 272 3600; x_wconf 83' lang='lat' dir='ltr'>longum</span> <span class='ocrx_word' id='word_1_538' title='bbox 291 3547 398 3584; x_wconf 81' lang='lat' dir='ltr'>illum</span> <span class='ocrx_word' id='word_1_539' title='bbox 414 3542 602 3583; x_wconf 82' lang='lat' dir='ltr'>radiorum</span> <span class='ocrx_word' id='word_1_540' title='bbox 605 3543 761 3598; x_wconf 65' lang='lat' dir='ltr'>saltum</span> <span class='ocrx_word' id='word_1_541' title='bbox 778 3541 1044 3597; x_wconf 85' lang='lat' dir='ltr'>quodammodo</span> <span class='ocrx_word' id='word_1_542' title='bbox 1059 3541 1336 3583; x_wconf 86' lang='lat' dir='ltr'>adumbrantes.</span> <span class='ocrx_word' id='word_1_543' title='bbox 1377 3542 1524 3596; x_wconf 90' lang='lat' dir='ltr'>Apollo</span> <span class='ocrx_word' id='word_1_544' title='bbox 1542 3542 1761 3596; x_wconf 89' lang='lat' dir='ltr'>Pythonem</span> <span class='ocrx_word' id='word_1_545' title='bbox 1778 3541 1991 3598; x_wconf 89' lang='lat' dir='ltr'>serpentem</span> <span class='ocrx_word' id='word_1_546' title='bbox 2012 3544 2090 3587; x_wconf 89' lang='lat' dir='ltr'>telo</span> <span class='ocrx_word' id='word_1_547' title='bbox 2109 3559 2155 3586; x_wconf 86' lang='lat' dir='ltr'>ex</span> <span class='ocrx_word' id='word_1_548' title='bbox 2170 3559 2228 3598; x_wconf 58' lang='lat' dir='ltr'>at-⁴</span> 
     </span>
    </p>
   </div>
   <div class='ocr_carea' id='block_1_16' title="bbox 125 3599 1673 3738">
    <p class='ocr_par' dir='ltr' id='par_1_19' title="bbox 125 3599 1673 3738">
     <span class='ocr_line' id='line_1_47' title="bbox 125 3599 491 3644; baseline -0.016 0"><span class='ocrx_word' id='word_1_549' title='bbox 125 3616 173 3644; x_wconf 94' lang='lat' dir='ltr'>cu</span> <span class='ocrx_word' id='word_1_550' title='bbox 190 3600 322 3640; x_wconf 76' lang='lat' dir='ltr'>emiss&#39;o</span> <span class='ocrx_word' id='word_1_551' title='bbox 337 3599 491 3640; x_wconf 87' lang='lat' dir='ltr'>occidit.</span> 
     </span>
     <span class='ocr_line' id='line_1_48' title="bbox 178 3674 1673 3738; baseline -0.001 -20"><span class='ocrx_word' id='word_1_552' title='bbox 178 3678 266 3723; x_wconf 78' lang='lat' dir='ltr'>Hic</span> <span class='ocrx_word' id='word_1_553' title='bbox 284 3677 495 3738; x_wconf 69' lang='lat' dir='ltr'>nummulus</span> <span class='ocrx_word' id='word_1_554' title='bbox 506 3700 521 3724; x_wconf 77' lang='grc'>,</span> <span class='ocrx_word' id='word_1_555' title='bbox 546 3676 570 3716; x_wconf 75' lang='grc' dir='ltr'><em>ὰ</em></span> <span class='ocrx_word' id='word_1_556' title='bbox 587 3675 738 3719; x_wconf 75' lang='lat' dir='ltr'>Patina</span> <span class='ocrx_word' id='word_1_557' title='bbox 754 3674 937 3730; x_wconf 68' lang='lat' dir='ltr'>vulgatus</span> <span class='ocrx_word' id='word_1_558' title='bbox 948 3679 1037 3732; x_wconf 80' lang='lat' dir='ltr'>pag.</span> <span class='ocrx_word' id='word_1_559' title='bbox 1056 3687 1144 3730; x_wconf 82' lang='lat'>349.</span> <span class='ocrx_word' id='word_1_560' title='bbox 1164 3676 1265 3717; x_wconf 87' lang='lat' dir='ltr'>inter</span> <span class='ocrx_word' id='word_1_561' title='bbox 1279 3675 1466 3731; x_wconf 62' lang='lat' dir='ltr'>elegantes</span> <span class='ocrx_word' id='word_1_562' title='bbox 1481 3675 1673 3717; x_wconf 86' lang='lat' dir='ltr'>locandus.</span> 
     </span>
    </p>
   </div>
   <div class='ocr_carea' id='block_1_17' title="bbox 1406 3926 1500 3981">
    <p class='ocr_par' dir='ltr' id='par_1_20' title="bbox 1406 3926 1500 3981">
     <span class='ocr_line' id='line_1_49' title="bbox 1406 3926 1500 3981; baseline -0.021 0"><span class='ocrx_word' id='word_1_563' title='bbox 1406 3926 1500 3981; x_wconf 83' lang='lat' dir='ltr'>Q3</span> 
     </span>
    </p>
   </div>
  </div>
 </body>
</html>
