2574 4214
352 190 449 256 198*

343 881 359 907 1
373 880 409 908 M
421 880 457 907 P.
487 879 526 906 L.
560 879 588 905 A
603 879 630 906 v
644 878 673 905 R
687 879 709 904 r:
723 878 762 904 L.
795 877 822 905 v
836 879 858 903 E
871 877 901 905 R
915 877 940 905 v
953 875 971 904 s
1008 876 1035 902 A
1051 877 1076 903 v
1090 877 1129 904 G.
1169 863 1301 918 Caput
1318 862 1362 903 L.
1379 863 1476 905 Veri
1493 862 1716 904 laureatum.

400 938 427 963 A
442 938 465 963 E
478 937 514 963 L.
545 936 582 962 M
596 936 622 962 v
636 934 666 961 N
679 934 694 960 1
706 935 728 960 c
742 934 757 960 1
770 934 804 961 P.
839 935 862 961 c
874 935 900 960 o
914 934 936 959 ε
949 934 987 960 L.
1024 919 1212 966 QAElium
1224 920 1483 974 Municipium
1499 918 1771 960 Coellutanum.
1809 917 1920 974 Lupa
1935 931 2023 960 cum
2041 919 2220 974 puerulis.

397 1001 541 1043 Coellu
565 1001 610 1040 N
613 999 767 1040 umidiae
792 998 996 1041 littoralem
1017 999 1152 1040 urbem
1170 998 1378 1052 Municipii
1402 997 1628 1054 dignitatem
1652 998 1704 1039 ob
1720 1012 1863 1039 nornen
1885 998 2071 1044 QAElium
2093 999 2142 1039 ab
2162 997 2364 1040 Hadriano
2377 997 2451 1055 ips!

343 1057 568 1112 impolitum
588 1055 791 1096 obtinuisse
803 1080 817 1102 ‚·
844 1056 884 1095 in
900 1055 984 1107 ejus
1001 1057 1169 1096 nummis
1186 1054 1360 1095 diximus.
1399 1055 1622 1096 Coellutani
1637 1055 1682 1094 L.
1702 1054 1810 1095 Vero
1825 1053 2057 1110 gratulantes
2069 1081 2081 1101 ‚
2110 1053 2220 1108 quOd
2238 1053 2347 1095 AElio
2360 1055 2449 1096 Cae-

343 1113 423 1154 sare
441 1114 523 1166 ejus
540 1124 646 1165 patre
664 1111 714 1150 ad
731 1110 940 1166 Imperium
959 1111 980 1150 a
998 1110 1204 1152 fundatore
1230 1110 1298 1151 suo
1316 1109 1515 1166 defignato
1532 1138 1544 1158 ‚
1572 1113 1610 1149 ὃς
1626 1111 1666 1150 in
1682 1108 1841 1164 ipsamet
1865 1110 2077 1163 adoptione
2095 1121 2250 1150 mortuo
2267 1109 2346 1165 ipse
2365 1120 2449 1151 tan-

340 1170 433 1210 dem
456 1183 525 1222 per
550 1167 705 1207 alteram
729 1165 984 1222 adoptionem
1009 1167 1057 1207 ad
1083 1167 1238 1222 Imperii
1260 1167 1481 1208 societatem
1506 1166 1676 1212 venerit,
1705 1179 1885 1206 nummos
1905 1165 1992 1206 suos
2006 1166 2041 1206 ei
2058 1165 2294 1206 dedicarunt.
2335 1165 2449 1221 Lupa

341 1239 431 1265 cum
449 1223 616 1277 puerulis
629 1251 641 1270 ‚
670 1224 862 1264 Romanae
877 1223 1001 1277 gentis
1018 1223 1234 1277 symbolum
1255 1223 1329 1269 est,
1345 1236 1461 1277 quam
1477 1222 1697 1276 Municipes
1717 1222 1883 1276 fignaut,
1909 1233 1952 1262 ut
1967 1221 2133 1261 muneris
2148 1221 2343 1262 honorarii
2359 1235 2451 1263 cum

340 1280 379 1321 P.
401 1280 586 1320 Romano
608 1279 820 1333 participes.
859 1279 1038 1319 Coloniae
1053 1291 1183 1319 autem
1201 1279 1350 1333 Lupam
1376 1289 1558 1332 tanquam
1583 1279 1782 1331 proprium
1803 1276 1947 1332 infigne
1967 1275 2036 1317 fibi
2055 1276 2260 1318 vendicant
2280 1291 2289 1317 :
2318 1275 2452 1318 Mania

340 1336 446 1389 cipes
464 1335 566 1374 enim
584 1338 622 1374 ὅ(
639 1334 788 1390 legibus
805 1333 879 1373 suis
893 1335 1118 1382 utebantur;
1147 1333 1293 1375 Coloni
1305 1335 1398 1375 vero
1409 1347 1458 1374 ex
1470 1333 1564 1374 urbe
1578 1334 1707 1374 Roma
1719 1333 1942 1389 propagati,
1955 1333 2043 1387 jura
2057 1332 2308 1388 institutaque
2319 1332 2452 1375 omnia

342 1390 382 1430 P.
397 1392 428 1429 R
437 1390 567 1430 omani
584 1404 665 1430 non
684 1391 737 1429 sui
754 1390 897 1431 arbitrii
911 1389 1113 1431 habebant.

394 1467 479 1508 Hic
497 1482 668 1511 nummus
682 1470 830 1512 minimi
844 1468 985 1511 moduli
994 1471 1099 1510 inter
1117 1470 1279 1510 rariores
1293 1466 1543 1520 recensendus.

1056 1570 1687 1621 vCORINTHUS.

333 2164 405 2197 '1M
415 2168 452 2195 P.
474 2166 509 2195 ·c
522 2165 549 2194 A
561 2165 585 2193 E
597 2164 631 2192 s.
661 2151 703 2192 ιζ
734 2165 762 2192 A
774 2165 803 2193 v
815 2150 860 2191 κζ
888 2163 950 2191 νε
963 2162 994 2191 R
1006 2163 1034 2191 v
1047 2161 1081 2190 s.
1114 2163 1182 2191 Av
1195 2164 1235 2191 G.
1256 2144 1407 2204 ¹Caput
1423 2148 1521 2191 Veri
1543 2147 1621 2190 fine
1637 2147 1779 2190 laurea.¹

395 2225 433 2252 c.
463 2225 500 2252 L.
532 2223 558 2250 1.
589 2223 612 2250 c
624 2222 650 2248 o
663 2221 703 2248 R.
743 2207 899 2248 Colonia
914 2206 1024 2248 Laus
1035 2205 1153 2259 Julia
1166 2205 1387 2247 Corinthus.
1414 2205 1570 2261 Jupiter
1587 2204 1808 2246 seminudus
1824 2203 1924 2245 stans
1939 2229 1954 2252 ,
1981 2201 2115 2246 dextra
2131 2211 2302 2259 pateram
2318 2202 2333 2251 3
2358 2203 2469 2249 laevae'·

351 2265 354 2269 ’
448 2266 579 2307 innixa
598 2264 788 2306 columnae
799 2290 810 2311 ‚
839 2277 910 2317 pro
926 2262 1092 2318 pedibus
1109 2261 1245 2317 aquila.

390 2345 635 2399 Frequentes
655 2342 953 2383 Corinthiorum
981 2342 1130 2382 nummi
1158 2354 1248 2381 cum
1275 2339 1403 2396 effigie
1429 2339 1473 2380 L.
1491 2339 1588 2381 Veri
1610 2351 1817 2381 occurrunt
1833 2366 1846 2387 ,
1875 2354 1976 2394 quos
1999 2339 2053 2380 illi
2073 2339 2112 2380 in
2131 2339 2214 2394 ejus
2232 2339 2453 2390 honorem

337 2401 449 2458 quod
464 2403 553 2441 cum
572 2399 622 2440 ad
639 2399 779 2439 bellum
790 2396 1010 2439 Parthicum
1024 2396 1347 2452 proficisceretur,
1376 2396 1414 2436 in
1431 2409 1568 2436 eorum
1585 2396 1679 2436 urbe
1695 2408 1866 2437 moratus
1882 2396 1946 2443 fit,
1971 2409 2163 2437 memores
2177 2396 2451 2450 percusserunt,

337 2461 388 2500 de
409 2472 491 2512 quo
507 2455 752 2510 Capitolinus
768 2455 807 2495 in
825 2454 910 2504 ejus
925 2455 1013 2496 vita.
1045 2453 1155 2494 Nam
1171 2467 1285 2508 quum
1304 2451 1504 2506 interfecto
1520 2451 1644 2506 legato
1658 2478 1669 2497 ‚
1699 2450 1796 2503 caests
1808 2451 2015 2506 legionibus
2032 2479 2044 2500 ‚
2074 2452 2192 2504 Syriis
2206 2451 2451 2505 defefftionem

337 2512 594 2569 cogitantibus
611 2539 622 2558 ‚
654 2513 792 2551 Oriens
809 2511 1024 2563 vastaretur
1040 2537 1052 2556 ,
1081 2509 1145 2550 ille
1160 2512 1202 2549 in
1218 2509 1366 2561 Apulra
1381 2507 1615 2553 venabatur,
1645 2504 1692 2550 ὁ
1713 2508 1816 2560 apud
1829 2507 2072 2553 Corinthum,
2102 2505 2150 2550 ό
2166 2509 2267 2547 inter
2275 2507 2451 2562 sympho-

339 2574 428 2611 mas
446 2565 493 2612 &v
513 2569 666 2607 cantica
684 2566 907 2621 navigabat.
948 2566 1093 2620 Jupiter
1116 2566 1155 2604 in
1183 2563 1337 2605 adversa
1364 2563 1512 2603 nummi
1541 2573 1647 2616 parte
1672 2561 1917 2616 Capitolinus
1941 2562 2019 2608 est,
2050 2562 2189 2603 Graece
2205 2562 2450 2618 Coryphaeus

338 2637 522 2669 vocatus,
551 2622 592 2662 id
610 2623 662 2662 est
684 2622 894 2676 Supremus
909 2649 921 2668 ,
952 2623 973 2661 a
990 2621 1181 2662 Romanis
1201 2631 1332 2660 autem
1351 2618 1538 2672 Optimus
1558 2617 1758 2658 Maximus
1776 2637 1786 2664 ς
1815 2618 1924 2671 cujus
1943 2617 2089 2658 cultum
2106 2617 2253 2658 Coloni
2272 2632 2320 2658 ex
2340 2619 2450 2661 Urbe

338 2679 578 2722 Corinthum
600 2677 899 2719 transmiserunt:
929 2678 1012 2730 ejus
1032 2677 1221 2730 templum
1242 2676 1354 2730 supra
1372 2675 1566 2716 theatrum
1582 2673 1691 2714 fuisse
1708 2673 1966 2714 consti-uerum
1981 2684 2107 2714 narrat
2122 2672 2323 2714 Pausanias
2336 2674 2398 2715 lib.
2411 2688 2446 2716 2.

337 2738 389 2778 de
409 2750 490 2790 quo
509 2735 548 2774 in
571 2733 775 2774 Hadriano
795 2733 973 2773 diximus.

395 2814 477 2855 Hic
493 2826 666 2852 nummus
670 2811 849 2865 secundae
866 2810 1142 2865 magnitudinis
1159 2811 1262 2850 inter
1280 2809 1440 2849 rariores
1460 2807 1724 2849 numerandus.

411 3440 447 3464 c.
478 3437 514 3462 L.
546 3435 573 3462 1.
603 3435 663 3461 co
678 3434 721 3460 R.
752 3413 906 3460 Colonia
926 3414 1035 3456 Laus
1048 3413 1164 3468 Julia
1178 3413 1393 3455 Corinthus.
1423 3412 1530 3453 Mars
1549 3411 1695 3453 barbari
1709 3421 1823 3467 caput
1838 3411 1939 3466 pede
1958 3413 2116 3466 premit,
2140 3410 2271 3453 dextra
2285 3413 2446 3464 hastam,¹

464 3478 630 3517 humeris
648 3475 873 3530 trophaeum.

407 3558 452 3597 In
471 3554 692 3595 memoriam
715 3553 799 3592 belli
818 3550 982 3591 Parthici
998 3550 1019 3589 a
1040 3548 1083 3588 L.
1101 3547 1209 3589 Vero
1225 3546 1390 3587 confeffi
1410 3544 1602 3601 percussus
1618 3545 1768 3586 videtur
1783 3544 1846 3585 hic
1865 3558 2065 3591 nummus,
2092 3544 2201 3586 Mars
2221 3546 2322 3587 enim
2340 3549 2443 3602 pede

352 3614 552 3654 barbarum
572 3609 687 3647 calcat
701 3635 711 3652 ,
742 3611 779 3646 &
801 3606 1013 3660 trophaeum
1034 3604 1148 3658 gerit,
1166 3601 1260 3642 illud
1277 3614 1403 3642 autem
1421 3604 1459 3642 in
1479 3601 1627 3642 excelso
1639 3600 1919 3654 provinciarum
1936 3600 2204 3654 acquifitarum
2222 3601 2309 3642 loco
2325 3604 2374 3643 ad
2393 3605 2446 3644 rei

354 3667 577 3709 memoriam
596 3663 817 3716 erigebatur.
860 3661 1053 3701 Corinthii
1071 3660 1272 3699 Romanos
1293 3658 1448 3704 imitati,
1477 3659 1544 3711 qui
1565 3657 1637 3696 suis
1654 3656 1692 3695 in
1710 3655 1875 3695 nummis
1891 3654 2048 3695 similem
2067 3655 2202 3696 Martis
2221 3669 2355 3710 typum
2367 3658 2446 3699 Ve-

354 3739 398 3763 ro
421 3721 663 3762 dedicamur,
691 3717 970 3769 percusserunt3
1001 3715 1168 3754 Romani
1193 3713 1354 3767 quidem
1381 3712 1645 3753 existimabant
1670 3710 1709 3750 in
1733 3709 1868 3764 praeliis
1892 3709 2060 3750 Martem
2088 3709 2153 3751 fibi
2172 3711 2324 3758 adesse,
2355 3727 2444 3754 eum

355 3779 501 3830 quippe
523 3775 573 3814 sui
593 3773 737 3828 generis
759 3773 949 3810 austorem
972 3769 1160 3809 faciebant
1176 3769 1270 3808 teste
1286 3768 1399 3808 Livio
1416 3769 1510 3808 Dec.
1528 3781 1558 3807 1.
1576 3766 1636 3806 lib.
1655 3778 1688 3804 1.
1718 3766 1784 3805 Ea
1801 3764 1889 3804 belli
1895 3764 2020 3818 gloria
2038 3765 2087 3816 est
2101 3766 2247 3820 Populo
2260 3767 2444 3816 Romano,

355 3841 399 3871 ut
414 3832 496 3870 com
512 3829 616 3878 situm
635 3855 644 3871 ,
675 3825 943 3879 condam-isque
961 3824 1018 3870 sni
1030 3831 1223 3877 parentem
1242 3823 1414 3862 Martem
1425 3819 1780 3877 pottffimumfi’rat.
1817 3819 1915 3859 Ideo
1931 3818 2112 3873 frequens
2128 3821 2168 3861 in
2187 3836 2320 3862 eorum
2335 3837 2445 3864 num-

356 3887 426 3927 mis
442 3885 491 3924 ad
508 3885 600 3924 bella
618 3886 653 3921 &
671 3881 845 3920 victorias
864 3878 1116 3933 spectantibus
1134 3876 1425 3930 repraesentatun

408 3970 491 4010 1⁷ch
508 3981 676 4009 Jlmllmlts
697 3967 808 4006 medti
827 3963 965 4004 moduli
973 3974 1043 4017 pro
1061 3975 1144 4002 raro
1161 3961 1359 4001 notandus.
1396 4015 1403 4023 .

2553 2134 2559 2141 ·
2550 2096 2554 2104 ⁴
2547 1915 2569 2077 Γίσευῄε-τ-ζ·
2550 1870 2565 1886 .—·
