2491 4219
2266 26 2289 56 ἑ·

255 114 365 170 182AEv
881 115 1707 168 ¹OTACILIA.¹

252 181 389 221 telares
406 180 472 221 Dii
491 208 503 228 ,
533 184 570 221 &
587 181 646 221 his
663 182 842 222 omnibus
859 183 1066 223 certamina
1084 182 1169 223 sunt
1189 183 1362 238 plurimis
1375 187 1416 226 in
1428 187 1523 228 locis
1539 187 1710 229 instituta
1731 203 1739 228 :
1767 185 1956 242 Olympia
1972 213 1986 235 ,
2013 187 2052 227 in
2062 187 2176 242 Jovis
2190 188 2370 248 Olympii

254 236 468 282 honorem,
495 237 602 289 juxta
619 237 843 290 Olympiam
860 238 980 278 Elidis
1001 238 1194 279 civitatem
1214 254 1222 278 ε
1251 239 1414 293 Pythia,
1444 243 1618 296 Apollini
1635 243 1756 290 sacra,
1785 243 1823 282 in
1840 243 2069 293 memoriam
2087 244 2275 298 Pythonis
2294 248 2368 289 ser-

254 292 383 345 pentis
407 293 456 332 ab
481 292 661 345 Apolline
686 292 798 332 occisi
816 307 824 331 :
853 292 979 333 eidem
1003 294 1113 334 Aelia
1130 294 1169 333 in
1189 295 1305 335 Aetio
1323 295 1428 349 Epiri
1449 299 1720 350 promontorio
1737 326 1750 346 ‚
1778 299 1801 337 ὲ
1818 312 1901 352 quo
1919 299 2053 339 Actius
2070 303 2370 355 cognominaba-

256 360 342 393 tur,
373 347 454 387 haec
477 346 585 386 fuiss'e
601 347 845 389 vetustissima
863 348 1011 388 constat
1028 376 1039 395 ,
1069 362 1207 404 utpote
1227 365 1394 404 quorum
1424 354 1462 391 &
1483 352 1744 395 Callimachus
1770 354 1986 395 meminerit
2003 382 2015 401 ‚
2042 354 2108 395 sed
2125 356 2172 396 ab
2190 359 2370 413 Augusto

254 401 408 443 summo
427 414 610 458 apparatu
632 403 683 443 ob
703 404 916 450 Antonium
933 404 971 444 in
990 418 1040 446 eo
1058 407 1177 447 trastu
1198 403 1393 448 devictum
1410 407 1614 448 restaurata
1635 409 1729 451 sunt.
1767 409 1946 450 Heraclia
1963 409 2125 450 Herculi
2144 424 2224 451 non
2245 413 2369 454 modo

253 461 304 499 ab
326 458 624 500 Athenienlilms
638 487 649 503 ‚
677 459 861 514 Sicyoniis
880 487 891 506 ‚
921 461 1202 507 AmbraciotiS,
1230 460 1270 500 T
1274 461 1444 508 hisbitis,
1472 463 1659 504 celebrata
1682 464 1789 511 sunt,
1818 464 1883 505 sed
1901 465 1921 504 a
1940 464 2161 511 Thebanis,
2189 478 2232 507 ut
2251 468 2370 512 habet

254 515 481 555 Scholiastcs
499 514 652 555 Pindari
669 515 828 570 Olymp.
843 515 923 556 Od.
935 530 972 568 7.
1002 528 1035 555 Eu
1053 521 1072 567 ᾖ
1090 522 1204 558 (θήξαις
1216 521 1258 554 πὶ·
1270 521 1434 567 Ηῦίκλεω.
1463 517 1604 558 Thebis
1619 529 1746 560 autem
1763 519 1963 560 Heraclea.
1992 520 2081 561 Imo
2097 521 2256 576 aTyriis
2267 523 2369 564 Her-

252 572 332 612 culi
347 583 487 624 quarto
504 585 666 625 quoquc
685 586 788 612 anno
804 571 939 618 ludos,
960 587 1004 612 ac
1021 573 1228 614 certamina
1245 571 1445 619 dedicata,
1457 573 1564 614 sacrae
1575 575 1912 615 Macchabaeorum
1922 575 2101 616 Historiae
2118 590 2191 619 nos
2206 589 2369 621 monent

250 627 277 667 l.
295 641 327 666 2.
350 641 382 665 c.
398 639 436 677 4.
477 628 574 667 Ct‘tm
590 637 716 667 amem
732 628 1022 684 quinquennalis
1036 643 1133 682 agon
1152 628 1243 675 Tyri
1257 628 1507 669 ⁴*celebraretur
1523 657 1535 676 ,
1567 626 1615 673 ὠ·
1633 631 1725 670 Rex
1738 631 1901 684 praest’ns
1919 630 2006 683 effet
2022 658 2035 678 ,
2063 630 2159 683 mistt
2174 632 2301 685 Jafon
2317 633 2368 675 ab

251 681 496 735 Jerosblymis
513 685 618 723 viros
622 692 843 736 peccatores
856 710 867 729 ‚
891 693 1089 737 portantes
1109 686 1259 739 argenti
1275 685 1521 724 didrachmas
1537 694 1730 726 trecentas
1746 688 1787 726 in
1794 733 1797 736 ,
1799 685 2028 738 sacrficium
2044 686 2234 728 Herculis.
2273 689 2370 730 Duo

248 738 418 785 lebetes,
447 738 528 779 duo
547 739 752 778 certamina
767 739 835 779 sub
850 739 1031 794 Philippo
1047 740 1256 786 celebrata,
1285 740 1479 781 Herculea
1496 740 1658 795 quidem
1674 746 1714 781 ὃς
1732 742 1862 788 Aetia,
1890 741 2171 789 demonstrant,
2200 758 2369 798 quorum

250 794 481 834 memoriam
496 794 607 848 Tyrii
621 794 661 834 in
679 795 846 835 nummis
862 795 1124 849 Imperatoria:
1140 796 1293 836 familia:
1312 795 1607 850 consignarunt,
1637 797 1821 852 huncque
1845 797 2021 837 Otaciliae
2044 797 2280 851 superstitem
2303 813 2371 860 ex)

249 849 443 891 hibernus.
473 850 612 898 Palma:
628 852 747 901 rami,
774 852 964 903 victorum
982 852 1136 905 proemia
1153 851 1249 891 sunt.
1281 851 1566 906 Conchylium,
1595 852 1692 907 Tyri
1706 852 1937 911 perpetuum
1955 853 2010 894 est
2027 853 2255 908 symbolum.
2354 877 2360 880 ·

245 920 285 979 J)
304 927 391 975 ,Hie
404 929 704 981 mtmnmsprimi
722 918 865 977 modali
875 939 947 984 pro
962 928 1142 980 rarg'ffimo
1158 920 1355 969 habendus
1372 929 1433 982 est.

983 1030 1630 1076 ,VIMINACI'UM

249 1667 289 1696 M
302 1666 326 1693 A
341 1665 385 1692 R.
417 1631 443 1692 o
458 1661 482 1691 'r
497 1663 523 1690 A
540 1662 638 1689 c1L.
670 1660 689 1687 s
703 1661 727 1687 E
741 1659 804 1687 νε
818 1660 847 1686 a
863 1639 904 1686 Αζ
938 1659 965 1686 A
980 1659 1061 1687 ve.
1089 1645 1225 1700 Caput
1240 1643 1416 1686 Otaciliae
1433 1644 1591 1685 Severae.
2249 1695 2255 1699 .

305 1723 341 1750 Ρ.
374 1720 424 1748 M.
455 1720 489 1746 s.
523 1720 546 1745 c
558 1719 630 1745 οι.
664 1719 690 1744 ν
705 1719 718 1743 1
732 1717 781 1743 M.
812 1703 1037 1743 ‘Provinciae
1052 1701 1190 1750 Maefiae
1206 1701 1415 1754 Superioris
1432 1700 1587 1740 Colonia
1605 1698 1872 1740 Viminacium.
1901 1697 1949 1738 In
1963 1697 2046 1741 imo
2061 1709 2090 1740 A
2101 1709 2146 1740 N.
2177 1710 2220 1741 x.
2247 1699 2371 1755 Annof

361 1763 513 1803 decimo.
544 1760 691 1800 Mulier
709 1759 877 1800 tunicata
898 1759 997 1800 stans
1014 1758 1190 1799 manibus
1206 1756 1304 1798 infra
1324 1755 1507 1802 extensis,
1536 1754 1628 1796 hinc
1648 1755 1749 1801 Bos,
1776 1753 1868 1794 inde
1884 1754 1980 1795 Leo.

304 1840 569 1885 Viminacium
588 1840 677 1880 urbs
700 1837 850 1879 Moefiae
866 1838 1100 1894 Superioris,
1127 1837 1298 1879 Colonia
1313 1838 1336 1877 a
1357 1835 1561 1877 Gordiano
1577 1833 1746 1875 deducta
1757 1860 1769 1880 ‚
1785 1832 1849 1895 de
1865 1846 1943 1887 qua
1960 1831 2070 1894 supra
2087 1831 2244 1874 abunde
2257 1844 2302 1897 ut
2315 1833 2369 1879 de

248 1900 368 1956 ipsius
393 1911 489 1952 tvpo
514 1896 660 1937 dietum
688 1895 764 1943 est,
792 1909 974 1936 nummos
999 1893 1176 1935 Otaciliae
1198 1893 1352 1935 dedicat
1379 1906 1470 1933 cum
1490 1903 1581 1932 nota
1597 1890 1688 1931 anni
1707 1888 1850 1951 decimi
1869 1889 1891 1929 ἐι
1912 1887 2092 1929 Coloniae
2107 1887 2368 1951 deduehone,

249 1956 361 2012 quod
379 1942 512 1995 incidit
529 1953 568 1993 in
589 1953 768 1994 ultimum
785 1952 942 2007 Imperii
958 1950 1127 2005 Philippi
1143 1949 1260 2005 ipfius
1274 1949 1453 2005 conjugis
1471 1960 1635 1994 annum,
1664 1945 1693 1986 fi
1710 1945 1870 2000 qu1dem
1887 1943 1954 2006 sex
1971 1957 2093 1984 annos
2105 1943 2169 2007 ille
2183 1958 2368 2001 regnave-

250 2015 321 2058 rit,
350 2015 388 2051 &
409 2009 618 2051 Viminacii
635 2008 704 2049 sub
724 2009 851 2062 primo
878 2007 962 2062 ejus
982 2006 1138 2060 Imperii
1164 2019 1290 2053 anno,
1319 2005 1498 2059 quintum
1523 2002 1705 2045 Coloniae
1727 2014 1872 2041 annum
1900 2014 1940 2040 m
1965 2013 2133 2062 nummis
2157 1999 2185 2040 fi
2213 2013 2366 2046 narunt.

248 2068 292 2110 P.
312 2065 540 2108 Harduinus
559 2079 645 2118 pag.
674 2077 760 2116 517.
785 2063 886 2105 hanc
904 2063 1082 2106 Coloniae
1103 2075 1216 2103 aeram
1231 2062 1272 2103 in
1287 2060 1458 2115 Philippi
1473 2059 1639 2116 conjuge
1657 2057 1894 2120 observatam
1915 2056 2105 2112 agnoscit,
2132 2056 2170 2097 se
2215 2056 2371 2120 delusus

252 2122 422 2167 nummis
445 2133 535 2161 cum
560 2119 807 2173 inscriptione
829 2133 891 2159 an.
922 2133 1013 2160 111.
1038 2122 1080 2160 &
1112 2132 1228 2160 1111.
1253 2119 1295 2160 in
1314 2117 1454 2159 marito
1472 2117 1492 2160 a
1508 2116 1627 2160 Com.
1644 2113 1910 2160 Mediobarbo
1927 2127 2016 2171 pag.
2035 2125 2127 2169 347.
2147 2111 2288 2172 allatis,
2314 2114 2369 2159 ad

248 2180 370 2238 ipfius
386 2175 546 2232 Imperii
564 2188 687 2216 annos
703 2183 869 2215 revocat.

255 2285 262 2291 -
309 2259 393 2304 Hic
409 2268 582 2300 nummus
596 2251 794 2294 mediocris
796 2250 940 2306 formae
953 2250 1054 2293 inter
1069 2251 1230 2291 rariores
1246 2247 1503 2302 ascribendm.

1187 2645 1444 2688 ὓδῇωᾶᾒῦ
