2491 4219
194 96 292 145 23<
431 166 433 168 η
791 156 795 160 ᾗ
880 84 1608 141 VALER1ANUS.

197 695 307 723 nir.
337 695 373 722 c.
406 694 441 722 Ρ.
475 695 576 724 1.1c.
608 695 978 725 VALERIANVS
1012 697 1130 726 Avo.
1159 686 1294 741 Caput
1309 685 1505 728 Valeriani
1520 686 1718 730 radiatum.

251 752 370 834 cor..l
391 752 416 778 T
430 752 455 778 Y
468 752 551 779 Ro.
580 751 654 779 ME
668 752 692 779 1·
705 752 749 779 R.
791 738 947 781 Colonia
975 740 1091 793 Tyros
1119 741 1355 797 Metropolis.
1395 742 1567 785 Victoria
1592 745 1791 800 gradienS,
1817 743 1950 786 dextra
1976 759 2182 796 coronam,
2209 747 2304 791 laeva

307 808 357 848 pa
375 808 490 834 mam.

249 873 426 914 Victoria
442 874 481 914 in
500 872 577 914 hoc
592 873 787 915 Valeriani
803 888 966 916 nummo
983 875 1004 916 ὲ
1023 874 1154 930 Tyriis
1170 876 1362 931 percussa,
1391 875 1603 919 Victoriam
1625 878 1792 934 aliquam
1814 879 1862 920 ab
1882 879 1959 921 hoc
1981 879 2217 936 Imperatore
2238 895 2304 926 aut

194 930 244 971 ab
260 930 342 984 ejus
360 930 492 986 legatis
510 930 666 971 relatam
683 929 870 972 denotare
888 932 1060 979 videtur,
1089 933 1198 987 quod
1215 931 1445 975 confirmant
1467 933 1689 989 frequentes
1707 936 1746 975 in
1764 935 1848 989 ejus
1863 937 2028 977 nummis
2042 937 2306 993 inscriptiones

197 1001 225 1028 v
240 1001 253 1026 1
267 1002 289 1028 c
303 1001 326 1026 T
339 1001 365 1026 o
377 1001 406 1028 R
421 1001 431 1027 1
446 1001 473 1026 A
511 1001 533 1026 A
551 1001 576 1026 v
589 1000 614 1026 G
629 1001 668 1027 o.
710 987 787 1034 Sed
811 1001 859 1027 an
885 987 935 1027 ad
960 988 1232 1028 Germanicam
1257 989 1422 1044 spectet,
1451 991 1540 1030 cum
1566 990 1681 1031 etiam
1707 1002 1879 1032 occurrat
1901 992 1941 1032 in
1958 993 2002 1033 iis
2021 1007 2047 1032 v
2062 1007 2077 1033 1
2090 1009 2113 1034 c
2125 1008 2149 1034 T
2160 1008 2186 1034 o
2199 1008 2229 1035 R
2242 1009 2258 1034 1
2272 1008 2303 1035 A

198 1057 226 1084 G
238 1057 262 1082 E
275 1057 306 1083 R
320 1057 355 1083 M
369 1057 395 1082 A
410 1057 439 1082 N
455 1058 468 1083 1
481 1058 504 1084 c
517 1057 543 1082 A
565 1063 577 1090 ·,
594 1057 641 1082 an
658 1044 753 1083 vero
767 1043 818 1083 ad
835 1043 1072 1091 Parthicam,
1104 1056 1146 1085 ut
1161 1045 1316 1085 testatur
1333 1059 1516 1085 nummus
1533 1047 1554 1085 εὶ
1572 1045 1833 1087 Mediobarbo
1850 1060 1936 1102 pag.
1959 1050 2049 1101 368.
2067 1048 2199 1090 allatus
2214 1064 2306 1092 cum

195 1099 407 1154 epigraphe
432 1113 459 1139 v
473 1113 487 1138 1
500 1113 522 1138 c
534 1113 558 1138 T
572 1113 598 1138 o
611 1113 641 1140 R
653 1112 669 1138 1
684 1112 711 1137 A
745 1113 767 1138 P
781 1113 806 1138 A
821 1113 852 1139 R
864 1113 887 1138 Τ
901 1113 928 1139 H
943 1113 956 1139 1
971 1114 993 1139 c
1007 1114 1034 1139 A
1047 1127 1059 1147 ,
1089 1100 1251 1141 dubium
1271 1114 1427 1141 movere
1443 1101 1570 1155 potest
1587 1117 1597 1142 :
1624 1101 1755 1156 Tyrus
1772 1116 1887 1156 porro
1904 1117 1991 1156 quae
2013 1117 2215 1145 nummum
2235 1120 2307 1146 cu-

195 1156 274 1202 dit,
301 1154 422 1195 Perfis
439 1155 636 1208 proxima,
667 1153 766 1194 bello
782 1154 933 1195 Persico
947 1154 1053 1196 favet
1068 1176 1080 1203 3
1111 1155 1336 1196 Valerianus
1352 1167 1479 1197 autem
1508 1157 1549 1197 in
1575 1157 1748 1212 quodam
1774 1158 1958 1200 concursu
1985 1158 2153 1215 superior
2179 1160 2305 1206 forsan

195 1210 269 1251 fuit
285 1223 494 1265 antequam
512 1220 733 1265 caperetur,
761 1209 866 1251 unde
886 1211 1023 1266 populi
1041 1212 1081 1252 in
1099 1212 1236 1253 laetitiae
1256 1211 1406 1267 fignum
1422 1227 1604 1255 nummos
1620 1213 1827 1270 fignarunt.

251 1289 334 1330 Hic
349 1303 522 1331 nummus
538 1290 733 1332 mediocris
750 1290 890 1332 moduli
906 1292 1006 1333 inter
1021 1306 1126 1332 raros
1142 1289 1392 1334 collocandus.

198 1935 264 1982 'IM
279 1953 315 1979 ι».
349 1951 385 1978 c.
417 1951 452 1978 P.
484 1949 539 1978 ιι
551 1937 574 1977 c
586 1949 602 1976 1
615 1949 646 1976 N
658 1949 674 1976 1
687 1949 714 1977 v
727 1949 746 1977 s
780 1949 808 1976 v
820 1949 848 1977 A
862 1948 924 1979 LE
936 1949 995 1978 ιιι
1009 1950 1036 1976 A
1050 1949 1082 1976 N
1094 1950 1122 1978 v
1135 1949 1154 1976 s
1187 1949 1224 1977 P.
1256 1948 1292 1976 ιτ.
1325 1949 1353 1976 A
1367 1949 1395 1977 v
1407 1949 1448 1978 o.
1484 1934 1619 1990 Caput
1637 1931 1833 1975 Valeriani
1848 1929 2050 1972 radiatum.

257 2010 280 2035 c
293 2009 318 2035 o
332 2009 370 2034 L.
402 2007 428 2033 r
442 2006 467 2033 Y
484 2007 514 2033 R
527 2006 553 2032 o
599 2006 636 2032 M
650 2006 673 2031 E
687 2006 710 2032 r
723 2006 767 2033 R.
807 1992 964 2034 Colonia
989 1991 1103 2047 Tyros
1127 1990 1365 2047 Metropolis.
1403 1991 1532 2033 Arbor
1553 1991 1653 2032 inter
1682 1989 1783 2031 duos
1805 1987 2049 2044 praegrandes
2074 1985 2242 2044 lapides,
2269 1989 2310 2033 in

312 2051 393 2091 imo
410 2050 489 2089 Ara
505 2051 543 2088 &
558 2047 831 2104 Conchylium.
1059 2050 1061 2052 ’
1262 2050 1264 2054 ’
2301 2045 2305 2050 ”

198 2143 205 2162 s
254 2129 335 2169 Hic
355 2139 538 2168 nummus
561 2125 610 2165 ad
635 2127 824 2179 originem
847 2127 946 2180 Tyri
969 2127 1073 2169 urbis
1095 2126 1338 2168 indicandam
1367 2125 1563 2182 percussus
1579 2124 1731 2167 videtur
1748 2143 1763 2173 5
1789 2123 1922 2171 arbor,
1948 2122 2050 2165 oliva
2066 2121 2122 2165 est
2146 2142 2162 2172 ς
2187 2133 2308 2179 petrae

198 2181 289 2228 funt
306 2181 517 2223 Ambtofiae
533 2179 666 2226 dictae,
694 2180 746 2220 de
763 2180 904 2234 quibus
920 2180 963 2218 N
966 2194 1092 2220 onnus
1111 2183 1226 2220 Dion.
1247 2184 1307 2220 lib.
1330 2195 1396 2231 40.

202 2270 204 2272 ,
446 2254 447 2257 ¹
538 2254 541 2257 -
707 2234 763 2270 Καὶ
780 2235 927 2268 ωυ-ιλοίὸων
943 2235 1112 2273 ἐπὲζοανον,
1134 2234 1192 2270 ὅπη
1210 2234 1300 2278 Φυτόν
1314 2233 1353 2272 {a
1369 2233 1484 2275 Αθήνης.

197 2327 200 2330 ,
275 2321 277 2323 ,
696 2281 758 2322 Et
770 2289 902 2335 petras
919 2281 1138 2327 intrarunt,
1166 2283 1231 2321 ubi
1250 2281 1360 2321 arbor
1376 2290 1459 2322 erat
1475 2281 1678 2322 Minervae.

199 2339 310 2386 Idem
329 2342 460 2383 austor
477 2338 601 2381 narrat
618 2337 830 2379 Herculem
850 2335 1165 2377 Astrochitonem
1179 2336 1323 2391 Tyrios
1341 2337 1550 2383 monuisse,
1580 2348 1622 2378 ut
1636 2338 1765 2377 navim
1780 2335 2103 2385 conscenderent,
2129 2351 2226 2392 quas
2241 2351 2314 2382 eos

200 2399 385 2444 fabricare
401 2397 563 2442 docuit,
591 2399 628 2434 &
650 2405 777 2448 petras
795 2393 836 2432 in
859 2393 952 2433 mari
975 2403 1189 2446 quaererent
1206 2393 1447 2439 Ambrosias,
1476 2392 1587 2447 supra
1613 2407 1709 2448 quas
1739 2394 1919 2447 Aquilam
1939 2392 1987 2432 ab
2006 2393 2096 2447 ipfis
2114 2393 2311 2436 inventam

199 2450 399 2509 Neptuno
418 2453 646 2497 mactarent,
676 2463 758 2504 quo
778 2449 934 2503 peracto
951 2447 1154 2493 sacrificio,
1182 2460 1300 2502 petrae
1317 2448 1453 2503 sponte
1470 2449 1641 2489 immotae
1654 2448 1808 2495 fierent,
1839 2449 1931 2489 &in
1949 2448 2090 2503 quibus
2106 2449 2209 2490 urbis
2222 2448 2312 2491 fun-

200 2511 382 2551 damenta
398 2519 589 2563 ponerent
607 2522 616 2546 :
643 2504 734 2546 audi
751 2504 794 2544 N
797 2517 946 2544 onnum
965 2502 1105 2544 eodem
1129 2504 1217 2544 loco
1233 2503 1333 2544 hanc
1353 2505 1485 2545 urbem
1509 2503 1686 2545 laudibus
1704 2504 1972 2547 celebrantem.

701 2563 791 2598 Νῆα-ον
809 2563 841 2594 ὸν
855 2562 956 2606 ἠπείρῳ
973 2558 1050 2602 πίθεν
1064 2560 1180 2605 ’έδῷοικςν
1190 2583 1201 2600 ,
1225 2562 1248 2593 ei
1263 2562 1353 2606 θέμις
1366 2563 1474 2600 εἰπεῖν,

700 2612 822 2648 Τηλίκςν
838 2607 856 2642 2'5'
870 2623 930 2642 ποτε
945 2608 1063 2650 noim&
1079 2609 1252 2654 ἐπ’ὃρθιιων.

697 2658 746 2697 In
765 2657 866 2697 ulam
881 2659 922 2696 in
938 2659 1154 2697 continente
1168 2656 1267 2697 unde
1282 2657 1368 2698 vidi
1386 2658 1408 2698 ?
1422 2657 1542 2711 stfas
1564 2658 1707 2705 dicere,

699 2714 863 2754 Tantam
871 2713 1196 2766 pulchritudinem
1216 2726 1408 2769 nunquam
1423 2714 1518 2754 vidt.

202 2779 282 2818 Ara
297 2789 369 2830 pro
388 2771 634 2827 Imperatoris
650 2770 770 2810 salute
787 2768 886 2809 sacra
916 2769 938 2809 a
958 2768 1088 2825 Tyriis
1111 2780 1328 2823 perpetrata
1345 2769 1499 2811 indicat.
1541 2768 1828 2823 Conchylium,
1856 2766 2011 2808 solenne
2026 2765 2130 2808 urbis
2151 2764 2308 2822 symbo-

200 2835 293 2875 lum.
997 2834 999 2839 ’
1493 2851 1498 2853 -

256 2898 341 2939 Hic
361 2910 532 2938 nummus
541 2894 824 2951 primaeformae
843 2895 938 2935 inter
954 2895 1116 2936 rariores
1132 2893 1373 2949 reponendus.

253 3513 373 3584 reor..
405 3550 429 3576 τ
443 3551 512 3579 Νι
523 3510 570 3578 o
592 3520 628 3577 'M
640 3548 664 3576 ε
675 3548 713 3575 τ.
743 3517 899 3575 Colm’a
916 3531 1032 3583 Tyros
1049 3528 1282 3584 Metropolis.
1311 3528 1457 3584 Aquila
1472 3526 1540 3568 alis
1553 3525 1819 3581 semiexpanfis
1834 3525 1957 3566 rostro
1971 3538 2154 3567 coronam
2174 3535 2302 3576 tenet,

323 3607 426 3651 pone
446 3593 623 3647 Aquilam
641 3589 976 3642 vexilluminquo
992 3601 1093 3628 ΒΕΘ.
1127 3597 1212 3627 111.
1243 3598 1302 3625 GA
1310 3599 1348 3625 L.
1379 3584 1500 3640 Legio
1518 3586 1637 3624 tertia
1654 3582 1820 3624 Gallica.
1837 3582 1884 3621 ln
1899 3596 1985 3622 area
2004 3579 2276 3636 Conchylium.

264 3674 429 3715 Erizzus
442 3671 546 3711 hunc
561 3682 761 3713 nummum
782 3668 953 3723 vulgavit
972 3664 1149 3707 mutilum
1171 3678 1254 3719 pag.
1277 3676 1365 3715 551.
1389 3666 1428 3703 ὅτ
1450 3661 1498 3702 fic
1527 3661 1674 3708 divifit,
1705 3674 1804 3702 cor.
1807 3692 1888 3700 .....
1893 3715 1900 3721 ι
1918 3666 1986 3700 Ro
1999 3671 2047 3698 Μ.
2077 3673 2101 3698 E
2115 3673 2152 3700 τ.
2181 3674 2300 3715 quem

213 3729 432 3774 &Colonia
461 3724 626 3781 quadam
649 3726 788 3765 Romae
814 3722 852 3763 δε
877 3722 1052 3778 Augusto
1079 3721 1247 3774 dicatum
1271 3730 1395 3760 narrat
1410 3738 1423 3765 3
1450 3717 1618 3759 eundem
1641 3719 1734 3758 vero
1757 3716 1934 3763 Colomae
1950 3714 2151 3775 Romuleae
2174 3717 2310 3759 tribuit

212 3789 327 3828 Com.
353 3780 628 3824 Mediobarbus
645 3794 653 3818 z
670 3779 734 3819 sed
751 3779 798 3819 ad
816 3779 964 3832 Tyrum
983 3778 1148 3830 pertinet
1164 3787 1366 3820 nummus,
1395 3774 1445 3815 de
1459 3776 1540 3828 quo
1557 3773 1596 3813 in
1613 3771 1807 3813 Caracalla
1823 3784 1857 3825 p.
1869 3784 1931 3822 49.
1943 3772 1981 3807 ὅ(
1996 3784 2035 3809 ιη
2050 3770 2167 3811 Treb.
2188 3772 2304 3813 Gallo

213 3857 256 3895 p.
270 3855 290 3882 2
303 3856 317 3881 ι
327 3843 362 3880 8.·
379 3841 554 3879 diximus.
586 3836 740 3888 Imperii
757 3835 926 3877 Romani
937 3832 1088 3887 insigne
1104 3829 1338 3885 estquuila,
1367 3843 1484 3884 quam
1500 3826 1818 3887 Tyrus‘Colonia
1833 3825 2012 3865 Romana
2026 3824 2122 3865 fail-a
2135 3826 2300 3868 exhibet.

209 3897 399 3949 Labatum
414 3887 639 3948 pone‘eam,
658 3890 837 3944 Legionis
855 3889 971 3931 tertiae
988 3887 1143 3928 Gallicae
1159 3899 1304 3927 nomen
1319 3884 1494 3940 praefert,
1513 3884 1622 3937 cujus
1638 3881 1822 3924 Veterani
1833 3881 1985 3935 Tyrum
2003 3881 2023 3921 a
2039 3881 2141 3934 Sept.
2158 3882 2302 3922 Severo

2066 3964 2070 3968 -
2097 3934 2301 3978 fundatore

1798 4003 1815 4027 ι
