<?xml version="1.0" encoding="UTF-8"?>
<!DOCTYPE html PUBLIC "-//W3C//DTD XHTML 1.0 Transitional//EN"
    "http://www.w3.org/TR/xhtml1/DTD/xhtml1-transitional.dtd">
<html xmlns="http://www.w3.org/1999/xhtml" xml:lang="en" lang="en">
 <head>
  <title>
</title>
<meta http-equiv="Content-Type" content="text/html;charset=utf-8" />
  <meta name='ocr-system' content='tesseract 3.04.00' />
  <meta name='ocr-capabilities' content='ocr_page ocr_carea ocr_par ocr_line ocrx_word'/>
</head>
<body>
  <div class='ocr_page' id='page_1' title='image "./numismatareaim00foyv_0092.png"; bbox 0 0 2574 4214; ppageno 0'>
   <div class='ocr_carea' id='block_1_1' title="bbox 345 198 1768 253">
    <p class='ocr_par' dir='ltr' id='par_1_1' title="bbox 345 198 1768 253">
     <span class='ocr_line' id='line_1_1' title="bbox 345 198 1768 253; baseline -0.006 0"><span class='ocrx_word' id='word_1_1' title='bbox 345 218 406 253; x_wconf 77' lang='lat'>66</span> <span class='ocrx_word' id='word_1_2' title='bbox 998 198 1768 250; x_wconf 69' lang='lat' dir='ltr'>TIB&#39;ERIUS.⁴</span> 
     </span>
    </p>
   </div>
   <div class='ocr_carea' id='block_1_2' title="bbox 1201 350 1560 706">
    <p class='ocr_par' dir='ltr' id='par_1_2' title="bbox 1201 350 1560 706">
     <span class='ocr_line' id='line_1_2' title="bbox 1201 350 1560 706; baseline 0 3508"><span class='ocrx_word' id='word_1_3' title='bbox 1201 350 1560 706; x_wconf 95' lang='lat' dir='ltr'> </span> 
     </span>
    </p>
   </div>
   <div class='ocr_carea' id='block_1_3' title="bbox 338 844 2166 900">
    <p class='ocr_par' dir='ltr' id='par_1_3' title="bbox 338 844 2166 900">
     <span class='ocr_line' id='line_1_3' title="bbox 338 844 2166 900; baseline -0.002 -10"><span class='ocrx_word' id='word_1_4' title='bbox 338 856 1410 890; x_wconf 63' lang='lat' dir='ltr'><strong>Mwnvcvsrn.131LB1L18.·r1.cAESARE.</strong></span> <span class='ocrx_word' id='word_1_5' title='bbox 1442 856 1527 883; x_wconf 90' lang='lat'><strong>111.</strong></span> <span class='ocrx_word' id='word_1_6' title='bbox 1557 845 1655 886; x_wconf 89' lang='lat' dir='ltr'>circa</span> <span class='ocrx_word' id='word_1_7' title='bbox 1673 844 1862 893; x_wconf 87' lang='lat' dir='ltr'>lauream,</span> <span class='ocrx_word' id='word_1_8' title='bbox 1889 846 1929 886; x_wconf 87' lang='lat' dir='ltr'>in</span> <span class='ocrx_word' id='word_1_9' title='bbox 1949 859 2027 900; x_wconf 86' lang='lat' dir='ltr'>qua</span> <span class='ocrx_word' id='word_1_10' title='bbox 2058 860 2166 887; x_wconf 78' lang='lat' dir='ltr'>cos,</span> 
     </span>
    </p>
   </div>
   <div class='ocr_carea' id='block_1_4' title="bbox 330 921 2427 1199">
    <p class='ocr_par' dir='ltr' id='par_1_4' title="bbox 330 921 2427 1199">
     <span class='ocr_line' id='line_1_4' title="bbox 390 921 2425 971; baseline 0.001 -4"><span class='ocrx_word' id='word_1_11' title='bbox 390 927 593 967; x_wconf 84' lang='lat' dir='ltr'>Bilbilitani</span> <span class='ocrx_word' id='word_1_12' title='bbox 612 952 622 971; x_wconf 89' lang='lat'>‚</span> <span class='ocrx_word' id='word_1_13' title='bbox 651 923 791 964; x_wconf 82' lang='lat' dir='ltr'>omissis</span> <span class='ocrx_word' id='word_1_14' title='bbox 807 925 847 964; x_wconf 89' lang='lat' dir='ltr'>in</span> <span class='ocrx_word' id='word_1_15' title='bbox 863 936 1023 963; x_wconf 89' lang='lat' dir='ltr'>nummo</span> <span class='ocrx_word' id='word_1_16' title='bbox 1040 922 1346 962; x_wconf 89' lang='lat' dir='ltr'>Duumvirorum</span> <span class='ocrx_word' id='word_1_17' title='bbox 1361 921 1585 962; x_wconf 86' lang='lat' dir='ltr'>nominibus</span> <span class='ocrx_word' id='word_1_18' title='bbox 1596 950 1608 969; x_wconf 87' lang='lat'>,</span> <span class='ocrx_word' id='word_1_19' title='bbox 1637 922 1785 963; x_wconf 89' lang='lat' dir='ltr'>Tiberii</span> <span class='ocrx_word' id='word_1_20' title='bbox 1805 924 2060 965; x_wconf 87' lang='lat' dir='ltr'>Consulatum</span> <span class='ocrx_word' id='word_1_21' title='bbox 2075 924 2235 967; x_wconf 89' lang='lat' dir='ltr'>honoris</span> <span class='ocrx_word' id='word_1_22' title='bbox 2250 938 2316 968; x_wconf 87' lang='lat' dir='ltr'>aut</span> <span class='ocrx_word' id='word_1_23' title='bbox 2331 931 2425 971; x_wconf 83' lang='lat' dir='ltr'>adu·-</span> 
     </span>
     <span class='ocr_line' id='line_1_5' title="bbox 335 975 2426 1039; baseline 0 -16"><span class='ocrx_word' id='word_1_24' title='bbox 335 983 483 1023; x_wconf 76' lang='lat' dir='ltr'>lationis</span> <span class='ocrx_word' id='word_1_25' title='bbox 496 982 605 1021; x_wconf 65' lang='lat' dir='ltr'>causa</span> <span class='ocrx_word' id='word_1_26' title='bbox 619 979 891 1032; x_wconf 85' lang='lat' dir='ltr'>inscripserunt.</span> <span class='ocrx_word' id='word_1_27' title='bbox 922 978 1100 1017; x_wconf 92' lang='lat' dir='ltr'>Tertium</span> <span class='ocrx_word' id='word_1_28' title='bbox 1116 978 1220 1017; x_wconf 92' lang='lat' dir='ltr'>hunc</span> <span class='ocrx_word' id='word_1_29' title='bbox 1237 975 1491 1018; x_wconf 85' lang='lat' dir='ltr'>Consulatum</span> <span class='ocrx_word' id='word_1_30' title='bbox 1507 977 1710 1018; x_wconf 84' lang='lat' dir='ltr'>Tiberium</span> <span class='ocrx_word' id='word_1_31' title='bbox 1726 993 1829 1018; x_wconf 91' lang='lat' dir='ltr'>anno</span> <span class='ocrx_word' id='word_1_32' title='bbox 1847 980 1901 1019; x_wconf 91' lang='lat' dir='ltr'>U.</span> <span class='ocrx_word' id='word_1_33' title='bbox 1912 980 1961 1020; x_wconf 92' lang='lat' dir='ltr'>C.</span> <span class='ocrx_word' id='word_1_34' title='bbox 1978 994 2065 1032; x_wconf 91' lang='lat'>770.</span> <span class='ocrx_word' id='word_1_35' title='bbox 2088 982 2174 1034; x_wconf 89' lang='lat' dir='ltr'>post</span> <span class='ocrx_word' id='word_1_36' title='bbox 2191 982 2344 1025; x_wconf 89' lang='lat' dir='ltr'>CHrist.</span> <span class='ocrx_word' id='word_1_37' title='bbox 2363 999 2426 1039; x_wconf 86' lang='lat'><strong>17.</strong></span> 
     </span>
     <span class='ocr_line' id='line_1_6' title="bbox 333 1031 2427 1090; baseline 0.002 -13"><span class='ocrx_word' id='word_1_38' title='bbox 333 1053 420 1078; x_wconf 81' lang='lat' dir='ltr'>curn</span> <span class='ocrx_word' id='word_1_39' title='bbox 432 1035 664 1076; x_wconf 76' lang='lat' dir='ltr'>Germanico</span> <span class='ocrx_word' id='word_1_40' title='bbox 680 1035 818 1074; x_wconf 88' lang='lat' dir='ltr'>iterum</span> <span class='ocrx_word' id='word_1_41' title='bbox 836 1031 979 1088; x_wconf 69' lang='lat' dir='ltr'>geffiss‘e</span> <span class='ocrx_word' id='word_1_42' title='bbox 990 1032 1150 1072; x_wconf 86' lang='lat' dir='ltr'>Tacitus</span> <span class='ocrx_word' id='word_1_43' title='bbox 1169 1035 1207 1071; x_wconf 90' lang='lat'>&amp;</span> <span class='ocrx_word' id='word_1_44' title='bbox 1220 1031 1300 1071; x_wconf 91' lang='lat' dir='ltr'>Dio</span> <span class='ocrx_word' id='word_1_45' title='bbox 1318 1032 1495 1079; x_wconf 77' lang='lat' dir='ltr'>tradunt3</span> <span class='ocrx_word' id='word_1_46' title='bbox 1524 1033 1633 1087; x_wconf 91' lang='lat' dir='ltr'>quod</span> <span class='ocrx_word' id='word_1_47' title='bbox 1650 1033 1852 1075; x_wconf 85' lang='lat' dir='ltr'>confirmat</span> <span class='ocrx_word' id='word_1_48' title='bbox 1868 1034 2068 1090; x_wconf 83' lang='lat' dir='ltr'>Inscriptio</span> <span class='ocrx_word' id='word_1_49' title='bbox 2083 1037 2188 1090; x_wconf 85' lang='lat' dir='ltr'>apud</span> <span class='ocrx_word' id='word_1_50' title='bbox 2202 1038 2427 1090; x_wconf 62' lang='lat' dir='ltr'>Gruterum,</span> 
     </span>
     <span class='ocr_line' id='line_1_7' title="bbox 332 1087 2425 1146; baseline 0.001 -13"><span class='ocrx_word' id='word_1_51' title='bbox 332 1093 448 1133; x_wconf 84' lang='lat' dir='ltr'>altera</span> <span class='ocrx_word' id='word_1_52' title='bbox 473 1093 563 1131; x_wconf 87' lang='lat' dir='ltr'>vcro</span> <span class='ocrx_word' id='word_1_53' title='bbox 591 1088 693 1143; x_wconf 89' lang='lat' dir='ltr'>apud</span> <span class='ocrx_word' id='word_1_54' title='bbox 718 1089 920 1143; x_wconf 86' lang='lat' dir='ltr'>Pighium,</span> <span class='ocrx_word' id='word_1_55' title='bbox 948 1087 1151 1128; x_wconf 83' lang='lat' dir='ltr'>Tiberium</span> <span class='ocrx_word' id='word_1_56' title='bbox 1173 1100 1263 1128; x_wconf 86' lang='lat' dir='ltr'>ante</span> <span class='ocrx_word' id='word_1_57' title='bbox 1284 1101 1342 1141; x_wconf 82' lang='lat'><strong>13.</strong></span> <span class='ocrx_word' id='word_1_58' title='bbox 1360 1088 1448 1128; x_wconf 91' lang='lat' dir='ltr'>Kal.</span> <span class='ocrx_word' id='word_1_59' title='bbox 1467 1088 1566 1131; x_wconf 86' lang='lat' dir='ltr'>Maii</span> <span class='ocrx_word' id='word_1_60' title='bbox 1583 1089 1838 1131; x_wconf 89' lang='lat' dir='ltr'>Consulatum</span> <span class='ocrx_word' id='word_1_61' title='bbox 1855 1090 2066 1139; x_wconf 82' lang='lat' dir='ltr'>abdicasse,</span> <span class='ocrx_word' id='word_1_62' title='bbox 2094 1092 2208 1146; x_wconf 89' lang='lat' dir='ltr'>eique</span> <span class='ocrx_word' id='word_1_63' title='bbox 2222 1093 2425 1140; x_wconf 61' lang='lat' dir='ltr'>suffectum</span> 
     </span>
     <span class='ocr_line' id='line_1_8' title="bbox 330 1143 1468 1199; baseline -0.004 -10"><span class='ocrx_word' id='word_1_64' title='bbox 330 1149 458 1189; x_wconf 87' lang='lat' dir='ltr'>Seium</span> <span class='ocrx_word' id='word_1_65' title='bbox 476 1146 725 1186; x_wconf 87' lang='lat' dir='ltr'>Tuberonem</span> <span class='ocrx_word' id='word_1_66' title='bbox 741 1143 877 1184; x_wconf 89' lang='lat' dir='ltr'>docet:</span> <span class='ocrx_word' id='word_1_67' title='bbox 907 1155 1111 1198; x_wconf 89' lang='lat' dir='ltr'>utramque</span> <span class='ocrx_word' id='word_1_68' title='bbox 1127 1143 1191 1183; x_wconf 80' lang='lat' dir='ltr'>hic</span> <span class='ocrx_word' id='word_1_69' title='bbox 1208 1143 1468 1199; x_wconf 88' lang='lat' dir='ltr'>apposuimus.</span> 
     </span>
    </p>
   </div>
   <div class='ocr_carea' id='block_1_5' title="bbox 381 1252 2385 1732">
    <p class='ocr_par' dir='ltr' id='par_1_5' title="bbox 381 1252 2385 1732">
     <span class='ocr_line' id='line_1_9' title="bbox 383 1252 2235 1299; baseline 0.001 -3"><span class='ocrx_word' id='word_1_70' title='bbox 383 1256 459 1297; x_wconf 90' lang='lat' dir='ltr'>TI.</span> <span class='ocrx_word' id='word_1_71' title='bbox 492 1254 802 1294; x_wconf 76' lang='lat' dir='ltr'><strong>CAESARE.</strong></span> <span class='ocrx_word' id='word_1_72' title='bbox 832 1252 1022 1294; x_wconf 86' lang='lat' dir='ltr'><strong>TERT.</strong></span> <span class='ocrx_word' id='word_1_73' title='bbox 1054 1253 1290 1295; x_wconf 83' lang='lat' dir='ltr'><strong>GERMA</strong></span> <span class='ocrx_word' id='word_1_74' title='bbox 1667 1255 1928 1297; x_wconf 85' lang='lat' dir='ltr'><strong>CERERI.</strong></span> <span class='ocrx_word' id='word_1_75' title='bbox 1961 1255 2235 1299; x_wconf 86' lang='lat' dir='ltr'><strong>AVGVST.</strong></span> 
     </span>
     <span class='ocr_line' id='line_1_10' title="bbox 382 1322 2161 1370; baseline 0.001 -3"><span class='ocrx_word' id='word_1_76' title='bbox 382 1327 563 1368; x_wconf 87' lang='lat' dir='ltr'><strong>NICO.</strong></span> <span class='ocrx_word' id='word_1_77' title='bbox 595 1324 905 1367; x_wconf 78' lang='lat' dir='ltr'><strong>CAESARE.</strong></span> <span class='ocrx_word' id='word_1_78' title='bbox 935 1325 1105 1366; x_wconf 88' lang='lat' dir='ltr'><strong>1TER.</strong></span> <span class='ocrx_word' id='word_1_79' title='bbox 1137 1322 1269 1367; x_wconf 83' lang='lat' dir='ltr'><strong>Cos.</strong></span> <span class='ocrx_word' id='word_1_80' title='bbox 1748 1327 1979 1368; x_wconf 87' lang='lat' dir='ltr'><strong>MATRI.</strong></span> <span class='ocrx_word' id='word_1_81' title='bbox 2011 1329 2161 1370; x_wconf 89' lang='lat' dir='ltr'><strong>AGR.</strong></span> 
     </span>
     <span class='ocr_line' id='line_1_11' title="bbox 381 1398 2285 1443; baseline 0.001 -1"><span class='ocrx_word' id='word_1_82' title='bbox 381 1400 481 1442; x_wconf 88' lang='lat' dir='ltr'><strong>CN.</strong></span> <span class='ocrx_word' id='word_1_83' title='bbox 511 1399 773 1442; x_wconf 81' lang='lat' dir='ltr'><strong>ACCEIO.</strong></span> <span class='ocrx_word' id='word_1_84' title='bbox 804 1398 909 1440; x_wconf 86' lang='lat' dir='ltr'>CN.</span> <span class='ocrx_word' id='word_1_85' title='bbox 939 1399 983 1439; x_wconf 90' lang='lat' dir='ltr'>F.</span> <span class='ocrx_word' id='word_1_86' title='bbox 1017 1399 1345 1442; x_wconf 82' lang='lat' dir='ltr'><strong>ARVNT10.</strong></span> <span class='ocrx_word' id='word_1_87' title='bbox 1631 1399 1676 1440; x_wconf 90' lang='lat' dir='ltr'>L.</span> <span class='ocrx_word' id='word_1_88' title='bbox 1707 1400 1999 1442; x_wconf 85' lang='lat' dir='ltr'><strong>BENNIVS</strong></span> <span class='ocrx_word' id='word_1_89' title='bbox 2026 1400 2285 1443; x_wconf 80' lang='lat' dir='ltr'>PRIMVS.</span> 
     </span>
     <span class='ocr_line' id='line_1_12' title="bbox 709 1463 2139 1508; baseline -0.001 -3"><span class='ocrx_word' id='word_1_90' title='bbox 709 1465 1024 1506; x_wconf 82' lang='lat' dir='ltr'><strong>LVTATIO.</strong></span> <span class='ocrx_word' id='word_1_91' title='bbox 1781 1468 1939 1508; x_wconf 85' lang='lat' dir='ltr'><strong>MAG.</strong></span> <span class='ocrx_word' id='word_1_92' title='bbox 1967 1463 2139 1508; x_wconf 82' lang='lat' dir='ltr'><strong>PAG1.</strong></span> 
     </span>
     <span class='ocr_line' id='line_1_13' title="bbox 610 1535 2378 1580; baseline 0.002 -4"><span class='ocrx_word' id='word_1_93' title='bbox 610 1536 661 1576; x_wconf 88' lang='lat' dir='ltr'>T.</span> <span class='ocrx_word' id='word_1_94' title='bbox 691 1535 968 1576; x_wconf 80' lang='lat' dir='ltr'><strong>PETILio.</strong></span> <span class='ocrx_word' id='word_1_95' title='bbox 997 1536 1035 1576; x_wconf 85' lang='lat' dir='ltr'>P.</span> <span class='ocrx_word' id='word_1_96' title='bbox 1067 1536 1114 1578; x_wconf 85' lang='lat' dir='ltr'>F.</span> <span class='ocrx_word' id='word_1_97' title='bbox 1606 1537 1876 1579; x_wconf 82' lang='lat' dir='ltr'><strong>BENNIA.</strong></span> <span class='ocrx_word' id='word_1_98' title='bbox 1905 1536 2332 1580; x_wconf 83' lang='lat' dir='ltr'><strong>PRIMIGENIA.</strong></span> <span class='ocrx_word' id='word_1_99' title='bbox 2375 1568 2378 1569; x_wconf 15' lang='grc' dir='ltr'><em>ν</em></span> 
     </span>
     <span class='ocr_line' id='line_1_14' title="bbox 648 1605 2277 1665; baseline 0.002 -19"><span class='ocrx_word' id='word_1_100' title='bbox 648 1605 827 1665; x_wconf 67' lang='lat' dir='ltr'><strong>QVIR-</strong></span> <span class='ocrx_word' id='word_1_101' title='bbox 858 1607 918 1647; x_wconf 91' lang='lat'><strong>11.</strong></span> <span class='ocrx_word' id='word_1_102' title='bbox 949 1606 1077 1648; x_wconf 86' lang='lat' dir='ltr'><strong>VIR.</strong></span> <span class='ocrx_word' id='word_1_103' title='bbox 1658 1608 2023 1651; x_wconf 87' lang='lat' dir='ltr'><strong>MAGISTRA.</strong></span> <span class='ocrx_word' id='word_1_104' title='bbox 2052 1610 2277 1651; x_wconf 84' lang='lat' dir='ltr'><strong>FECER.</strong></span> 
     </span>
     <span class='ocr_line' id='line_1_15' title="bbox 982 1677 2385 1732; baseline 0.006 -15"><span class='ocrx_word' id='word_1_105' title='bbox 982 1677 1094 1718; x_wconf 76' lang='lat' dir='ltr'>Grut.</span> <span class='ocrx_word' id='word_1_106' title='bbox 1117 1681 1205 1732; x_wconf 83' lang='lat'><strong>187.</strong></span> <span class='ocrx_word' id='word_1_107' title='bbox 1231 1692 1290 1732; x_wconf 62' lang='grc' dir='ltr'>η..</span> <span class='ocrx_word' id='word_1_108' title='bbox 1525 1681 1955 1722; x_wconf 84' lang='lat' dir='ltr'><strong>GERMANICO.</strong></span> <span class='ocrx_word' id='word_1_109' title='bbox 1985 1680 2293 1722; x_wconf 80' lang='lat' dir='ltr'><strong>CAESARE.</strong></span> <span class='ocrx_word' id='word_1_110' title='bbox 2323 1678 2385 1725; x_wconf 89' lang='lat'><strong>11.</strong></span> 
     </span>
    </p>
   </div>
   <div class='ocr_carea' id='block_1_6' title="bbox 1478 1747 2425 1948">
    <p class='ocr_par' dir='ltr' id='par_1_6' title="bbox 1478 1747 2425 1948">
     <span class='ocr_line' id='line_1_16' title="bbox 1550 1747 2368 1792; baseline 0.002 -2"><span class='ocrx_word' id='word_1_111' title='bbox 1550 1749 1593 1789; x_wconf 93' lang='lat' dir='ltr'>L.</span> <span class='ocrx_word' id='word_1_112' title='bbox 1613 1750 1768 1791; x_wconf 90' lang='lat' dir='ltr'><strong>SEIO.</strong></span> <span class='ocrx_word' id='word_1_113' title='bbox 1794 1747 2176 1792; x_wconf 88' lang='lat' dir='ltr'><strong>TVBERONE.</strong></span> <span class='ocrx_word' id='word_1_114' title='bbox 2203 1749 2368 1792; x_wconf 91' lang='lat' dir='ltr'><strong>COSS.</strong></span> 
     </span>
     <span class='ocr_line' id='line_1_17' title="bbox 1478 1815 2425 1862; baseline 0.002 -3"><span class='ocrx_word' id='word_1_115' title='bbox 1478 1818 1632 1861; x_wconf 92' lang='lat' dir='ltr'><strong>DIES.</strong></span> <span class='ocrx_word' id='word_1_116' title='bbox 1661 1815 2011 1862; x_wconf 85' lang='lat' dir='ltr'><strong>SACRIFICI·</strong></span> <span class='ocrx_word' id='word_1_117' title='bbox 2043 1819 2179 1860; x_wconf 91' lang='lat' dir='ltr'><strong>XIII.</strong></span> <span class='ocrx_word' id='word_1_118' title='bbox 2207 1820 2258 1861; x_wconf 91' lang='lat' dir='ltr'>K.</span> <span class='ocrx_word' id='word_1_119' title='bbox 2289 1815 2425 1861; x_wconf 90' lang='lat' dir='ltr'><strong>MAI.</strong></span> 
     </span>
     <span class='ocr_line' id='line_1_18' title="bbox 1942 1893 2338 1948; baseline 0.005 -14"><span class='ocrx_word' id='word_1_120' title='bbox 1942 1893 2061 1948; x_wconf 73' lang='lat' dir='ltr'><strong>Pzgh.</strong></span> <span class='ocrx_word' id='word_1_121' title='bbox 2079 1901 2165 1933; x_wconf 87' lang='lat' dir='ltr'>tom.</span> <span class='ocrx_word' id='word_1_122' title='bbox 2186 1903 2219 1948; x_wconf 82' lang='lat'>3.</span> <span class='ocrx_word' id='word_1_123' title='bbox 2235 1893 2258 1933; x_wconf 95' lang='lat' dir='ltr'><strong>l.</strong></span> <span class='ocrx_word' id='word_1_124' title='bbox 2277 1896 2338 1936; x_wconf 85' lang='lat'>18.</span> 
     </span>
    </p>
   </div>
   <div class='ocr_carea' id='block_1_7' title="bbox 322 1997 2426 2170">
    <p class='ocr_par' dir='ltr' id='par_1_7' title="bbox 322 1997 2426 2170">
     <span class='ocr_line' id='line_1_19' title="bbox 322 1997 2423 2057; baseline 0.003 -17"><span class='ocrx_word' id='word_1_125' title='bbox 322 1999 523 2040; x_wconf 89' lang='lat' dir='ltr'>Interdum</span> <span class='ocrx_word' id='word_1_126' title='bbox 543 1997 758 2040; x_wconf 89' lang='lat' dir='ltr'>notandum</span> <span class='ocrx_word' id='word_1_127' title='bbox 769 2025 781 2046; x_wconf 91' lang='lat'>‚</span> <span class='ocrx_word' id='word_1_128' title='bbox 808 1998 1015 2053; x_wconf 86' lang='lat' dir='ltr'>optabilius</span> <span class='ocrx_word' id='word_1_129' title='bbox 1033 1999 1152 2055; x_wconf 72' lang='lat' dir='ltr'>longe</span> <span class='ocrx_word' id='word_1_130' title='bbox 1168 2000 1278 2042; x_wconf 91' lang='lat' dir='ltr'>fuisse</span> <span class='ocrx_word' id='word_1_131' title='bbox 1294 2000 1488 2057; x_wconf 88' lang='lat' dir='ltr'>subrogari</span> <span class='ocrx_word' id='word_1_132' title='bbox 1503 2001 1668 2046; x_wconf 90' lang='lat' dir='ltr'>Tiberio</span> <span class='ocrx_word' id='word_1_133' title='bbox 1682 2003 1723 2045; x_wconf 90' lang='lat' dir='ltr'>in</span> <span class='ocrx_word' id='word_1_134' title='bbox 1738 2000 1951 2046; x_wconf 87' lang='lat' dir='ltr'>Consulatu</span> <span class='ocrx_word' id='word_1_135' title='bbox 1963 2029 1977 2050; x_wconf 91' lang='lat'>,</span> <span class='ocrx_word' id='word_1_136' title='bbox 2006 2004 2125 2057; x_wconf 70' lang='lat' dir='ltr'>quam</span> <span class='ocrx_word' id='word_1_137' title='bbox 2143 2003 2249 2043; x_wconf 90' lang='lat' dir='ltr'>illurn</span> <span class='ocrx_word' id='word_1_138' title='bbox 2264 2017 2353 2045; x_wconf 86' lang='lat' dir='ltr'>cum</span> <span class='ocrx_word' id='word_1_139' title='bbox 2372 2018 2423 2049; x_wconf 78' lang='lat' dir='ltr'>eo</span> 
     </span>
     <span class='ocr_line' id='line_1_20' title="bbox 322 2054 2421 2111; baseline 0.003 -15"><span class='ocrx_word' id='word_1_140' title='bbox 322 2069 476 2111; x_wconf 83' lang='lat' dir='ltr'>gerere:</span> <span class='ocrx_word' id='word_1_141' title='bbox 506 2055 586 2095; x_wconf 84' lang='lat' dir='ltr'>Dio</span> <span class='ocrx_word' id='word_1_142' title='bbox 601 2055 703 2095; x_wconf 90' lang='lat' dir='ltr'>enim</span> <span class='ocrx_word' id='word_1_143' title='bbox 720 2054 784 2095; x_wconf 90' lang='lat' dir='ltr'>lib.</span> <span class='ocrx_word' id='word_1_144' title='bbox 804 2066 865 2105; x_wconf 89' lang='lat'><strong>57.</strong></span> <span class='ocrx_word' id='word_1_145' title='bbox 883 2069 972 2111; x_wconf 87' lang='lat' dir='ltr'><strong>pag.</strong></span> <span class='ocrx_word' id='word_1_146' title='bbox 989 2059 1081 2096; x_wconf 91' lang='lat'><strong>616.</strong></span> <span class='ocrx_word' id='word_1_147' title='bbox 1107 2069 1243 2096; x_wconf 87' lang='lat' dir='ltr'>omnes</span> <span class='ocrx_word' id='word_1_148' title='bbox 1261 2058 1331 2108; x_wconf 91' lang='lat' dir='ltr'>qui</span> <span class='ocrx_word' id='word_1_149' title='bbox 1348 2071 1438 2097; x_wconf 88' lang='lat' dir='ltr'>cum</span> <span class='ocrx_word' id='word_1_150' title='bbox 1455 2057 1620 2099; x_wconf 88' lang='lat' dir='ltr'>Tiberio</span> <span class='ocrx_word' id='word_1_151' title='bbox 1638 2059 1895 2100; x_wconf 90' lang='lat' dir='ltr'>Consulatum</span> <span class='ocrx_word' id='word_1_152' title='bbox 1913 2058 2078 2098; x_wconf 88' lang='lat' dir='ltr'>inierunt</span> <span class='ocrx_word' id='word_1_153' title='bbox 2094 2085 2105 2104; x_wconf 91' lang='lat'>‚</span> <span class='ocrx_word' id='word_1_154' title='bbox 2133 2057 2265 2099; x_wconf 72' lang='lat' dir='ltr'>obiisse</span> <span class='ocrx_word' id='word_1_155' title='bbox 2285 2072 2421 2102; x_wconf 84' lang='lat' dir='ltr'>narrat.</span> 
     </span>
     <span class='ocr_line' id='line_1_21' title="bbox 1076 2110 2426 2170; baseline -0.001 -14"><span class='ocrx_word' id='word_1_156' title='bbox 1076 2114 1085 2124; x_wconf 90' lang='lat'><em>&#39;</em></span> <span class='ocrx_word' id='word_1_157' title='bbox 1158 2115 1177 2147; x_wconf 68' lang='grc' dir='ltr'><strong><em>ἐ</em></strong></span> <span class='ocrx_word' id='word_1_158' title='bbox 1193 2111 1302 2156; x_wconf 64' lang='grc' dir='ltr'><strong><em>βιαίως</em></strong></span> <span class='ocrx_word' id='word_1_159' title='bbox 1316 2115 1475 2154; x_wconf 58' lang='grc' dir='ltr'>ἀπέθανεν.</span> <span class='ocrx_word' id='word_1_160' title='bbox 1501 2110 1640 2168; x_wconf 85' lang='lat' dir='ltr'>Neque</span> <span class='ocrx_word' id='word_1_161' title='bbox 1655 2115 1756 2156; x_wconf 79' lang='lat' dir='ltr'>enim</span> <span class='ocrx_word' id='word_1_162' title='bbox 1771 2113 1871 2156; x_wconf 82' lang='lat' dir='ltr'>ullus</span> <span class='ocrx_word' id='word_1_163' title='bbox 1882 2115 1926 2156; x_wconf 78' lang='lat' dir='ltr'>in</span> <span class='ocrx_word' id='word_1_164' title='bbox 1939 2114 2023 2170; x_wconf 66' lang='lat' dir='ltr'>ejus</span> <span class='ocrx_word' id='word_1_165' title='bbox 2036 2111 2242 2166; x_wconf 81' lang='lat' dir='ltr'>Consulatu</span> <span class='ocrx_word' id='word_1_166' title='bbox 2260 2113 2399 2168; x_wconf 87' lang='lat' dir='ltr'>collega</span> <span class='ocrx_word' id='word_1_167' title='bbox 2408 2140 2426 2165; x_wconf 82' lang='lat'>,</span> 
     </span>
    </p>
   </div>
   <div class='ocr_carea' id='block_1_8' title="bbox 1127 2117 1143 2124">
    <p class='ocr_par' dir='ltr' id='par_1_8' title="bbox 1127 2117 1143 2124">
     <span class='ocr_line' id='line_1_22' title="bbox 1127 2117 1143 2124; baseline 0 0"><span class='ocrx_word' id='word_1_168' title='bbox 1127 2117 1143 2124; x_wconf 71' lang='lat' dir='ltr'>-u</span> 
     </span>
    </p>
   </div>
   <div class='ocr_carea' id='block_1_9' title="bbox 324 2111 1141 2221">
    <p class='ocr_par' dir='ltr' id='par_1_9' title="bbox 324 2111 1141 2221">
     <span class='ocr_line' id='line_1_23' title="bbox 325 2111 1141 2160; baseline -0.004 -9"><span class='ocrx_word' id='word_1_169' title='bbox 325 2118 371 2151; x_wconf 78' lang='grc' dir='ltr'>Οὐ</span> <span class='ocrx_word' id='word_1_170' title='bbox 386 2115 418 2159; x_wconf 54' lang='grc' dir='ltr'><strong>ὣ</strong></span> <span class='ocrx_word' id='word_1_171' title='bbox 437 2114 491 2152; x_wconf 64' lang='lat' dir='ltr'>{fir</span> <span class='ocrx_word' id='word_1_172' title='bbox 505 2113 533 2150; x_wconf 63' lang='grc' dir='ltr'>ὅς</span> <span class='ocrx_word' id='word_1_173' title='bbox 547 2129 588 2151; x_wconf 74' lang='grc' dir='ltr'>τις</span> <span class='ocrx_word' id='word_1_174' title='bbox 602 2118 629 2149; x_wconf 67' lang='lat'>‘’⁴1²&#39;‘</span> <span class='ocrx_word' id='word_1_175' title='bbox 645 2111 891 2149; x_wconf 47' lang='lat' dir='ltr'>cha-ardaodev</span> <span class='ocrx_word' id='word_1_176' title='bbox 904 2113 965 2149; x_wconf 69' lang='grc' dir='ltr'>ποτὲ</span> <span class='ocrx_word' id='word_1_177' title='bbox 979 2115 1046 2160; x_wconf 77' lang='grc' dir='ltr'><strong>μετ’</strong></span> <span class='ocrx_word' id='word_1_178' title='bbox 1062 2127 1141 2149; x_wconf 66' lang='grc' dir='ltr'>αντε</span> 
     </span>
     <span class='ocr_line' id='line_1_24' title="bbox 324 2167 875 2221; baseline -0.005 -12"><span class='ocrx_word' id='word_1_179' title='bbox 324 2168 398 2221; x_wconf 80' lang='lat' dir='ltr'>nist</span> <span class='ocrx_word' id='word_1_180' title='bbox 407 2169 577 2209; x_wconf 86' lang='lat' dir='ltr'>violenta</span> <span class='ocrx_word' id='word_1_181' title='bbox 591 2176 709 2209; x_wconf 87' lang='lat' dir='ltr'>morte</span> <span class='ocrx_word' id='word_1_182' title='bbox 723 2167 875 2208; x_wconf 83' lang='lat' dir='ltr'>obierat.</span> 
     </span>
    </p>
   </div>
   <div class='ocr_carea' id='block_1_10' title="bbox 378 2242 1644 2302">
    <p class='ocr_par' dir='ltr' id='par_1_10' title="bbox 378 2242 1644 2302">
     <span class='ocr_line' id='line_1_25' title="bbox 378 2242 1644 2302; baseline 0 -13"><span class='ocrx_word' id='word_1_183' title='bbox 378 2246 462 2289; x_wconf 86' lang='lat' dir='ltr'>Hic</span> <span class='ocrx_word' id='word_1_184' title='bbox 476 2261 648 2290; x_wconf 82' lang='lat' dir='ltr'>nummus</span> <span class='ocrx_word' id='word_1_185' title='bbox 648 2245 830 2300; x_wconf 74' lang='lat' dir='ltr'>ficuudae</span> <span class='ocrx_word' id='word_1_186' title='bbox 848 2245 1124 2302; x_wconf 83' lang='lat' dir='ltr'>magnitudinis</span> <span class='ocrx_word' id='word_1_187' title='bbox 1133 2270 1147 2294; x_wconf 88' lang='lat'>,</span> <span class='ocrx_word' id='word_1_188' title='bbox 1167 2255 1236 2301; x_wconf 83' lang='lat' dir='ltr'>pro</span> <span class='ocrx_word' id='word_1_189' title='bbox 1248 2242 1426 2297; x_wconf 82' lang='lat' dir='ltr'>rariffi&#39;mo</span> <span class='ocrx_word' id='word_1_190' title='bbox 1439 2244 1644 2290; x_wconf 80' lang='lat' dir='ltr'>habendus.</span> 
     </span>
    </p>
   </div>
   <div class='ocr_carea' id='block_1_11' title="bbox 1217 2413 1582 2797">
    <p class='ocr_par' dir='ltr' id='par_1_11' title="bbox 1217 2413 1582 2797">
     <span class='ocr_line' id='line_1_26' title="bbox 1217 2413 1582 2797; baseline 0 1417"><span class='ocrx_word' id='word_1_191' title='bbox 1217 2413 1582 2797; x_wconf 95' lang='lat' dir='ltr'> </span> 
     </span>
    </p>
   </div>
   <div class='ocr_carea' id='block_1_12' title="bbox 327 2896 2415 3066">
    <p class='ocr_par' dir='ltr' id='par_1_12' title="bbox 327 2896 2415 3066">
     <span class='ocr_line' id='line_1_27' title="bbox 327 2896 2412 2952; baseline -0.006 -7"><span class='ocrx_word' id='word_1_192' title='bbox 327 2918 412 2945; x_wconf 74' lang='lat' dir='ltr'>MV.</span> <span class='ocrx_word' id='word_1_193' title='bbox 446 2915 706 2943; x_wconf 80' lang='lat' dir='ltr'><strong>AVGVSTA</strong></span> <span class='ocrx_word' id='word_1_194' title='bbox 741 2914 998 2941; x_wconf 72' lang='lat' dir='ltr'><strong>BILBILIS.</strong></span> <span class='ocrx_word' id='word_1_195' title='bbox 1030 2914 1097 2940; x_wconf 84' lang='lat' dir='ltr'><strong>TI.</strong></span> <span class='ocrx_word' id='word_1_196' title='bbox 1128 2912 1384 2940; x_wconf 77' lang='lat' dir='ltr'><strong>CAESARE</strong></span> <span class='ocrx_word' id='word_1_197' title='bbox 1417 2911 1456 2937; x_wconf 90' lang='lat' dir='ltr'>v.</span> <span class='ocrx_word' id='word_1_198' title='bbox 1489 2913 1526 2938; x_wconf 87' lang='lat' dir='ltr'>L.</span> <span class='ocrx_word' id='word_1_199' title='bbox 1555 2911 1724 2937; x_wconf 82' lang='lat' dir='ltr'><strong>AELlo</strong></span> <span class='ocrx_word' id='word_1_200' title='bbox 1759 2909 1975 2937; x_wconf 77' lang='lat' dir='ltr'><strong>SEIANo.</strong></span> <span class='ocrx_word' id='word_1_201' title='bbox 2003 2896 2258 2950; x_wconf 71' lang='lat' dir='ltr'>Municzpium</span> <span class='ocrx_word' id='word_1_202' title='bbox 2275 2897 2412 2952; x_wconf 86' lang='lat' dir='ltr'>Augu.</span> 
     </span>
     <span class='ocr_line' id='line_1_28' title="bbox 423 2951 2415 3017; baseline -0.002 -19"><span class='ocrx_word' id='word_1_203' title='bbox 423 2959 486 3017; x_wconf 81' lang='lat' dir='ltr'>sta</span> <span class='ocrx_word' id='word_1_204' title='bbox 505 2957 669 3000; x_wconf 73' lang='lat' dir='ltr'>Bilbilis.</span> <span class='ocrx_word' id='word_1_205' title='bbox 699 2955 848 2996; x_wconf 86' lang='lat' dir='ltr'>Tiberio</span> <span class='ocrx_word' id='word_1_206' title='bbox 865 2955 1009 3007; x_wconf 79' lang='lat' dir='ltr'>Caefhre</span> <span class='ocrx_word' id='word_1_207' title='bbox 1026 2955 1224 3010; x_wconf 69' lang='lat' dir='ltr'>quintum,</span> <span class='ocrx_word' id='word_1_208' title='bbox 1253 2954 1376 2994; x_wconf 87' lang='lat' dir='ltr'>Lucio</span> <span class='ocrx_word' id='word_1_209' title='bbox 1395 2953 1536 3000; x_wconf 59' lang='lat' dir='ltr'>QAElio</span> <span class='ocrx_word' id='word_1_210' title='bbox 1554 2952 1690 3010; x_wconf 78' lang='lat' dir='ltr'>Sejano</span> <span class='ocrx_word' id='word_1_211' title='bbox 1706 2953 1804 2993; x_wconf 89' lang='lat' dir='ltr'>circa</span> <span class='ocrx_word' id='word_1_212' title='bbox 1819 2951 1984 2992; x_wconf 82' lang='lat' dir='ltr'>lauream</span> <span class='ocrx_word' id='word_1_213' title='bbox 1995 2979 2008 2999; x_wconf 90' lang='lat'>‚</span> <span class='ocrx_word' id='word_1_214' title='bbox 2034 2951 2072 2991; x_wconf 91' lang='lat' dir='ltr'>in</span> <span class='ocrx_word' id='word_1_215' title='bbox 2084 2965 2161 3006; x_wconf 85' lang='lat' dir='ltr'>qua</span> <span class='ocrx_word' id='word_1_216' title='bbox 2189 2966 2211 2991; x_wconf 93' lang='lat' dir='ltr'>c</span> <span class='ocrx_word' id='word_1_217' title='bbox 2223 2964 2249 2991; x_wconf 96' lang='lat' dir='ltr'>o</span> <span class='ocrx_word' id='word_1_218' title='bbox 2262 2965 2295 2991; x_wconf 88' lang='lat' dir='ltr'>S.</span> <span class='ocrx_word' id='word_1_219' title='bbox 2320 2956 2415 2995; x_wconf 82' lang='lat' dir='ltr'>Con-</span> 
     </span>
     <span class='ocr_line' id='line_1_29' title="bbox 423 3014 583 3066; baseline -0.013 -13"><span class='ocrx_word' id='word_1_220' title='bbox 423 3014 583 3066; x_wconf 77' lang='lat' dir='ltr'>salibus.</span> 
     </span>
    </p>
   </div>
   <div class='ocr_carea' id='block_1_13' title="bbox 326 3074 2414 3675">
    <p class='ocr_par' dir='ltr' id='par_1_13' title="bbox 326 3074 2414 3675">
     <span class='ocr_line' id='line_1_30' title="bbox 378 3074 2413 3142; baseline -0.002 -10"><span class='ocrx_word' id='word_1_221' title='bbox 378 3091 605 3132; x_wconf 84' lang='lat' dir='ltr'>Consulatus</span> <span class='ocrx_word' id='word_1_222' title='bbox 622 3089 770 3129; x_wconf 88' lang='lat' dir='ltr'>Tiberii</span> <span class='ocrx_word' id='word_1_223' title='bbox 788 3089 828 3129; x_wconf 91' lang='lat' dir='ltr'>in</span> <span class='ocrx_word' id='word_1_224' title='bbox 847 3089 1014 3129; x_wconf 87' lang='lat' dir='ltr'>nummis</span> <span class='ocrx_word' id='word_1_225' title='bbox 1034 3102 1106 3142; x_wconf 90' lang='lat' dir='ltr'>pro</span> <span class='ocrx_word' id='word_1_226' title='bbox 1126 3087 1430 3128; x_wconf 89' lang='lat' dir='ltr'>Duumvirorum</span> <span class='ocrx_word' id='word_1_227' title='bbox 1450 3086 1670 3127; x_wconf 87' lang='lat' dir='ltr'>nominibus</span> <span class='ocrx_word' id='word_1_228' title='bbox 1685 3074 1841 3140; x_wconf 60' lang='lat' dir='ltr'>figna&#39;lle</span> <span class='ocrx_word' id='word_1_229' title='bbox 1857 3084 2035 3126; x_wconf 88' lang='lat' dir='ltr'>videntur</span> <span class='ocrx_word' id='word_1_230' title='bbox 2049 3084 2272 3126; x_wconf 84' lang='lat' dir='ltr'>Bilbilitani:</span> <span class='ocrx_word' id='word_1_231' title='bbox 2301 3089 2339 3126; x_wconf 90' lang='lat' dir='ltr'>in</span> <span class='ocrx_word' id='word_1_232' title='bbox 2355 3086 2413 3127; x_wconf 90' lang='lat' dir='ltr'>su-</span> 
     </span>
     <span class='ocr_line' id='line_1_31' title="bbox 326 3141 2414 3201; baseline -0.001 -15"><span class='ocrx_word' id='word_1_233' title='bbox 326 3147 464 3201; x_wconf 88' lang='lat' dir='ltr'>periori</span> <span class='ocrx_word' id='word_1_234' title='bbox 485 3147 640 3199; x_wconf 81' lang='lat' dir='ltr'>quidem</span> <span class='ocrx_word' id='word_1_235' title='bbox 654 3173 665 3192; x_wconf 83' lang='lat'>,</span> <span class='ocrx_word' id='word_1_236' title='bbox 694 3144 839 3184; x_wconf 88' lang='lat' dir='ltr'>Tiberii</span> <span class='ocrx_word' id='word_1_237' title='bbox 860 3145 1009 3185; x_wconf 79' lang='lat' dir='ltr'>tantum</span> <span class='ocrx_word' id='word_1_238' title='bbox 1026 3157 1171 3184; x_wconf 89' lang='lat' dir='ltr'>nomen</span> <span class='ocrx_word' id='word_1_239' title='bbox 1191 3142 1349 3184; x_wconf 89' lang='lat' dir='ltr'>honoris</span> <span class='ocrx_word' id='word_1_240' title='bbox 1369 3144 1480 3183; x_wconf 67' lang='lat' dir='ltr'>causa</span> <span class='ocrx_word' id='word_1_241' title='bbox 1494 3170 1505 3189; x_wconf 84' lang='lat'>‚</span> <span class='ocrx_word' id='word_1_242' title='bbox 1533 3142 1669 3183; x_wconf 82' lang='lat' dir='ltr'>omisso</span> <span class='ocrx_word' id='word_1_243' title='bbox 1687 3143 1800 3183; x_wconf 89' lang='lat' dir='ltr'>etiam</span> <span class='ocrx_word' id='word_1_244' title='bbox 1822 3141 2043 3181; x_wconf 84' lang='lat' dir='ltr'>Germanici</span> <span class='ocrx_word' id='word_1_245' title='bbox 2064 3141 2218 3196; x_wconf 70' lang='lat' dir='ltr'>collegat</span> <span class='ocrx_word' id='word_1_246' title='bbox 2235 3142 2414 3190; x_wconf 84' lang='lat' dir='ltr'>nomine,</span> 
     </span>
     <span class='ocr_line' id='line_1_32' title="bbox 328 3196 2414 3255; baseline -0 -16"><span class='ocrx_word' id='word_1_247' title='bbox 328 3201 553 3255; x_wconf 84' lang='lat' dir='ltr'>posuerunt·,</span> <span class='ocrx_word' id='word_1_248' title='bbox 581 3201 644 3240; x_wconf 85' lang='lat' dir='ltr'>sed</span> <span class='ocrx_word' id='word_1_249' title='bbox 660 3202 697 3240; x_wconf 88' lang='lat' dir='ltr'>in</span> <span class='ocrx_word' id='word_1_250' title='bbox 711 3200 786 3240; x_wconf 94' lang='lat' dir='ltr'>hoc</span> <span class='ocrx_word' id='word_1_251' title='bbox 801 3199 948 3239; x_wconf 89' lang='lat' dir='ltr'>AElium</span> <span class='ocrx_word' id='word_1_252' title='bbox 966 3199 1146 3249; x_wconf 85' lang='lat' dir='ltr'>Sejanum</span> <span class='ocrx_word' id='word_1_253' title='bbox 1164 3212 1251 3240; x_wconf 89' lang='lat' dir='ltr'>cum</span> <span class='ocrx_word' id='word_1_254' title='bbox 1263 3199 1423 3239; x_wconf 90' lang='lat' dir='ltr'>Tiberio</span> <span class='ocrx_word' id='word_1_255' title='bbox 1440 3198 1727 3252; x_wconf 84' lang='lat' dir='ltr'>inscripserunt,</span> <span class='ocrx_word' id='word_1_256' title='bbox 1755 3199 1958 3239; x_wconf 87' lang='lat' dir='ltr'>Romanos</span> <span class='ocrx_word' id='word_1_257' title='bbox 1974 3196 2131 3243; x_wconf 85' lang='lat' dir='ltr'>imitati,</span> <span class='ocrx_word' id='word_1_258' title='bbox 2160 3197 2227 3249; x_wconf 89' lang='lat' dir='ltr'>qui</span> <span class='ocrx_word' id='word_1_259' title='bbox 2239 3196 2276 3237; x_wconf 93' lang='lat' dir='ltr'>in</span> <span class='ocrx_word' id='word_1_260' title='bbox 2288 3197 2414 3238; x_wconf 89' lang='lat' dir='ltr'>omni-</span> 
     </span>
     <span class='ocr_line' id='line_1_33' title="bbox 328 3253 2409 3309; baseline -0.002 -14"><span class='ocrx_word' id='word_1_261' title='bbox 328 3257 399 3296; x_wconf 88' lang='lat' dir='ltr'>bus</span> <span class='ocrx_word' id='word_1_262' title='bbox 417 3256 507 3295; x_wconf 85' lang='lat' dir='ltr'>locis</span> <span class='ocrx_word' id='word_1_263' title='bbox 525 3256 657 3296; x_wconf 83' lang='lat' dir='ltr'>statuas</span> <span class='ocrx_word' id='word_1_264' title='bbox 677 3257 720 3295; x_wconf 85' lang='lat' dir='ltr'>iis</span> <span class='ocrx_word' id='word_1_265' title='bbox 736 3255 972 3302; x_wconf 68' lang='lat' dir='ltr'>coniunffim</span> <span class='ocrx_word' id='word_1_266' title='bbox 989 3255 1219 3309; x_wconf 85' lang='lat' dir='ltr'>posuerunt:</span> <span class='ocrx_word' id='word_1_267' title='bbox 1247 3268 1334 3294; x_wconf 83' lang='lat' dir='ltr'>narn</span> <span class='ocrx_word' id='word_1_268' title='bbox 1352 3266 1395 3294; x_wconf 92' lang='lat' dir='ltr'>ut</span> <span class='ocrx_word' id='word_1_269' title='bbox 1412 3255 1464 3295; x_wconf 87' lang='lat' dir='ltr'>ait</span> <span class='ocrx_word' id='word_1_270' title='bbox 1485 3254 1564 3294; x_wconf 91' lang='lat' dir='ltr'>Dio</span> <span class='ocrx_word' id='word_1_271' title='bbox 1581 3253 1640 3294; x_wconf 87' lang='lat' dir='ltr'>lib.</span> <span class='ocrx_word' id='word_1_272' title='bbox 1663 3256 1724 3303; x_wconf 83' lang='lat'><strong>58.</strong></span> <span class='ocrx_word' id='word_1_273' title='bbox 1744 3267 1779 3307; x_wconf 89' lang='lat' dir='ltr'>p.</span> <span class='ocrx_word' id='word_1_274' title='bbox 1795 3259 1889 3306; x_wconf 85' lang='lat'><strong>623.</strong></span> <span class='ocrx_word' id='word_1_275' title='bbox 1918 3258 1971 3294; x_wconf 73' lang='lat' dir='ltr'>Kou&#39;</span> <span class='ocrx_word' id='word_1_276' title='bbox 1987 3256 2089 3292; x_wconf 54' lang='grc' dir='ltr'><strong><em>ὕπατόν</em></strong></span> <span class='ocrx_word' id='word_1_277' title='bbox 2106 3270 2134 3290; x_wconf 76' lang='grc' dir='ltr'>τε</span> <span class='ocrx_word' id='word_1_278' title='bbox 2150 3257 2234 3291; x_wconf 59' lang='grc' dir='ltr'><strong><em>οίυηδν</em></strong></span> <span class='ocrx_word' id='word_1_279' title='bbox 2250 3258 2409 3298; x_wconf 60' lang='grc' dir='ltr'>ἀπέδειξε,</span> 
     </span>
     <span class='ocr_line' id='line_1_34' title="bbox 328 3307 2411 3358; baseline -0 -14"><span class='ocrx_word' id='word_1_280' title='bbox 328 3310 375 3355; x_wconf 50' lang='lat' dir='ltr'>{El</span> <span class='ocrx_word' id='word_1_281' title='bbox 391 3310 514 3348; x_wconf 60' lang='grc' dir='ltr'>νθινωνὲν</span> <span class='ocrx_word' id='word_1_282' title='bbox 529 3314 553 3342; x_wconf 72' lang='lat'>²1²</span> <span class='ocrx_word' id='word_1_283' title='bbox 570 3313 728 3357; x_wconf 53' lang='grc' dir='ltr'>φροντίδων</span> <span class='ocrx_word' id='word_1_284' title='bbox 742 3310 873 3358; x_wconf 65' lang='grc' dir='ltr'>ὠνόμαζε</span> <span class='ocrx_word' id='word_1_285' title='bbox 913 3309 1035 3349; x_wconf 74' lang='grc' dir='ltr'>Σηῑοωός</span> <span class='ocrx_word' id='word_1_286' title='bbox 1049 3323 1077 3342; x_wconf 78' lang='grc' dir='ltr'>π</span> <span class='ocrx_word' id='word_1_287' title='bbox 1093 3311 1106 3343; x_wconf 83' lang='grc' dir='ltr'>ὁ</span> <span class='ocrx_word' id='word_1_288' title='bbox 1122 3310 1189 3355; x_wconf 79' lang='grc' dir='ltr'>ἑμὲς</span> <span class='ocrx_word' id='word_1_289' title='bbox 1203 3309 1329 3345; x_wconf 56' lang='grc' dir='ltr'>πτῖὶκοίκις</span> <span class='ocrx_word' id='word_1_290' title='bbox 1345 3309 1606 3355; x_wconf 64' lang='grc' dir='ltr'>ἐπαναλαμὲοίνων</span> <span class='ocrx_word' id='word_1_291' title='bbox 1623 3310 1721 3355; x_wconf 51' lang='grc' dir='ltr'><strong>ἕλεν,</strong></span> <span class='ocrx_word' id='word_1_292' title='bbox 1746 3307 1794 3351; x_wconf 55' lang='grc' dir='ltr'>ῃ)</span> <span class='ocrx_word' id='word_1_293' title='bbox 1810 3311 1878 3342; x_wconf 72' lang='grc' dir='ltr'>τέπ</span> <span class='ocrx_word' id='word_1_294' title='bbox 1889 3331 1899 3346; x_wconf 87' lang='grc'>,</span> <span class='ocrx_word' id='word_1_295' title='bbox 1924 3307 1971 3354; x_wconf 60' lang='lat'>&lt;3225</span> <span class='ocrx_word' id='word_1_296' title='bbox 1988 3309 2124 3354; x_wconf 58' lang='lat' dir='ltr'>yagqicpwv</span> <span class='ocrx_word' id='word_1_297' title='bbox 2141 3309 2221 3351; x_wconf 56' lang='grc' dir='ltr'>σᾶς</span> <span class='ocrx_word' id='word_1_298' title='bbox 2235 3323 2263 3342; x_wconf 80' lang='grc' dir='ltr'>π</span> <span class='ocrx_word' id='word_1_299' title='bbox 2280 3307 2333 3343; x_wconf 62' lang='grc' dir='ltr'>τὼ)</span> <span class='ocrx_word' id='word_1_300' title='bbox 2347 3311 2411 3350; x_wconf 56' lang='grc' dir='ltr'>βὸ-</span> 
     </span>
     <span class='ocr_line' id='line_1_35' title="bbox 327 3356 2411 3412; baseline 0 -15"><span class='ocrx_word' id='word_1_301' title='bbox 327 3363 390 3398; x_wconf 70' lang='grc' dir='ltr'>λῑα)</span> <span class='ocrx_word' id='word_1_302' title='bbox 401 3386 410 3401; x_wconf 86' lang='grc'><em>,</em></span> <span class='ocrx_word' id='word_1_303' title='bbox 435 3361 481 3405; x_wconf 53' lang='lat'>4:2⁸4</span> <span class='ocrx_word' id='word_1_304' title='bbox 499 3362 577 3403; x_wconf 47' lang='lat' dir='ltr'>em&amp;</span> <span class='ocrx_word' id='word_1_305' title='bbox 593 3366 611 3394; x_wconf 53' lang='grc' dir='ltr'><strong>ὲ</strong></span> <span class='ocrx_word' id='word_1_306' title='bbox 626 3365 712 3405; x_wconf 52' lang='grc' dir='ltr'>δῆμον</span> <span class='ocrx_word' id='word_1_307' title='bbox 731 3363 830 3401; x_wconf 42' lang='lat' dir='ltr'>zalal.</span> <span class='ocrx_word' id='word_1_308' title='bbox 869 3359 1013 3399; x_wconf 86' lang='lat' dir='ltr'>Statim</span> <span class='ocrx_word' id='word_1_309' title='bbox 1033 3358 1227 3406; x_wconf 76' lang='lat' dir='ltr'>Consulem</span> <span class='ocrx_word' id='word_1_310' title='bbox 1246 3358 1352 3398; x_wconf 79' lang='lat' dir='ltr'>illum</span> <span class='ocrx_word' id='word_1_311' title='bbox 1370 3357 1580 3412; x_wconf 70' lang='lat' dir='ltr'><em>dcstgnavit</em></span> <span class='ocrx_word' id='word_1_312' title='bbox 1598 3385 1609 3404; x_wconf 83' lang='lat'>‚</span> <span class='ocrx_word' id='word_1_313' title='bbox 1639 3370 1881 3411; x_wconf 86' lang='lat' dir='ltr'>curarumque</span> <span class='ocrx_word' id='word_1_314' title='bbox 1885 3356 2044 3408; x_wconf 76' lang='lat' dir='ltr'>sitarum</span> <span class='ocrx_word' id='word_1_315' title='bbox 2051 3360 2278 3411; x_wconf 73' lang='lat' dir='ltr'>participem</span> <span class='ocrx_word' id='word_1_316' title='bbox 2294 3359 2411 3397; x_wconf 86' lang='lat' dir='ltr'>nomi-</span> 
     </span>
     <span class='ocr_line' id='line_1_36' title="bbox 327 3411 2409 3470; baseline -0.001 -15"><span class='ocrx_word' id='word_1_317' title='bbox 327 3416 442 3455; x_wconf 81' lang='lat' dir='ltr'>navit</span> <span class='ocrx_word' id='word_1_318' title='bbox 458 3440 470 3459; x_wconf 85' lang='lat'>,</span> <span class='ocrx_word' id='word_1_319' title='bbox 498 3415 862 3470; x_wconf 72' lang='lat' dir='ltr'>Scjanrtmquesuum</span> <span class='ocrx_word' id='word_1_320' title='bbox 882 3428 1024 3454; x_wconf 85' lang='lat' dir='ltr'>vocans</span> <span class='ocrx_word' id='word_1_321' title='bbox 1036 3441 1046 3459; x_wconf 86' lang='lat'>‚</span> <span class='ocrx_word' id='word_1_322' title='bbox 1063 3413 1166 3468; x_wconf 83' lang='lat' dir='ltr'>saepe</span> <span class='ocrx_word' id='word_1_323' title='bbox 1181 3413 1226 3453; x_wconf 88' lang='lat' dir='ltr'>id</span> <span class='ocrx_word' id='word_1_324' title='bbox 1239 3415 1387 3467; x_wconf 82' lang='lat' dir='ltr'>repetiit</span> <span class='ocrx_word' id='word_1_325' title='bbox 1399 3440 1411 3460; x_wconf 92' lang='lat'>,</span> <span class='ocrx_word' id='word_1_326' title='bbox 1440 3413 1538 3452; x_wconf 85' lang='lat' dir='ltr'>idem</span> <span class='ocrx_word' id='word_1_327' title='bbox 1555 3415 1671 3453; x_wconf 81' lang='lat' dir='ltr'>etiam</span> <span class='ocrx_word' id='word_1_328' title='bbox 1693 3412 1762 3452; x_wconf 86' lang='lat' dir='ltr'>hoc</span> <span class='ocrx_word' id='word_1_329' title='bbox 1779 3411 1834 3451; x_wconf 83' lang='lat' dir='ltr'>ad</span> <span class='ocrx_word' id='word_1_330' title='bbox 1851 3411 2031 3452; x_wconf 86' lang='lat' dir='ltr'>Senatum</span> <span class='ocrx_word' id='word_1_331' title='bbox 2049 3412 2309 3467; x_wconf 71' lang='lat' dir='ltr'>‘Populumque</span> <span class='ocrx_word' id='word_1_332' title='bbox 2326 3412 2409 3453; x_wconf 86' lang='lat' dir='ltr'>Ro-</span> 
     </span>
     <span class='ocr_line' id='line_1_37' title="bbox 328 3466 2410 3523; baseline -0.002 -13"><span class='ocrx_word' id='word_1_333' title='bbox 328 3483 478 3510; x_wconf 79' lang='lat' dir='ltr'>manum</span> <span class='ocrx_word' id='word_1_334' title='bbox 493 3468 662 3515; x_wconf 75' lang='lat' dir='ltr'>scribens.</span> <span class='ocrx_word' id='word_1_335' title='bbox 700 3471 748 3509; x_wconf 81' lang='lat' dir='ltr'>Et</span> <span class='ocrx_word' id='word_1_336' title='bbox 763 3470 867 3523; x_wconf 89' lang='lat' dir='ltr'>apud</span> <span class='ocrx_word' id='word_1_337' title='bbox 882 3470 1064 3510; x_wconf 82' lang='lat' dir='ltr'>Taciturn</span> <span class='ocrx_word' id='word_1_338' title='bbox 1082 3469 1215 3508; x_wconf 86' lang='lat' dir='ltr'>Annal.</span> <span class='ocrx_word' id='word_1_339' title='bbox 1230 3469 1291 3509; x_wconf 88' lang='lat' dir='ltr'>lib.</span> <span class='ocrx_word' id='word_1_340' title='bbox 1307 3482 1345 3521; x_wconf 91' lang='lat'>4.</span> <span class='ocrx_word' id='word_1_341' title='bbox 1374 3470 1499 3508; x_wconf 85' lang='lat' dir='ltr'>Aram</span> <span class='ocrx_word' id='word_1_342' title='bbox 1514 3468 1719 3508; x_wconf 59' lang='lat' dir='ltr'>clementiae</span> <span class='ocrx_word' id='word_1_343' title='bbox 1730 3495 1742 3515; x_wconf 90' lang='lat'>,</span> <span class='ocrx_word' id='word_1_344' title='bbox 1763 3481 1870 3507; x_wconf 89' lang='lat' dir='ltr'>aram</span> <span class='ocrx_word' id='word_1_345' title='bbox 1886 3469 2064 3507; x_wconf 83' lang='lat' dir='ltr'>amicitiae</span> <span class='ocrx_word' id='word_1_346' title='bbox 2077 3495 2089 3514; x_wconf 93' lang='lat'>,</span> <span class='ocrx_word' id='word_1_347' title='bbox 2116 3466 2319 3523; x_wconf 71' lang='lat' dir='ltr'>effigiesque</span> <span class='ocrx_word' id='word_1_348' title='bbox 2337 3470 2410 3508; x_wconf 84' lang='lat' dir='ltr'>cir-</span> 
     </span>
     <span class='ocr_line' id='line_1_38' title="bbox 327 3522 2408 3578; baseline -0 -13"><span class='ocrx_word' id='word_1_349' title='bbox 327 3526 412 3565; x_wconf 77' lang='lat' dir='ltr'>ciem</span> <span class='ocrx_word' id='word_1_350' title='bbox 430 3523 589 3569; x_wconf 80' lang='lat' dir='ltr'>Caefaris</span> <span class='ocrx_word' id='word_1_351' title='bbox 607 3538 650 3562; x_wconf 84' lang='lat' dir='ltr'>ac</span> <span class='ocrx_word' id='word_1_352' title='bbox 670 3523 797 3575; x_wconf 83' lang='lat' dir='ltr'>Sejani</span> <span class='ocrx_word' id='word_1_353' title='bbox 814 3525 993 3576; x_wconf 76' lang='lat' dir='ltr'>censuere.</span> <span class='ocrx_word' id='word_1_354' title='bbox 1037 3524 1113 3564; x_wconf 89' lang='lat' dir='ltr'>Sed</span> <span class='ocrx_word' id='word_1_355' title='bbox 1131 3537 1173 3564; x_wconf 92' lang='lat' dir='ltr'>ut</span> <span class='ocrx_word' id='word_1_356' title='bbox 1189 3524 1424 3564; x_wconf 87' lang='lat' dir='ltr'>Germanico</span> <span class='ocrx_word' id='word_1_357' title='bbox 1442 3523 1584 3564; x_wconf 87' lang='lat' dir='ltr'>malum</span> <span class='ocrx_word' id='word_1_358' title='bbox 1603 3537 1720 3564; x_wconf 89' lang='lat' dir='ltr'>omen</span> <span class='ocrx_word' id='word_1_359' title='bbox 1737 3536 1824 3563; x_wconf 90' lang='lat' dir='ltr'>cum</span> <span class='ocrx_word' id='word_1_360' title='bbox 1840 3522 2000 3563; x_wconf 87' lang='lat' dir='ltr'>Tiberio</span> <span class='ocrx_word' id='word_1_361' title='bbox 2019 3522 2271 3562; x_wconf 85' lang='lat' dir='ltr'>Consulatum</span> <span class='ocrx_word' id='word_1_362' title='bbox 2286 3522 2408 3578; x_wconf 83' lang='lat' dir='ltr'>geffis-</span> 
     </span>
     <span class='ocr_line' id='line_1_39' title="bbox 329 3577 2409 3673; baseline 0 -54"><span class='ocrx_word' id='word_1_363' title='bbox 329 3580 365 3619; x_wconf 88' lang='lat' dir='ltr'>se</span> <span class='ocrx_word' id='word_1_364' title='bbox 379 3607 388 3625; x_wconf 87' lang='lat'>‚</span> <span class='ocrx_word' id='word_1_365' title='bbox 417 3577 625 3673; x_wconf 77' lang='lat' dir='ltr'>itastscjano</span> <span class='ocrx_word' id='word_1_366' title='bbox 643 3577 714 3617; x_wconf 87' lang='lat' dir='ltr'>fuit</span> <span class='ocrx_word' id='word_1_367' title='bbox 731 3599 743 3624; x_wconf 72' lang='lat'>3</span> <span class='ocrx_word' id='word_1_368' title='bbox 768 3580 829 3619; x_wconf 87' lang='lat' dir='ltr'>ille</span> <span class='ocrx_word' id='word_1_369' title='bbox 847 3580 949 3620; x_wconf 87' lang='lat' dir='ltr'>enim</span> <span class='ocrx_word' id='word_1_370' title='bbox 972 3579 1118 3633; x_wconf 75' lang='lat' dir='ltr'>insigne</span> <span class='ocrx_word' id='word_1_371' title='bbox 1141 3594 1266 3620; x_wconf 87' lang='lat' dir='ltr'>rerum</span> <span class='ocrx_word' id='word_1_372' title='bbox 1287 3580 1540 3620; x_wconf 87' lang='lat' dir='ltr'>humanarum</span> <span class='ocrx_word' id='word_1_373' title='bbox 1555 3578 1819 3620; x_wconf 81' lang='lat' dir='ltr'>imbecillitatis</span> <span class='ocrx_word' id='word_1_374' title='bbox 1835 3578 2056 3632; x_wconf 86' lang='lat' dir='ltr'>exemplum</span> <span class='ocrx_word' id='word_1_375' title='bbox 2066 3577 2213 3618; x_wconf 90' lang='lat' dir='ltr'>Tiberii</span> <span class='ocrx_word' id='word_1_376' title='bbox 2226 3578 2326 3631; x_wconf 73' lang='lat' dir='ltr'>jull&#39;u</span> <span class='ocrx_word' id='word_1_377' title='bbox 2344 3593 2409 3620; x_wconf 90' lang='lat' dir='ltr'>oc-</span> 
     </span>
     <span class='ocr_line' id='line_1_40' title="bbox 328 3635 2123 3675; baseline -0.003 -1"><span class='ocrx_word' id='word_1_378' title='bbox 328 3635 422 3675; x_wconf 81' lang='lat' dir='ltr'>cisus</span> <span class='ocrx_word' id='word_1_379' title='bbox 439 3648 459 3673; x_wconf 92' lang='lat' dir='ltr'>e</span> <span class='ocrx_word' id='word_1_380' title='bbox 494 3665 500 3671; x_wconf 89' lang='lat'>.</span> <span class='ocrx_word' id='word_1_381' title='bbox 2119 3645 2123 3649; x_wconf 86' lang='grc'><strong>’</strong></span> 
     </span>
    </p>
   </div>
   <div class='ocr_carea' id='block_1_14' title="bbox 380 3709 2204 3770">
    <p class='ocr_par' dir='ltr' id='par_1_14' title="bbox 380 3709 2204 3770">
     <span class='ocr_line' id='line_1_41' title="bbox 380 3709 2204 3770; baseline -0.002 -19"><span class='ocrx_word' id='word_1_382' title='bbox 380 3712 461 3751; x_wconf 81' lang='lat' dir='ltr'>Hic</span> <span class='ocrx_word' id='word_1_383' title='bbox 476 3724 644 3751; x_wconf 81' lang='lat' dir='ltr'>nummus</span> <span class='ocrx_word' id='word_1_384' title='bbox 659 3709 850 3750; x_wconf 73' lang='lat' dir='ltr'>mediocris</span> <span class='ocrx_word' id='word_1_385' title='bbox 856 3711 1017 3764; x_wconf 87' lang='lat' dir='ltr'>formae‚</span> <span class='ocrx_word' id='word_1_386' title='bbox 1043 3712 1068 3751; x_wconf 73' lang='lat' dir='ltr'>a</span> <span class='ocrx_word' id='word_1_387' title='bbox 1087 3713 1233 3754; x_wconf 76' lang='lat' dir='ltr'>Patina</span> <span class='ocrx_word' id='word_1_388' title='bbox 1241 3724 1330 3770; x_wconf 85' lang='lat' dir='ltr'><strong>pag.</strong></span> <span class='ocrx_word' id='word_1_389' title='bbox 1348 3718 1409 3765; x_wconf 86' lang='lat'><strong>69.</strong></span> <span class='ocrx_word' id='word_1_390' title='bbox 1427 3713 1611 3768; x_wconf 67' lang='lat' dir='ltr'>vulgatus</span> <span class='ocrx_word' id='word_1_391' title='bbox 1622 3734 1635 3760; x_wconf 66' lang='grc' dir='ltr'><strong><em>ς</em></strong></span> <span class='ocrx_word' id='word_1_392' title='bbox 1662 3714 1762 3753; x_wconf 82' lang='lat' dir='ltr'>inter</span> <span class='ocrx_word' id='word_1_393' title='bbox 1780 3713 1941 3752; x_wconf 83' lang='lat' dir='ltr'>rariores</span> <span class='ocrx_word' id='word_1_394' title='bbox 1960 3718 2204 3764; x_wconf 81' lang='lat' dir='ltr'>computatur.</span> 
     </span>
    </p>
   </div>
  </div>
 </body>
</html>
