2574 4214
380 191 478 253 {14'
1006 193 1893 241 COMMODUS.

378 262 607 304 Holstenius
630 262 723 304 illud
747 271 931 303 revocant
950 260 1001 302 ad
1022 261 1194 301 Germen
1212 259 1457 314 Hellesponti
1475 261 1609 302 urbem
1627 287 1639 307 ,
1667 273 1785 314 quam
1802 258 2013 300 Coloniam
2038 270 2085 298 ex
2105 255 2316 298 Ptolemaeo
2336 269 2484 298 memo·

379 331 487 366 rant,
514 320 606 360 cum
622 318 884 373 Geographus
903 318 964 358 ille
980 317 1153 356 Germen
1169 316 1379 356 Coloniam
1395 317 1434 356 in
1455 316 1608 356 Galatia
1624 315 1810 355 describat
1825 343 1836 361 ‚
1867 325 1910 354 ut
1924 314 2004 367 jam
2021 312 2118 353 vidit
2137 313 2310 353 eruditus
2329 311 2366 352 P.
2385 313 2486 354 Har-

381 374 524 415 duinus
539 390 576 430 p.
594 378 680 426 184.
713 374 859 414 Germe
873 373 1032 428 quidem
1050 372 1139 412 urbs
1156 371 1331 426 gemina,
1359 385 1434 411 una
1451 370 1715 423 Hellesponti,
1746 371 1839 410 teste
1856 369 2064 422 Stephano.
2099 373 2188 417 Γέςμη
2204 372 2280 407 πόλις
2296 375 2486 411 mamma

382 432 507 473 Μαΐου
522 437 639 482 magias.
670 429 805 469 Germe
819 430 910 469 urbs
923 426 1184 479 Hellespontia
1194 436 1306 478 prope
1317 426 1515 476 Cyzicum.
1546 426 1678 465 Altera
1694 425 1782 465 urbs
1796 424 1955 464 Galatiae
1972 436 2094 477 prope
2106 423 2364 464 Pessinuntem
2380 424 2486 478 apud

380 483 632 525 Ptolemaeum
655 485 716 524 lib.
737 498 772 535 5.
789 498 870 539 cap.
886 498 923 536 4.
958 491 1055 533 τέξμω
1071 488 1214 518 Κολωυίοι.
1257 479 1472 532 Utriusque
1497 480 1599 519 urbis
1619 479 1927 534 gentilenomen
1951 480 2180 525 Germenus,
2209 479 2314 519 unde
2337 480 2487 520 nummi

379 541 487 580 obvii
501 554 590 580 cum
605 540 816 595 epigraphe
847 550 1108 577 rEPMHNQN
1135 535 1186 575 ad
1210 535 1384 575 Get-men
1404 534 1648 588 Hellesponti
1673 535 1807 574 urbem
1827 535 2007 586 specstant.
2039 534 2122 586 Qi
2141 537 2234 574 vero
2251 535 2387 575 Latina
2405 535 2487 589 epi-

381 596 530 647 graphe
560 609 622 636 co
636 611 674 630 r..
704 610 731 629 ο
744 610 767 628 r.
780 609 810 630 a
824 609 859 629 M
873 607 894 628 n
907 602 973 630 No
1001 590 1198 645 gaudent,
1225 590 1276 630 ad
1295 590 1467 629 Germen
1485 589 1646 629 Galatia*
1666 590 1873 629 Coloniam
1900 590 2092 643 pertinent
2109 616 2120 635 ,
2148 590 2257 642 cujus
2276 589 2486 630 meminisse

380 640 532 683 {ridetur
550 642 704 685 Notitia
721 645 844 686 Graec.
863 642 1040 699 Episcop.
1058 646 1098 685 in
1116 646 1189 686 hac
1208 645 1405 700 provincia
1423 645 1490 685 sub
1508 658 1605 684 voce
1626 648 1883 694 Γεςμωλωνείας.
1915 645 2097 699 ,νυῖἓατίε
2121 644 2177 685 est
2198 646 2237 685 in
2265 645 2341 686 hoc
2365 646 2488 686 trastu

381 698 636 739 Coloniarum
655 698 910 754 inscriptionis
934 700 1019 740 usus
1035 728 1046 748 ,
1077 701 1247 742 Colonia
1278 716 1304 740 A
1321 715 1346 740 v
1360 715 1400 741 G.
1434 715 1471 741 F.
1501 701 1811 747 Germcnorum,
1840 712 1883 741 ut
1903 705 1942 740 δε
1962 700 2131 740 Colonia
2160 714 2175 739 1
2189 714 2215 738 v
2228 715 2266 740 L.
2299 715 2324 742 A
2337 715 2363 741 v
2376 715 2414 741 G.
2447 715 2486 741 F.

384 767 407 791 c
418 767 445 792 o
456 767 490 792 M
505 767 530 792 A
543 768 574 794 N
585 769 651 796 oa
666 769 691 795 v
703 769 739 795 M
768 756 808 795 in
826 756 1031 796 Caracalla.
1062 757 1242 812 Augustae
1260 770 1425 802 nomen,
1453 756 1661 796 Coloniam
1677 756 1725 795 ab
1739 756 1916 811 Augusto
1933 755 2140 796 deductam
2159 755 2322 802 indicat,
2351 760 2390 796 ὅ(
2406 770 2489 798 non

380 808 404 847 a
419 807 654 862 Vespasiano
670 838 684 858 ,
710 811 770 851 vel
790 811 1018 852 Domitiano
1033 838 1045 857 ,
1075 812 1186 866 quod
1212 812 1388 853 denotari
1410 823 1520 865 putat
1540 811 1766 852 Holstenius
1789 811 1876 851 loco
1892 811 1953 850 cit.
1982 825 2051 864 per
2074 811 2234 851 litteram
2258 826 2296 851 F.
2317 826 2403 866 quae
2419 811 2487 852 hic

381 876 464 903 non
481 863 645 914 Flavia,
674 865 739 906 sed
754 864 866 905 Felix
881 866 1113 920 exponenda
1133 868 1209 913 est,
1237 868 1277 906 in
1294 867 1486 906 honorem
1503 866 1743 912 Commodi,
1773 866 1840 919 qui
1859 866 1952 906 teste
1968 864 2192 919 Lampridio
2207 880 2214 904 :
2243 866 2378 921 Qum
2393 869 2489 908 occi-

380 916 492 970 dtffrt
511 920 723 980 Perennem
739 947 751 966 ,
777 920 988 974 appellatus
1005 921 1055 973 cst
1068 920 1194 962 Felix.
1231 921 1357 973 Qod
1377 933 1598 974 cognomen
1619 922 1765 975 primus
1782 922 1959 962 omnium
1978 922 2258 975 Imperatorum
2277 921 2373 962 tulit.
2410 922 2489 963 Lu-

380 987 433 1028 pa
450 989 541 1015 cum
561 976 753 1030 puerulis,
780 976 1050 1016 Romanarum
1065 977 1321 1018 Coloniarum
1341 975 1488 1030 insigne
1508 976 1570 1016 est.

437 1052 520 1093 Ηίσ
534 1067 709 1093 nummus
714 1055 851 1107 primae
867 1053 1166 1108 magnitudinis,
1194 1056 1235 1094 in
1253 1053 1443 1107 Thesauro
1461 1054 1582 1108 chio
1593 1081 1606 1102 ‚
1632 1064 1679 1095 ut
1691 1053 1883 1106 &semilis
1896 1054 2024 1095 Romae
2037 1056 2081 1094 in
2098 1055 2381 1110 Gazophylacio
2397 1055 2490 1097 Car·

378 1105 523 1149 dinalz‘s
543 1110 720 1164 Carpinei
731 1136 744 1156 ,
770 1110 922 1150 eximiae
936 1112 1116 1150 rarttatis
1135 1109 1340 1151 habendus.

381 1661 399 1687 ι
411 1661 447 1687 M
457 1661 490 1687 r».
520 1662 544 1687 c
554 1662 581 1688 o
592 1660 641 1687 M.
672 1661 699 1686 A
713 1660 743 1686 N
756 1660 780 1686 T
791 1661 817 1686 0
828 1659 858 1685 N
873 1658 887 1685 1
899 1659 930 1685 N
942 1659 969 1685 v
981 1659 1014 1685 s.
1052 1646 1186 1700 Caput
1203 1646 1420 1686 Commodi
1436 1647 1659 1688 laureatum.

439 1718 498 1743 co
510 1718 548 1744 L.
579 1717 606 1743 G
620 1717 644 1742 E
657 1716 687 1743 R
699 1716 736 1742 M
749 1717 772 1742 E
786 1716 829 1743 N.
869 1701 1025 1742 Colonia
1042 1702 1318 1742 Germenorum.
1356 1702 1500 1757 Aquila
1517 1703 1636 1756 cippo
1655 1700 1834 1756 impolita
1851 1701 1950 1742 inter
1969 1700 2050 1740 duo
2068 1699 2172 1755 signa
2187 1699 2371 1742 militaria.

435 1782 585 1822 Germe
609 1781 699 1821 urbs
715 1780 876 1821 Galatiae
900 1780 941 1820 in
962 1779 1154 1834 Bithynice
1177 1783 1215 1820 &
1235 1779 1411 1835 Phrygiae
1433 1779 1609 1822 confinio
1625 1781 1725 1821 inter
1742 1778 2000 1820 Pessinuntem
2018 1782 2057 1818 &
2077 1779 2269 1834 Ancyram
2286 1807 2299 1826 ,
2326 1776 2497 1820 Colonia

381 1837 431 1877 ab
455 1837 634 1891 Augusto
659 1836 826 1876 dedueha
842 1863 854 1883 ‚
882 1847 927 1876 ut
950 1835 1116 1875 diximus
1136 1863 1148 1882 ‚
1176 1849 1224 1876 ex
1249 1837 1430 1877 omnibus
1454 1836 1756 1890 Imperatoribus
1777 1835 1843 1875 soli
1863 1834 2093 1875 Commodo
2115 1848 2295 1875 nummos
2316 1833 2498 1890 fignavit5

381 1891 448 1932 sed
463 1893 555 1932 cum
571 1891 741 1932 diversos
759 1891 830 1945 ipsi
851 1902 966 1946 typos
983 1891 1219 1932 dedicaverit
1233 1918 1247 1938 ,
1277 1891 1510 1932 beneficium
1526 1892 1727 1945 quoddam
1746 1893 1794 1931 ab
1815 1891 2051 1944 Imperatore
2069 1889 2251 1944 accepisse
2267 1890 2498 1944 conjecturae

382 1947 495 1988 locus
503 1947 572 1988 est.
601 1947 709 1988 Urbs
721 1947 760 1987 in
773 1947 818 1986 N
820 1948 930 1988 otitia
939 1947 1222 2002 Episcoporum
1231 1946 1489 2001 Episcopalis,
1511 1947 1580 1987 sub
1594 1947 1776 2000 Archiep.
1788 1945 2011 1986 Pessuntino
2024 1959 2103 1986 uno
2116 1946 2234 1987 verbo
2252 1948 2498 1995 Γεςμοιωλωνέω,

380 2002 582 2056 hodieque
596 2002 727 2043 adhuc
743 2013 848 2044 extat
864 2018 873 2042 z
904 2003 1087 2056 Girmasti
1101 2002 1261 2043 nomine
1280 2002 1381 2043 dista
1398 2003 1452 2043 est
1467 2030 1480 2050 ,
1510 2002 1604 2043 teste
1621 2001 1869 2042 Leunclavio.
1911 2000 2054 2056 Aquila
2070 2001 2168 2041 inter
2185 2000 2288 2057 signa
2303 2001 2498 2051 militaria,

381 2058 603 2101 veteranos
618 2057 819 2111 cujusdam
835 2058 1037 2113 Legionis,
1064 2059 1177 2111 cujus
1193 2071 1341 2099 nomen
1360 2059 1578 2113 ignoratur,
1607 2058 1657 2098 ab
1676 2057 1854 2114 Augusto
1870 2057 1910 2096 in
1934 2070 2020 2097 eam
2045 2056 2272 2098 transmissos
2286 2056 2442 2100 indicat.

437 2136 522 2176 Hic
535 2149 711 2176 nummus
724 2137 874 2176 minimi
887 2135 1048 2182 moduli,
1065 2135 1085 2174 ὲ
1101 2134 1256 2176 Cimelio
1271 2135 1336 2176 M.
1355 2135 1510 2175 Harlaei
1527 2135 1799 2177 Procuratoris
1818 2135 2013 2176 Generalis
2028 2137 2071 2176 in
2085 2128 2316 2189 Thefaartdm
2328 2135 2496 2193 Regium

381 2192 562 2238 eveilus,
586 2192 690 2233 inter
705 2189 988 2246 elegantiffi'mos
1002 2189 1243 2245 reponendus.
1300 2219 1303 2222 .

1175 2289 1710 2334 HIPPON.

391 2857 500 2886 1MP.
531 2855 674 2882 cnsss.
709 2855 829 2881 Ava.
863 2853 1178 2880 COMMODVS.
1208 2840 1341 2894 Caput
1355 2839 1571 2882 Commodi
1588 2839 1808 2881 laureatum.

2556 2414 2574 2468 «αΣ
2561 2319 2574 2382 ἀ’-4..
2546 2043 2574 2307 Μζξᾶὲϊὶςρ
2552 2027 2554 2032 '
2558 1954 2574 1998 ΠΕ
2559 1916 2574 1940 ³·-

445 2915 483 2941 ς.
523 2911 562 2937 G.
601 2910 627 2936 1.
662 2911 704 2937 H.
742 2910 775 2935 P.
816 2895 973 2936 Colonia
1007 2894 1174 2937 Gemeua
1209 2895 1325 2948 Julia
1362 2894 1606 2950 Hipponenfis
1642 2895 1738 2935 Pia.
1789 2894 1910 2935 Ceres
1937 2893 2140 2949 gradiens,
2179 2895 2341 2951 utraque
2368 2910 2487 2941 manu

500 2952 635 2994 facem.

444 3031 584 3074 Similis
600 3031 638 3070 in
661 3029 720 3069 M.
741 3028 902 3068 Aurelio
917 3027 1093 3083 vulgatus
1110 3029 1164 3068 est
1184 3041 1387 3074 nummus,
1413 3040 1530 3082 quem
1555 3026 1606 3068 ad
1631 3026 1861 3081 Hipponem
1890 3026 2061 3087 Regium
2085 3026 2222 3067 Africae
2237 3028 2408 3071 littoralis
2425 3045 2487 3072 ur-
2552 3014 2559 3058 s

392 3091 483 3130 bem
503 3085 767 3128 revocavimus
780 3112 792 3131 ‚
822 3084 912 3124 ideo
933 3083 1137 3123 Gemellam
1152 3093 1434 3135 nuncupatam,
1462 3081 1572 3136 quod
1597 3082 1667 3122 alia
1690 3082 1780 3121 urbs
1808 3081 1854 3122 fit
1871 3081 1984 3131 huius
2003 3082 2170 3123 nominis
2190 3083 2354 3138 Hippon
2376 3085 2487 3127 Diar-

393 3145 549 3199 rhytos‚
577 3142 618 3182 id
643 3142 697 3182 est
723 3141 907 3195 Irrzguus.
945 3138 1109 3179 Nomen
1129 3138 1291 3179 alterum
1306 3136 1431 3190 Juliae
1446 3135 1616 3192 praefert,
1643 3148 1688 3177 ut
1705 3136 1871 3177 Colonia
1887 3137 2025 3191 aJulio
2042 3138 2190 3178 Caelare
2206 3153 2294 3179 cum
2315 3141 2487 3194 plurimis
2550 3167 2559 3174 ,Δ

393 3201 474 3241 aliis
489 3201 528 3240 in
550 3197 680 3238 Africa
695 3197 901 3237 constituta
917 3214 930 3241 3
947 3195 1035 3234 Piae
1050 3194 1145 3234 vero
1162 3194 1343 3240 alterum,
1371 3193 1424 3234 ob
1440 3193 1575 3233 collata
1592 3192 1783 3233 Antonini
1797 3192 1853 3231 Pii
1869 3205 1956 3246 erga
1974 3192 2011 3232 se
2026 3192 2231 3234 beneficia:
2248 3207 2485 3251 quapropter

395 3269 544 3296 memor
555 3280 568 3301 ,
596 3253 656 3294 M.
682 3251 841 3293 Aurelio
861 3249 998 3291 Caesari
1013 3247 1093 3290 filio
1110 3249 1193 3303 ejus
1216 3248 1405 3303 adoptivo
1419 3262 1600 3289 nummos
1611 3275 1624 3295 ‚
1653 3259 1697 3289 ut
1713 3251 1751 3288 &
1767 3247 1995 3288 Commodo
2010 3248 2126 3303 ipsius
2142 3261 2234 3290 nato
2249 3253 2289 3289 ὃς
2303 3250 2486 3292 successo-

396 3311 428 3350 ri
453 3310 615 3350 dedicat.
653 3309 716 3349 De
745 3307 898 3349 Cereris
923 3304 1108 3346 African-J:
1123 3305 1229 3345 cultu
1246 3318 1293 3345 ex
1313 3304 1553 3345 Tertulliano
1572 3304 1612 3344 in
1632 3303 1693 3344 M.
1711 3302 1870 3344 Aurelio
1889 3303 2053 3344 diximus
2071 3320 2079 3344 :
2108 3306 2197 3344 cum
2213 3317 2341 3346 autem
2359 3306 2420 3346 illa
2437 3306 2486 3348 fit

398 3365 550 3419 frugum
575 3365 658 3405 Dea
677 3365 727 3404 ab
746 3362 913 3417 antiquis
932 3361 1158 3408 existimata,
1185 3365 1225 3400 &
1245 3359 1376 3401 Africa
1393 3359 1585 3400 frumento
1601 3358 1792 3406 abundet,
1819 3359 1870 3399 nil
1887 3359 2024 3400 mirum
2042 3359 2068 3401 fi
2084 3360 2348 3415 Hipponensis
2362 3361 2484 3403 Colo-

398 3421 464 3463 nia
484 3422 665 3461 Cererem
686 3419 730 3461 fit
746 3431 936 3460 venerata.
964 3417 1094 3471 Hujus
1108 3416 1211 3457 urbis
1226 3416 1275 3456 D.
1298 3416 1536 3472 Augustinus
1552 3415 1625 3456 fuit
1640 3414 1865 3469 Episcopus.
2475 3414 2482 3417 ⁴

399 3544 406 3552 „
455 3497 540 3540 Hic
551 3498 762 3540 nummulus
775 3502 875 3540 inter
890 3498 1048 3538 rariores
1061 3503 1292 3538 numeratur.
