2574 4214
283 193 377 234 ,¹42
837 178 1871 230 DOMITIANUS.

288 255 304 281 1
315 255 350 280 M
363 255 395 280 p.
428 255 450 281 c
463 254 489 280 A
504 255 527 281 E
541 253 573 281 s.
603 255 664 282 Do
677 255 714 280 M
727 255 742 281 1
754 256 778 282 T
792 258 808 284 1
823 259 847 283 A
861 258 904 283 N.
936 259 963 284 A
979 258 1005 284 v
1018 259 1057 285 G.
1088 261 1114 286 G
1127 260 1150 285 E
1162 258 1193 285 R
1204 260 1252 286 Μ.
1300 248 1433 301 Caput
1450 249 1664 289 Domitiani
1680 250 1902 290 laureatum.
2175 285 2179 289 .

341 310 365 335 c
376 306 402 335 o
416 311 451 336 L.
486 310 527 336 A.
561 311 602 336 A.
632 310 653 335 Ρ
666 311 693 336 A
708 311 733 336 T
746 311 785 338 R.
816 299 969 340 Colonia
983 301 1155 355 Augusta
1170 303 1273 341 Aroe
1290 302 1494 350 Patrensis.
1534 305 1730 344 Columna
1748 303 1952 345 Cochlidis
1965 331 1978 352 ,
2004 305 2115 360 supra
2128 320 2244 362 quam
2257 308 2378 365 figura

397 350 574 404 paludata
591 351 785 399 coloffica‚
815 353 946 394 dextr-31
965 353 1124 395 demissa
1139 355 1350 409 scipionem
1369 384 1381 403 ‚
1410 357 1551 398 finistrfi
1567 359 1721 399 hastam.

340 427 456 468 Adeo
474 428 694 481 frequentes
711 431 866 471 Achaiae
885 431 1135 471 Coloniarum
1154 434 1302 473 nummi
1325 434 1366 473 in
1392 435 1607 476 Domitiani
1629 437 1819 478 honorem
1839 451 2044 479 occurrunt
2059 466 2070 486 ‚
2099 441 2189 480 cum
2208 456 2280 482 nec
2297 442 2383 496 ejus

284 484 382 535 patri
401 497 473 523 nec
491 483 614 528 fratri,
643 485 694 524 ob
712 485 922 527 libertatem
940 485 1063 525 forsan
1079 487 1126 525 ab
1146 486 1235 540 ipsis
1249 488 1408 528 Graeciae
1419 490 1662 544 ademptam,
1689 492 1850 545 percuffi
1869 494 1934 533 ulli
1948 496 2201 547 reperiantur,
2231 509 2275 538 ut
2291 512 2381 538 ean·

284 536 375 577 dem
403 539 424 577 a
448 538 673 579 Domitiano
695 539 764 593 ipsi
792 541 978 581 redditam
1001 541 1256 581 existimemus
1273 568 1284 588 ‚
1313 543 1353 581 in
1370 544 1479 596 cujus
1500 545 1675 586 beneficii
1693 561 1860 601 perenne
1879 552 2380 595 monumentumPatrenses

283 592 501 632 columnam
520 592 619 633 hanc
636 596 786 649 egregia
804 595 1018 636 Domitiani
1034 596 1073 635 in
1087 596 1307 637 Germanos
1325 601 1363 636 &
1381 598 1511 640 Dacos
1530 599 1697 642 facinora
1717 603 1960 645 exhibentem
1979 608 2176 647 erexerint.
2217 609 2379 650 A‘micus

283 647 411 686 noster
423 647 523 688 illam
540 650 714 702 Augusto
727 650 904 690 Coloniae
920 650 1113 691 fundatori
1131 654 1260 705 potius
1273 652 1434 694 dicatam
1449 655 1656 697 existimat:
1687 659 1820 698 verum
1836 658 1863 698 si
1881 673 1941 700 res
1959 660 2008 700 ita
2027 659 2126 701 foret
2139 689 2150 708 ‚
2178 662 2282 703 idem
2299 678 2378 704 cer-

282 702 322 741 te
339 702 526 742 columnae
543 715 657 757 typus
677 706 736 744 vel
753 706 792 744 in
812 706 964 745 Claudii
986 705 1044 746 vel
1065 706 1236 747 Neronis
1253 709 1419 749 nummis
1442 709 1556 763 hujus
1575 711 1753 752 Coloniae
1775 712 2080 768 frequentissimis
2096 717 2356 765 observaretur
2364 739 2377 766 ;

280 757 599 809 Antiquariorum
629 771 756 802 tamen
781 760 1031 814 disquisitioni
1054 761 1279 803 sententiam
1303 765 1468 804 nostram
1491 765 1540 805 de
1557 767 1727 808 restituta
1747 769 1904 809 Achaiae
1924 773 1944 810 a
1960 770 2187 813 Domitiano
2206 772 2378 816 libertate

279 809 557 860 submittimus,
587 814 748 867 plurima
766 816 867 856 enim
883 817 1031 858 nummi
1045 845 1056 864 ,
1085 817 1134 859 de
1151 819 1291 872 quibus
1308 819 1417 860 s1lent
1433 821 1616 862 Historici
1628 850 1640 870 ‚
1669 837 1741 864 nos
1758 824 1934 866 edocent.

287 883 296 950 ι’
333 888 418 930 Hic
432 905 604 932 nummus
623 894 894 948 medlaefhrmae
913 922 923 941 ‚
953 895 976 935 τὶ
991 911 1048 937 me
1065 904 1122 935 ter
1136 895 1380 948 obfissrvatuh
1409 895 1456 940 ό
1471 898 1514 937 in
1529 900 1662 942 Itiner.
1678 901 1734 943 Cl.
1755 903 1924 943 Weheler
1941 903 2014 959 Eq.
2035 904 2159 960 Angli
2173 906 2378 961 vagatus,

277 953 379 986 enter
396 946 678 1002 eleguntiffi'mos
693 950 929 1004 reponendus.

280 1568 297 1596 1
309 1569 344 1595 M
356 1568 389 1594 P.
415 1550 444 1594 ‘c
458 1568 484 1594 A
497 1569 519 1594 E
533 1568 567 1595 s.
599 1570 658 1595 Do
670 1569 715 1595 M.
748 1568 774 1594 A
789 1569 814 1596 v
826 1569 863 1595 G.
895 1570 921 1596 G
935 1570 958 1595 E
969 1569 1009 1596 R.
1028 1589 1034 1596 .
1053 1588 1106 1597 ...
1145 1555 1280 1612 Caput
1295 1557 1509 1599 Domitiani
1527 1557 1746 1598 laureatum.

336 1623 361 1650 G
375 1623 398 1649 E
411 1623 451 1649 N.
483 1624 505 1650 c
518 1625 544 1649 o
559 1625 595 1650 L.
627 1625 670 1650 A.
703 1623 745 1650 A.
778 1623 800 1649 p
814 1625 838 1650 A
854 1625 919 1651 ΤΚ
933 1625 956 1650 1⁴3
971 1624 1009 1650 N.
1048 1612 1167 1652 Genio
1191 1612 1549 1668 C'oloniae.Az4g2chae
1570 1615 1673 1653 Aroe
1690 1608 1900 1664 Patrensts.
1948 1612 2099 1654 Genius
2122 1612 2250 1655 nudus
2276 1608 2380 1654 stans

390 1679 479 1705 cum
499 1665 691 1720 strophio,
719 1666 853 1706 dextra
869 1678 1036 1719 pateram
1055 1668 1166 1721 super
1185 1682 1268 1714 ara,
1298 1668 1391 1709 laeva
1407 1670 1662 1723 cornucopiae.

336 1743 487 1783 Genius
502 1771 513 1789 ,
542 1757 591 1784 ex
611 1743 788 1783 Varrone
807 1747 844 1783 &
862 1743 975 1784 Festo
988 1772 1000 1790 ,
1029 1745 1077 1785 ab
1097 1745 1263 1799 antiquis
1280 1758 1353 1800 pro
1370 1747 1460 1786 Deo
1476 1748 1546 1800 qui
1563 1747 1639 1786 vim
1660 1746 1818 1788 haberet
1837 1747 2012 1787 omnium
2029 1759 2153 1788 rerum
2170 1745 2380 1803 gignenda-

281 1811 366 1838 rum
378 1825 388 1843 ,
417 1798 632 1844 colebatur;
660 1799 751 1837 ideo
767 1798 818 1838 illi
839 1800 1081 1854 cornucopiae
1097 1800 1209 1840 datur
1221 1828 1232 1847 ‚
1259 1801 1411 1855 ipfique
1423 1801 1522 1842 sacra
1543 1801 1658 1843 fiebat
1675 1816 1784 1842 mero
1796 1831 1807 1849 ‚
1826 1817 1944 1857 quare
1960 1802 2020 1842 ille
2039 1817 2085 1843 ex
2100 1814 2229 1857 patera
2245 1803 2380 1844 vinum

281 1851 391 1906 supra
407 1867 509 1892 aram
526 1853 729 1892 effundens
744 1853 972 1908 depingitur.
1014 1855 1089 1895 Alii
1109 1856 1282 1896 Genium
1301 1857 1377 1898 esse
1396 1869 1628 1912 putaverunt
1644 1857 1939 1912 uniuscujusque
1957 1857 2032 1898 loci
2052 1859 2182 1899 Deum
2202 1873 2210 1898 :
2238 1857 2291 1898 ita
2305 1857 2380 1914 Pa·

279 1907 420 1947 trenses
437 1908 609 1947 Genium
628 1908 668 1946 in
686 1908 853 1948 nummis
869 1908 1150 1957 exhibuerunt,
1179 1925 1268 1951 eum
1291 1925 1333 1954 ut
1352 1912 1576 1954 Tutelarem
1590 1913 1768 1953 Coloniae
1787 1914 1918 1953 Deum
1937 1912 2128 1960 colentes,
2156 1912 2279 1953 forsan
2298 1912 2382 1954 Do-

276 1963 440 2002 mitiano
455 1961 506 2003 de
522 1962 689 2003 Colonia
714 1962 950 2004 benemerito
965 1964 1165 2006 adulantes
1180 1993 1192 2012 ‚
1221 1980 1312 2007 eum
1332 1968 1511 2008 Coloniae
1528 1968 1700 2008 Genium
1721 1968 1961 2022 appellarunt
1972 1995 1985 2014 ‚
2013 1979 2056 2008 ut
2071 1968 2230 2009 alterum
2249 1968 2382 2008 Deum

275 2015 502 2058 Tutelarem
517 2045 530 2066 ‚
557 2019 646 2058 cum
662 2019 742 2072 jam
761 2018 823 2058 ille
839 2019 945 2071 apud
965 2019 1193 2062 Suetonium
1218 2022 1257 2062 in
1283 2022 1366 2071 eius
1385 2024 1464 2064 vita
1487 2037 1566 2078 cap.
1590 2037 1652 2077 13.
1678 2024 1786 2064 Deus
1802 2023 1984 2078 appellari
2002 2023 2124 2065 vellet.
2156 2023 2259 2064 Pari
2274 2034 2381 2063 arro·

269 2073 413 2128 guntin*
432 2087 516 2113 cum
531 2074 994 2126 Procuratorumfitorum
1009 2077 1154 2116 nomine
1158 2077 1365 2129 formalem
1380 2078 1546 2119 distaret
1556 2078 1744 2133 epistolam
1754 2105 1767 2126 ‚
1773 2078 1832 2130 fic
1849 2080 1958 2133 coepit
1968 2093 1980 2117 .·
1999 2076 2382 2123 Dominus&·Deae

280 2127 398 2185 noster
404 2127 463 2180 sic
467 2128 559 2182 fieri
562 2128 694 2182 jubet.

276 2246 281 2251 ι
329 2193 417 2236 ·Hic
442 2210 613 2238 nummus
626 2196 806 2250 ficundae
831 2199 1110 2253 magnitudinis
1124 2225 1137 2247 ,
1164 2198 1323 2241 mutilus
1340 2198 1370 2240 u
1390 2200 1542 2243 Patina
1557 2213 1648 2259 pag.
1675 2208 1762 2257 163.
1777 2203 1858 2256 sub
1881 2205 2008 2245 Genio*
2021 2204 2100 2248 Col,
2118 2201 2381 2259 Antiocherfis

278 2250 488 2306 vulgatus,
515 2251 618 2295 inter
633 2253 995 2306 rarosaffiribitur.
1200 2268 1204 2273 ·

277 2873 296 2903 1
307 2873 343 2900 M
355 2873 391 2899 Ρ.
422 2872 444 2898 c
456 2872 484 2898 A
498 2872 521 2897 E
536 2869 568 2896 s.
598 2870 624 2896 D
637 2867 663 2894 ο
676 2868 713 2895 Μ
725 2868 741 2894 1
754 2868 792 2895 T.
822 2869 850 2896 A
865 2868 892 2896 v
903 2870 940 2896 G.
971 2870 997 2896 G
1013 2871 1034 2896 E
1046 2871 1077 2898 R
1088 2869 1138 2897 M.
1175 2858 1308 2912 Caput
1324 2855 1539 2898 Domitiani
1557 2851 1780 2894 laureatum.

333 2929 358 2956 c
369 2928 395 2954 o
409 2928 448 2954 L.
478 2927 500 2952 Ρ
517 2927 540 2952 Α
556 2925 580 2952 r
594 2925 637 2952 a.
667 2924 699 2950 N
711 2925 735 2950 E
748 2924 769 2950 P
783 2925 807 2950 r
821 2925 847 2949 v
860 2925 891 2950 N
903 2926 942 2951 o.
981 2913 1134 2952 Colonia
1153 2912 1351 2963 Patrensts
1362 2940 1374 2959 ,
1403 2912 1596 2965 Neptuno.
1635 2908 1850 2963 Neptunus
1869 2907 1968 2949 stans
1983 2905 2112 2949 nudus
2125 2934 2138 2955 ,
2165 2905 2269 2963 pede
2283 2904 2374 2953 fiixo

389 2967 571 3023 imposito
584 2995 596 3014 ,
625 2967 757 3006 dextra
775 2966 1001 3020 delphinum
1014 2993 1026 3013 ,
1055 2968 1148 3008 laeva
1166 2967 1369 3008 tridentem
1389 2967 1498 3022 gerit.

292 3065 294 3067 ·
333 3048 465 3089 Urbes
485 3045 681 3088 maritimae
698 3042 931 3099 Neptunum
952 3057 995 3085 ut
1013 3046 1127 3086 maris
1147 3046 1277 3086 Deum
1297 3046 1491 3099 praecipue
1510 3044 1735 3091 coluerunt,
1763 3055 1881 3096 quem
1898 3041 2041 3083 idcirco
2056 3040 2251 3085 Patrenses
2269 3042 2377 3099 apud

281 3103 503 3143 Pausaniam
518 3130 529 3149 ,
557 3112 722 3148 Πελαγκῖον
738 3104 776 3139 &
798 3107 984 3146 Awoemaov
999 3127 1010 3144 ‚
1038 3099 1140 3140 Pela
1164 3114 1258 3140 aeum
1283 3101 1330 3144 (³)-
1354 3100 1615 3154 Afphaliaeum
1645 3099 1709 3140 seu
1737 3098 1960 3138 Tutelarem
1983 3098 2228 3152 appellarunt.
2267 3100 2376 3142 Huic

283 3159 469 3212 ternplum
483 3168 684 3198 erexerunt
696 3157 805 3210 juxta
822 3168 998 3211 portum,
1029 3168 1072 3197 ut
1086 3115 1165 3210 ipsit
1184 3155 1299 3197 tradit
1313 3156 1354 3195 in
1368 3155 1544 3196 Achaicis
1560 3168 1647 3209 pag.
1660 3157 1752 3208 438.
1782 3158 1858 3205 Πςός
1874 3158 1892 3203 5
1908 3163 1951 3203 τῷ
1964 3155 2059 3203 λιμὲἰύι
2073 3159 2248 3197 nummu&
2263 3175 2292 3196 π
2306 3161 2375 3198 mae

285 3216 333 3261 ‚gal
351 3216 479 3263 ἄφιλμοὶ
491 3223 544 3254 {sav
559 3219 636 3264 ὀρθὴν
653 3218 742 3251 ntus.
770 3209 960 3252 Proxime'
976 3210 1031 3250 ad
1032 3219 1189 3266 portum
1202 3210 1380 3266 Neptuni
1397 3209 1586 3263 aedes'aest,
1602 3210 1796 3264 cumfigno
1812 3225 2012 3251 marmoreo
2022 3238 2034 3258 ,
2061 3213 2170 3268 cujus
2185 3213 2308 3253 reft‘us
2325 3210 2391 3267 43st=

268 3270 410 3321 status.
437 3271 665 3311 Tridentem
683 3280 755 3324 pro
771 3267 919 3322 sceptro
936 3267 1054 3322 gerit,
1078 3270 1116 3306 &
1129 3265 1333 3320 delphinus
1350 3266 1419 3328 ipfi
1435 3278 1588 3323 gratus,
1612 3265 1695 3318 ejus
1711 3265 1785 3312 est,
1814 3266 1958 3320 utJovi
1977 3267 2123 3321 aquila,
2144 3267 2369 3322 symbolum.

283 3324 421 3377 Populi
440 3327 628 3380 praecipua
647 3326 685 3365 in
705 3326 873 3375 nummis
892 3322 1071 3364 exhibere
1090 3323 1250 3372 numina
1269 3322 1366 3364 soliti
1387 3333 1494 3363 erant
1509 3349 1521 3368 ‚
1550 3321 1642 3361 ideo
1665 3321 1859 3362 Patrenses
1882 3321 2116 3376 Neptunum
2137 3323 2178 3364 in
2199 3323 2274 3364 suis
2289 3336 2375 3378 per-

285 3380 485 3419 e'uss'erunt.
1222 3382 1225 3386 ’

339 3445 422 3486 Hic
437 3460 605 3488 nummus
621 3450 814 3490 mediocris
817 3448 980 3502 fwmae,
1007 3447 1032 3489 a*
1047 3448 1196 3506 Patina
1203 3460 1297 3505 pag.
1316 3463 1331 3490 1
1341 3454 1405 3504 63.
1423 3449 1628 3506 vulgatus,
1651 3451 1754 3491 inter
1772 3463 1875 3489 raros
1892 3448 2103 3503 collocatur.
