2574 4214
277 220 369 257 116
1066 209 1115 260 N
1219 209 1256 259 E
1360 213 1404 260 R
1508 213 1568 259 O.

271 278 369 331 cipis
393 277 617 318 memoriam
640 278 680 317 in
704 278 872 318 nummis
894 277 969 318 suis
995 279 1276 334 consignarunt.
1309 276 1401 332 Jam
1420 278 1619 320 annotavit
1643 277 1683 319 P.
1701 277 1930 320 Harduinus
1948 292 2034 336 pag.
2057 282 2116 322 86.
2144 279 2365 325 Tristanum

274 333 379 373 hunc
393 347 592 373 nummum
609 347 695 387 pag.
715 346 734 373 2
745 339 804 374 16.
825 347 912 374 curn
929 333 1138 388 epigraphe
1156 334 1289 375 mutila
1317 348 1341 373 E
1354 348 1380 374 x
1412 348 1524 375 c0N.
1555 349 1579 375 c
1592 349 1627 375 c.
1658 348 1674 375 1
1686 348 1716 375 1.
1742 349 1944 390 perperam
1965 350 2015 376 ex
2028 336 2204 389 consensu
2218 340 2363 379 civita-

274 394 357 428 tum
374 390 587 442 Campania
604 388 764 428 duarum
779 389 1068 442 interpretatum
1085 388 1171 429 elle.

270 518 293 558 b
326 464 410 504 Hic
433 479 604 506 nummus
627 466 774 506 minimi
798 464 965 513 moduli,
993 465 1018 505 a
1043 463 1214 518 Tristano
1238 472 1328 506 tom.
1353 478 1385 506 1.
1401 476 1498 521 pag.
1520 471 1608 508 216.
1632 467 1817 524 vaggatus
1832 495 1845 518 ,
1880 471 1982 510 inter
2005 469 2204 523 rariſjimos
2225 471 2365 524 acffcri-

294 521 423 562 endas.
1422 537 1425 539 ’

259 1108 327 1139 ΝΕ
342 1108 409 1137 Ro
441 1108 540 1138 CLA
555 1108 717 1136 vmvs
749 1110 811 1137 cA
827 1109 881 1137 Es
897 1109 922 1135 A
939 1109 970 1137 R
1002 1109 1029 1136 A
1044 1110 1121 1138 vo.
1152 1103 1272 1138 GER.
1309 1095 1445 1152 Caput
1460 1096 1635 1138 Neronis
1649 1097 1849 1140 radiatum.

314 1168 350 1195 o.
369 1167 405 1248 103.
429 1167 456 1192 1.
481 1166 516 1192 B.
547 1165 570 1191 E
587 1165 613 1190 x
645 1167 668 1192 c
680 1166 707 1192 o
720 1166 751 1193 N
764 1166 783 1193 s
798 1167 821 1193 E
834 1165 865 1192 N
878 1166 897 1192 s
912 1166 939 1193 v
968 1167 1007 1193 D.
1046 1153 1203 1195 Colonia
1227 1153 1451 1210 Campestris
1474 1152 1592 1208 Julia
1616 1153 1754 1196 Babba
1765 1179 1778 1204 ,
1815 1168 1865 1195 ex
1888 1154 2062 1209 confinfit
2088 1156 2363 1200 Decurionum.

406 1222 449 1248 os
466 1218 692 1261 cornupeta.

311 1285 391 1326 Bos
408 1286 446 1326 in
465 1285 541 1326 hoc
554 1297 716 1326 nummo
733 1300 813 1327 non
830 1286 984 1341 quietus
996 1313 1009 1335 ,
1037 1299 1082 1330 ut
1098 1287 1278 1329 Coloniae
1293 1286 1508 1343 symbolum
1521 1315 1533 1336 ‚
1563 1302 1644 1330 non
1660 1288 1780 1329 infula
1796 1288 1973 1345 insignis,
2000 1304 2073 1330 nec
2089 1291 2193 1332 vittis
2207 1302 2365 1334 ornatus

253 1355 327 1396 pro
343 1340 529 1382 sacrificiis
541 1368 553 1388 ‚
582 1341 647 1381 sed
663 1355 900 1396 cornupeta,
928 1345 1131 1391 oepdfflua&,
1160 1345 1229 1399 qui
1248 1346 1431 1385 cornibus
1450 1344 1560 1385 ferire
1576 1357 1729 1400 paratus
1749 1366 1760 1392 3
1787 1345 1878 1386 ideo
1899 1360 1976 1386 non
1999 1345 2264 1388 sacrificandus
2281 1374 2292 1394 ,
2320 1358 2366 1389 ut

255 1409 367 1450 putat
391 1397 547 1438 Patinus
573 1412 660 1452 pag.
690 1411 777 1449 115.
808 1397 874 1438 sed
900 1397 1012 1438 ludos
1035 1398 1179 1440 indicat
1203 1401 1226 1440 a
1249 1400 1512 1442 Babbenfibus
1534 1401 1573 1440 in
1598 1401 1788 1442 honorem
1815 1400 1988 1442 Neronis
2011 1401 2061 1442 de
2081 1400 2119 1441 se
2138 1402 2363 1445 benemeriti

253 1452 440 1507 Principis
456 1453 504 1493 ad
522 1452 606 1505 ejus
622 1454 877 1495 imitationem
896 1453 1032 1494 editos.
1070 1454 1184 1497 Nero
1203 1456 1371 1511 quippe,
1401 1469 1443 1498 ut
1459 1457 1604 1497 indicat
1622 1458 1703 1497 Dio
1718 1457 1781 1498 lib.
1793 1464 1855 1498 61.
1874 1471 1960 1513 pag.
1977 1462 2068 1511 693.
2091 1457 2233 1499 Romae
2248 1458 2363 1501 ludos

256 1510 295 1547 &
314 1519 512 1549 taurorum
530 1508 742 1562 spestacula
762 1509 935 1550 exhibuit
949 1524 957 1549 ζ
987 1520 1020 1547 Εν
1036 1513 1066 1548 τέ
1080 1529 1130 1550 τινι
1146 1517 1212 1559 θέᾳ
1225 1517 1326 1562 σ’ίνδῴες
1340 1517 1444 1563 πιείρῃ
1455 1517 1516 1552 Son*
1531 1518 1630 1553 ἵππων
1645 1516 1900 1563 πμωῗρμθὲονπς
1915 1521 1999 1558 σφίσι
2016 1543 2026 1555 ,
2049 1518 2237 1564 κατέςρεφοῦ.
2274 1514 2360 1554 Per

253 1563 300 1604 id
312 1573 458 1619 tempus
472 1565 616 1605 editum
632 1565 948 1618 cstspefi‘aculum
959 1590 970 1610 ‚
999 1566 1040 1605 in
1057 1579 1128 1621 quo
1145 1565 1312 1606 homines
1327 1570 1369 1607 in
1385 1582 1490 1624 equas
1506 1567 1726 1619 infidentes,
1755 1584 1887 1624 magno
1905 1569 2013 1620 cursu
2028 1580 2144 1625 atque
2161 1572 2303 1624 impetu
2319 1572 2362 1611 in
2421 1610 2423 1612 .

253 1628 382 1660 tauros
390 1621 506 1674 saffo
519 1649 530 1667 ,
560 1635 620 1661 eos
636 1623 861 1661 occiderunt.
899 1620 1016 1661 Tales
1034 1621 1117 1675 typi
1137 1621 1175 1661 in
1193 1623 1381 1676 argenteis
1399 1624 1565 1679 Augusti
1584 1625 1753 1666 nummis
1772 1638 1861 1666 cum
1881 1626 1982 1666 bove
1996 1638 2208 1682 cornupeta
2227 1629 2267 1666 δε
2281 1625 2364 1681 epi*

252 1675 401 1730 graphe
431 1689 540 1716 IMP.
565 1690 600 1716 x.
629 1676 669 1716 in
688 1677 767 1716 aliis
797 1691 812 1716 1
826 1691 860 1716 Μ
873 1691 908 1717 P.
935 1691 959 1716 x
975 1690 989 1715 1
1009 1690 1038 1715 1.
1070 1676 1328 1717 observantur.

305 1753 390 1793 Hic
410 1769 582 1796 nummus
593 1753 774 1807 secundae
795 1753 1071 1810 magnitudinis
1089 1781 1101 1801 ,
1129 1755 1153 1794 a
1170 1755 1321 1796 Patina
1333 1766 1427 1811 pag.
1450 1770 1466 1797 1
1478 1771 1494 1798 1
1506 1769 1537 1810 5.
1563 1757 1749 1814 vaggatm
1760 1786 1773 1807 ,
1800 1761 1900 1802 inter
1923 1761 2168 1817 elegantiores
2185 1772 2362 1802 annume-

252 1817 375 1851 ratur.

939 1876 1458 1921 CARTHAGO
1513 1880 1676 1947 Africae.

245 2409 397 2452 'NERO
429 2389 529 2450 c'LA*
544 2419 623 2447 vn.
652 2417 801 2447 cans.
831 2418 858 2446 A
873 2418 954 2446 vc.
993 2404 1127 2461 Caput
1145 2400 1320 2447 Neronis
1334 2399 1560 2446 laureatum.
2195 2455 2197 2458 Α

301 2480 338 2506 c.
361 2478 389 2504 1.
412 2479 445 2505 c.
471 2476 511 2504 A.
536 2477 574 2504 D.
595 2478 632 2504 o.
664 2462 820 2504 Colonia
831 2461 949 2516 Julia
966 2463 1158 2518 Carthago
1174 2464 1374 2518 Antiqua,
1396 2461 1544 2503 decreto
1557 2458 1834 2501 Decttrionum.
1862 2460 2043 2502 Colonus
2058 2474 2175 2518 agens
2190 2462 2321 2507 boves.

298 2543 365 2584 De
381 2541 618 2596 Carthagine
638 2539 777 2583 Africae
792 2540 950 2596 inJulio
968 2545 1007 2583 &
1025 2541 1239 2596 Agrippina
1258 2542 1405 2596 majore
1425 2540 1571 2582 diuum
1592 2539 1658 2580 est.
1704 2538 1771 2579 Illa
1789 2539 1829 2579 in
1846 2551 2010 2580 nummo
2032 2541 2211 2596 Antiqua
2225 2542 2354 2596 perhi—

245 2599 357 2641 betur
373 2627 385 2646 ,
413 2598 463 2638 ad
488 2597 772 2639 distinctionem
798 2598 1043 2654 Carthaginis
1068 2596 1284 2652 Hispanicae
1302 2625 1314 2644 ,
1344 2612 1430 2652 quae
1453 2595 1575 2636 Nova
1602 2593 1791 2650 appellata
1815 2594 1879 2635 est.
1920 2596 1983 2636 De
2002 2594 2100 2636 illius
2123 2597 2352 2652 antiquitate

244 2667 370 2697 narrat
386 2653 570 2694 Eusebius
586 2654 626 2692 in
647 2654 796 2695 Chron.
815 2668 933 2708 quarn
951 2654 1038 2709 post
1053 2653 1223 2694 Romam
1241 2667 1305 2705 70.
1327 2652 1436 2693 annis
1453 2651 1474 2691 a
1492 2651 1649 2692 Didone
1666 2651 1786 2705 Tyria
1803 2650 1999 2692 conditam
2017 2677 2029 2698 ,
2057 2652 2138 2691 imo
2160 2664 2249 2693 ante
2267 2653 2353 2694 Ro·-

245 2725 347 2751 mam
368 2724 431 2760 72.
448 2709 558 2749 annis
574 2708 871 2763 traditJustinus
888 2710 950 2750 lib.
977 2725 991 2750 1
1003 2712 1037 2751 8.
1055 2723 1136 2763 cap.
1157 2713 1192 2749 6.
1223 2708 1389 2750 Condita
1407 2707 1458 2760 est
1475 2707 1561 2747 urbs
1577 2706 1659 2747 haec
1680 2721 1706 2747 L
1719 2719 1780 2747 xx
1791 2719 1807 2747 1
1820 2719 1849 2747 1.
1864 2709 1979 2748 annis
1996 2715 2199 2764 antequam
2213 2708 2350 2751 Roma:

244 2767 295 2808 Et
311 2766 442 2806 saltem
465 2779 525 2818 50.
545 2763 573 2804 fi
590 2764 722 2806 credas
740 2765 924 2820 Appiano
940 2765 980 2805 in
997 2765 1129 2818 Lybie.
1150 2764 1255 2804 unde
1274 2763 1457 2818 Virgilius
1476 2762 1632 2803 AEneid.
1656 2775 1688 2802 1.

836 2820 938 2860 Urbs
955 2823 1118 2876 antiqua
1122 2819 1235 2874 fitit,
1264 2818 1371 2872 Zyrii
1386 2828 1537 2859 tenuere
1553 2817 1696 2864 coloni,

243 2929 565 2986 Carthaginenses
589 2929 743 2970 Neroni
767 2875 1150 2971 nurrfrigshci‘iissarunt
1165 2955 1178 2976 ,
1205 2927 1276 2983 ipfi
1303 2927 1428 2968 forsan
1450 2927 1705 2981 gratulantes,
1734 2926 1845 2982 quod
1865 2925 2034 2968 edietum
2058 2925 2110 2967 de
2133 2927 2349 2971 condendis

244 2988 400 3027 urbibus
415 2987 453 3026 in
471 2985 602 3026 Africa
619 2999 666 3024 ex
683 2984 822 3025 finibus
839 2984 1152 3039 Carthaginenfis
1172 2984 1379 3038 provinciae
1396 2984 1435 3022 in
1454 2982 1673 3038 sEgyptum
1692 2982 1812 3038 usque
1826 2982 2149 3038 promulgaverit,
2178 2997 2221 3025 ut
2235 2997 2348 3027 vetus

245 3043 348 3095 apud
366 3043 577 3082 Gruterum
597 3040 792 3094 inscriptio
811 3055 883 3080 nos
901 3041 1050 3081 edocet.
1087 3039 1228 3093 Typus
1245 3038 1374 3078 coloni
1390 3038 1510 3078 boves
1526 3038 1702 3079 ducentis
1713 3065 1726 3085 ,
1751 3039 1792 3079 in
1810 3039 2034 3080 memoriam
2050 3039 2227 3089 Coloniae
2242 3039 2347 3096 aJu-

245 3096 297 3137 lio
310 3097 457 3138 Caesare
475 3096 650 3136 deduetae
662 3123 674 3144 ,
702 3098 723 3135 a
743 3110 826 3150 quo
843 3095 956 3136 Nero
975 3095 1164 3149 originem
1185 3093 1376 3139 ducebat,
1405 3093 1572 3148 fignatus
1589 3093 1752 3134 videtur.

299 3173 381 3213 Hic
397 3187 567 3216 nummus
583 3174 639 3216 ad
651 3175 809 3217 tertiam
813 3173 951 3230 potius
966 3171 1079 3229 quam
1096 3172 1153 3213 ad
1155 3170 1366 3224 secundam
1370 3170 1543 3226 formam
1549 3172 1734 3228 speb‘t'ans
1743 3198 1758 3221 ,
1785 3173 1934 3214 eximiae
1950 3173 2129 3214 raritatis
2146 3172 2196 3228 est
2207 3171 2256 3218 ὠ
2267 3173 2342 3226 ele<

237 3237 397 3285 ganttae.

967 3292 1616 3337 CASSANDRIA.

245 3885 312 3915 Nn
325 3879 392 3910 κο
424 3880 483 3910 ct.
497 3880 524 3908 A
539 3879 667 3908 νων
681 3877 700 3905 s
734 3878 795 3905 CA
808 3878 872 3906 Es.
905 3878 933 3905 A
946 3878 1023 3907 vo.
1051 3876 1081 3907 α
1094 3878 1218 3908 ERM.
1249 3880 1283 3907 ι».
1305 3880 1356 3908 M.
1386 3878 1463 3908 rit.
1488 3881 1524 3908 p.
1555 3879 1589 3906 Ρ.
1607 3878 1643 3905 ι’.
1683 3864 1817 3918 Caput
1833 3861 2007 3905 Neronis
2022 3864 2222 3906 radiatum.

300 3941 324 3969 c
336 3939 362 3965 o
375 3939 410 3965 L.
441 3939 456 3964 1
466 3938 493 3964 v
504 3939 541 3965 L.
574 3937 602 3964 A
614 3936 642 3963 v
655 3935 696 3962 G.
725 3935 750 3988 e
763 3934 789 3960 A
801 3933 821 3961 s
833 3935 852 3960 s
867 3934 893 3960 A
907 3934 938 3961 N
948 3936 976 3962 D
986 3935 1018 3962 R
1028 3935 1051 3962 E
1064 3934 1094 3961 N
1104 3935 1130 3962 s.
1159 3922 1314 3963 Colonia
1327 3922 1445 3976 Julia
1458 3920 1631 3977 Augusta
1646 3919 1930 3973 Caffandrensts.
1967 3920 2100 3975 Caput
2109 3920 2220 3975 jovis
2235 3921 2332 3963 Am-

350 3979 486 4021 monis.
2323 3998 2334 4009 .

2216 4029 2328 4072 Titu-

2343 4099 2384 4133 O
