2574 4214
2186 220 2270 270 ης

189 308 744 451 ἓξῇᾒὲιῆἓὲ
880 304 1309 448 3233}ss
1326 305 2279 455 {Qua

756 524 848 612 Ν
1041 522 1381 610 ER
1575 523 1691 615 O.

196 1198 289 1231 sQ-
305 1217 404 1221 ἡ
422 1198 480 1227 „33
513 1172 543 1214 E
559 1184 586 1215 R
603 1188 653 1221 o,
680 1183 724 1216 ut
741 1174 868 1229 inquit
886 1174 1116 1224 Suetonius,
1142 1175 1229 1217 cum
1253 1176 1415 1234 augendi
1433 1176 1743 1233 propagandique
1760 1175 1916 1233 Imperii
1937 1190 2056 1235 neque
2074 1174 2280 1222 voluntate·

196 1202 491 1298 {MYQQQ
509 1231 587 1270 ulla
599 1258 610 1275 ,
639 1244 754 1286 neque
764 1231 834 1286 spe
857 1241 980 1271 motus
1001 1245 1165 1286 unquam
1179 1232 1321 1287 fuiffi2t
1336 1261 1348 1281 ‚
1377 1234 1502 1274 'Ponti
1521 1233 1626 1273 modo
1644 1248 1796 1289 regnum
1814 1235 2037 1276 concedente
2055 1236 2278 1285 Polemone,

195 1276 266 1337 ἐξ]
318 1304 365 1355 N
394 1285 481 1343 (25²
509 1287 600 1325 item
620 1287 795 1340 Alpium,
821 1286 997 1339 defunbio
1011 1291 1159 1335 Cottio,
1186 1291 1228 1328 in
1242 1290 1451 1342 provinciae
1464 1289 1626 1340 formam
1641 1290 1793 1343 redegit.
1830 1290 2017 1332 Colonias
2035 1293 2128 1332 vero
2144 1293 2182 1332 in
2202 1294 2278 1334 Ita-

194 1344 212 1367 Ξ
236 1352 267 1381 n
282 1337 292 1353 ⁴
410 1338 450 1383 ’,ΓΤ
510 1341 557 1381 lia
583 1342 778 1383 constituit
800 1345 965 1381 Antium
990 1345 1028 1381 &
1046 1345 1210 1382 Atinam
1233 1344 1273 1382 in
1289 1344 1424 1391 Latio,
1451 1345 1715 1385 Beneventum
1738 1345 1778 1384 in
1798 1345 2023 1399 Herpiniis,
2053 1349 2222 1401 Capuam
2239 1351 2280 1387 &

179 1385 370 1464 go„
390 1406 475 1467 »ἦέ
510 1396 720 1437 Nuceriam
732 1398 956 1452 Campaniae
972 1397 1112 1438 additis
1123 1398 1326 1440 Veteranis
1341 1398 1528 1445 firmavit·,
1559 1401 1716 1440 ‘Puteoli
1734 1401 1823 1440 urbs
1839 1401 1878 1440 in
1888 1401 2103 1455 Campania
2116 1403 2180 1456 jus
2193 1403 2279 1443 Co-⁴

195 1455 419 1488 Ξᾶψω“””ω
441 1454 490 1493 υἷ’
509 1453 620 1492 loniae
637 1457 674 1493 &
692 1466 996 1506 cognomentum
1022 1453 1069 1493 ab
1096 1467 1147 1494 eo
1171 1453 1313 1507 adepta
1336 1455 1421 1502 est3
1450 1454 1639 1508 Saepinum
1657 1456 1697 1494 in
1713 1456 1910 1496 Samnium
1927 1456 2110 1497 deduxit:
2141 1458 2280 1512 Legio-

176 1515 246 1550 nes
275 1508 390 1548 etiam
423 1519 497 1549 tres
527 1509 686 1550 instituit
702 1535 714 1559 ³
743 1510 920 1550 Primam
940 1508 1122 1550 Italicam
1137 1535 1150 1556 ,
1180 1509 1358 1550 Primam
1376 1510 1571 1561 Clafficam
1586 1537 1600 1558 ‚
1628 1513 1668 1550 &
1688 1510 1903 1566 Hispanam
1920 1531 1934 1558 5
1961 1512 1983 1551 a
2000 1512 2126 1552 Galba
2142 1513 2276 1567 postea

176 1564 465 1608 exauoffiratam.

229 1641 274 1686 N
285 1657 308 1682 E
320 1656 349 1683 R
363 1657 389 1682 o
405 1657 433 1682 N
446 1657 461 1683 1
473 1656 490 1682 s
517 1644 659 1684 nummi
668 1645 803 1696 primae
817 1639 1096 1700 magnitudinis
1110 1641 1294 1683 hactenus
1314 1655 1388 1683 non
1409 1643 1602 1696 obfirvati
1614 1643 1742 1696 ficiit3
1760 1643 1941 1696 ficundae
1958 1642 2006 1690 ό
2026 1645 2279 1701 minimaefor-g'

176 1710 244 1741 mae
256 1724 269 1745 ,
296 1697 400 1739 obvii
417 1696 704 1757 &frequentes-

1011 1785 1438 1836 BARBA.

175 2330 207 2364 Ν
219 2331 243 2361 Ε
258 2329 287 2360 R
298 2330 324 2360 0
353 2327 577 2359 cmvmvs
609 2329 633 2358 c
649 2327 672 2357 A
684 2328 710 2357 E
723 2328 742 2357 s
757 2327 783 2357 A
797 2330 839 2359 R.
875 2315 1010 2372 Caput
1031 2313 1206 2359 Neronis
1223 2311 1386 2359 nudum·
1641 2368 1652 2372 ἢ
2047 2370 2054 2371 7
2260 2371 2274 2376 Ἲς

225 2389 265 2420 c.
298 2388 334 2415 c.
365 2387 393 2414 1.
426 2388 460 2414 B.
493 2388 515 2413 E
528 2387 553 2413 x
586 2387 644 2414 co
658 2386 686 2413 N
702 2387 734 2412 s.
765 2388 801 2414 o.
843 2373 998 2414 Colonia
1019 2374 1240 2431 Campestris
1259 2374 1378 2429 Julia
1397 2367 1538 2415 Babba
1562 2381 1613 2413 εκ
1631 2369 1809 2425 consenfii
1825 2369 2105 2416 Decurionam.
2139 2371 2279 2429 Capua

282 2430 502 2476 barbatum,
530 2441 618 2470 ante
636 2428 744 2483 quod
762 2428 927 2484 serpens.

190 2528 193 2531 ·
225 2507 358 2549 Babba
376 2536 388 2556 ‚
417 2509 505 2549 urbs
519 2507 700 2548 Caelareae
712 2508 931 2563 Tingitanae
949 2536 962 2556 ‚
989 2520 1034 2551 ut
1051 2509 1236 2564 plurimos
1254 2508 1423 2550 Claudio
1439 2533 1452 2557 ,
1480 2511 1502 2549 a
1522 2522 1604 2564 quo
1622 2507 1851 2552 beneficium
1869 2508 2071 2565 quoddam
2088 2509 2275 2565 accepiffie

170 2563 322 2605 videtur
333 2591 345 2610 ,
373 2575 552 2604 nummos
570 2563 782 2611 dedicavit,
809 2565 861 2605 ita
878 2564 1029 2606 Neroni
1050 2565 1136 2606 suos
1155 2559 1371 2613 consectam
1399 2568 1436 2605 &
1453 2566 1543 2606 cum
1559 2565 1624 2606 hic
1641 2567 1791 2606 tantum
1804 2566 1963 2607 Caesaris
1978 2579 2122 2606 nomen
2142 2564 2275 2620 praefe-

171 2630 229 2663 rat
245 2631 334 2659 cum
349 2620 474 2672 capite
494 2619 600 2658 nudo
617 2643 629 2664 ,
657 2634 701 2659 ac
717 2619 795 2660 fine
814 2634 957 2660 corona
973 2647 985 2666 ,
1013 2635 1215 2661 nummum
1233 2622 1272 2660 in
1290 2620 1512 2676 adoptionis
1536 2624 1621 2675 ejus
1640 2623 1924 2663 monimentum
1943 2621 2159 2675 percussum
2175 2620 2273 2661 arbi-

172 2685 325 2716 tramur.
360 2673 542 2713 Tacitum
569 2673 699 2713 audias
721 2674 770 2713 de
797 2674 893 2714 illius
922 2673 1134 2729 adoptione
1155 2676 1382 2729 loquentem
1409 2676 1544 2716 Annal.
1569 2677 1629 2716 lib.
1651 2690 1717 2717 22.
1756 2677 1806 2716 L.
1824 2676 2029 2717 Domitius
2049 2675 2273 2730 adoptione,

172 2742 260 2768 mox
279 2731 320 2768 in
339 2729 531 2782 imperium
546 2722 593 2770 ὁ
610 2737 888 2781 cognomentum
908 2729 1076 2770 Neronis
1095 2729 1274 2782 aascitus.
1350 2730 1484 2770 verum
1497 2731 1698 2770 inclinatio
1709 2731 1841 2785 populi
1858 2734 2048 2785 supererat
2068 2744 2116 2769 ex
2136 2744 2270 2770 memo-

171 2786 230 2824 ria
249 2784 489 2829 Germanici,
517 2783 625 2838 cujus
641 2783 708 2823 illa
723 2783 866 2839 reliqua
873 2783 1022 2836 soboles
1037 2784 1174 2824 virilis.
1213 2785 1346 2838 Caput
1360 2784 1453 2824 illud
1471 2782 1670 2825 barbatum
1687 2813 1699 2832 ‚
1727 2786 1936 2840 AEsculapii
1952 2786 2007 2826 est
2020 2813 2032 2832 ‚
2061 2798 2178 2839 quem
2197 2785 2268 2825 ser-

168 2852 266 2895 pens
289 2839 424 2892 Salutis
447 2838 660 2894 symbolum
681 2838 840 2879 denotat
860 2854 868 2877 :
896 2839 926 2879 is
944 2840 1046 2879 enim
1069 2839 1109 2878 in
1133 2850 1293 2879 nummo
1309 2838 1477 2893 fignatus
1493 2840 1542 2880 ad
1561 2840 1811 2882 indicandum
1828 2842 1911 2897 ejus
1928 2841 2034 2896 apud
2052 2840 2269 2882 Babbenses

169 2894 338 2941 cultum,
367 2895 422 2936 uti
432 2894 575 2949 Jovem
593 2893 660 2935 sub
678 2894 773 2935 tauri
794 2893 913 2949 figura
930 2894 970 2934 in
983 2893 1138 2935 Claudii
1155 2895 1322 2934 nummis
1338 2895 1389 2934 illi
1407 2895 1679 2950 percusstzrunt.

170 2997 173 3001 ·
223 2972 307 3014 Hic
322 2980 493 3014 nummus
508 2975 654 3014 minimi
669 2972 808 3014 moduli
822 2975 923 3013 inter
944 2975 1103 3014 rariores
1123 2972 1357 3014 collocandus
1369 3000 1380 3019 ,
1409 2974 1594 3030 vulgatus
1611 2989 1661 3015 ex
1681 2974 1817 3032 Musbo
1835 2973 2127 3033 Sangenovejfaeo
2143 2976 2185 3017 in
2201 2972 2268 3028 Sei

162 3030 276 3086 guini
291 3031 380 3070 edit.
395 3043 428 3070 2.
432 3041 525 3087 pag.
541 3043 562 3084 3
574 3043 588 3069 1
598 3031 633 3071 8.
653 3043 754 3071 nunc
771 3033 814 3070 in
829 3029 1018 3082 Thesauro
1036 3029 1157 3084 Regio
1172 3028 1401 3082 affirvatur.

167 3619 313 3652 NERO
343 3624 616 3655 cmivmvs
646 3625 878 3655 CAESAR.
910 3626 1026 3656 Avo.
1063 3604 1384 3670 CaputN‘eronis
1401 3606 1564 3657 nudumj

220 3682 257 3708 c.
277 3681 309 3707 c.
334 3681 361 3708 1.
386 3683 476 3764 1331)ss
490 3683 610 3765 xfco·
618 3683 694 3765 1³be
726 3684 765 3711 D.
803 3669 958 3711 Colonia
983 3672 1205 3726 Campestris
1224 3672 1342 3725 Julia
1365 3673 1499 3713 Babba
1516 3699 1529 3719 ‚
1557 3684 1607 3711 ex
1632 3669 1808 3725 consinsit
1831 3669 2108 3714 Decurionum.
2152 3672 2260 3726 Pons

273 3736 361 3763 cum
377 3735 424 3765 tl'l
454 3739 496 3765 US
530 3739 648 3765 Ol'sslcl
678 3739 729 3766 US.

216 3799 351 3841 Babba
366 3802 407 3842 in
418 3802 712 3844 Mediterraneis
729 3807 751 3844 a
768 3804 869 3845 Lixo
885 3805 1036 3846 littorali
1053 3806 1203 3860 oppido
1215 3817 1361 3847 remota
1371 3834 1383 3853 ‚
1401 3807 1494 3848 teste
1506 3805 1632 3846 Plinio
1648 3805 1708 3847 lib.
1726 3819 1756 3854 ς.
1768 3821 1850 3862 cap.
1868 3820 1901 3848 1.
1922 3807 1988 3848 Ab
1998 3808 2106 3848 Lixo
2122 3821 2191 3849 xt„
2202 3822 2254 3849 M.

162 3856 204 3910 in
221 3855 498 3897 Mediterraneo
517 3858 639 3898 altera
662 3860 823 3913 Augusti
841 3861 996 3901 Colonia
1012 3861 1061 3907 esl
1076 3889 1087 3907 ‚
1116 3862 1252 3902 Babba
1274 3862 1388 3914 Julia
1409 3862 1632 3916 Campestris
1649 3862 1839 3917 appellata
1856 3890 1867 3908 ,
1897 3863 1964 3904 fita
1985 3864 2041 3904 est
2065 3863 2115 3903 ad
2133 3865 2258 3904 Guar-

161 3923 277 3964 guam
293 3924 442 3952 amnem
455 3939 468 3960 ‚
496 3914 517 3952 a
532 3913 715 3953 Baroniso
732 3928 866 3955 monte
878 3943 890 3963 ‚
920 3916 946 3955 fi
968 3915 1063 3971 fides
1078 3916 1129 3957 V.
1143 3917 1205 3958 Cl.
1221 3918 1397 3972 Drapper
1414 3919 1454 3958 in
1465 3918 1626 3958 Tabulis
1643 3932 1766 3971 nuper
1781 3919 1831 3958 de
1843 3918 1970 3959 Africa
1982 3918 2117 3965 editis,
2145 3933 2257 3959 exor-

159 3976 265 4060 tum?
292 3966 331 4006 in
346 3980 430 4061 {luo
445 3967 487 4008 N
491 3981 558 4008 ero
574 3981 736 4022 pontem
751 3971 968 4012 exstruxisse
981 3972 1154 4021 videtur,
1181 3973 1290 4027 cujus
1307 3974 1490 4028 eotypum
1510 3972 1727 4014 Babbcnses
1741 3972 1791 4014 ad
1807 3974 2142 4015 munificentiffimi
2153 3974 2260 4014 Prin-

251 4035 318 4060 om.
371 4051 379 4061 .
1503 4028 1534 4070 P
1562 4042 1583 4069 2
2167 4029 2264 4083 cipis
