2491 4219
732 162 1675 238 CARACALLAg
2166 168 2243 242 ng

947 285 1442 329 PHILIPPL

147 871 209 916 {M
219 880 252 907 P.
283 879 334 907 M.
366 879 394 908 A
407 880 434 907 v
446 881 477 908 R
488 880 512 906 E
525 880 563 908 ι.
595 878 622 907 A
636 878 667 906 N
679 879 703 906 T
715 880 742 906 o
754 880 786 907 N
799 880 815 907 1
826 879 869 906 N.
906 867 1040 922 Caput
1058 867 1261 910 Caracalla:
1276 867 1499 909 laureatum.

203 937 227 964 c
238 937 264 962 ο
278 937 316 962 L.
348 936 376 962 A
390 937 417 962 v
430 937 470 962 G.
502 936 517 961 1
529 937 556 962 v
568 936 607 961 L.
635 922 673 962 in
690 922 768 962 aliis
798 936 852 962 1v
863 936 900 962 L.
934 936 961 961 A
972 937 997 963 v
1008 938 1048 963 o.
1080 938 1101 963 Ρ
1113 939 1140 964 n
1155 938 1168 963 1
1182 939 1207 964 L
1222 937 1234 963 1
1250 938 1283 964 P.
1323 924 1478 965 Colonia
1498 920 1614 975 Julia
1636 920 1807 976 Augusta
1828 919 2091 976 Philsppezfiv.
2136 920 2239 973 Dua}

255 977 385 1033 figurae
400 977 440 1018 in
457 977 554 1024 basi,
582 991 657 1017 una
672 976 864 1018 muliebris
881 977 989 1019 alteri
1006 978 1196 1033 paludatae
1213 993 1394 1020 coronam
1410 980 1625 1033 imponens,

178 1079 182 1085 -
198 1053 386 1109 Philippi,
414 1055 504 1096 urbs
521 1054 574 1096 est
589 1053 702 1096 altera
721 1053 987 1103 Macedoniae,
1014 1057 1182 1109 cujusl).
1198 1056 1321 1098 Lucas
1340 1051 1424 1099 Ast.
1440 1065 1500 1099 16.
1516 1055 1701 1097 meminit.
1732 1061 1837 1102 Enaffiv
1850 1073 1878 1093 π
1891 1062 1929 1096 εἰς
1943 1062 2093 1096 ‘aalma
2107 1058 2124 1098 ἦ
2138 1058 2179 1096 ‘ize
2195 1052 2239 1097 εςί

142 1113 308 1153 ’πεώτηθιῆς
322 1115 465 1160 famis&
480 1118 531 1151 τῆς
548 1116 733 1152 Μακεδονίας
747 1114 843 1153 πόλις,
869 1118 1006 1152 κλωνία.
1036 1112 1097 1151 Et
1112 1112 1219 1152 illinc
1236 1112 1438 1167 ‘Philippos
1452 1126 1534 1168 quae
1552 1113 1601 1164 est
1607 1113 1736 1165 prima
1752 1111 1986 1150 Macedoniae
1996 1112 2125 1164 partis
2139 1113 2240 1150 civi-

133 1175 230 1213 itas,
258 1166 422 1207 Colonia.
460 1166 536 1206 Hae
551 1180 686 1207 omnes
707 1167 819 1206 urbes
840 1167 878 1206 in
894 1167 1098 1207 Caracauae
1121 1166 1313 1207 honorem
1336 1181 1516 1208 nummos
1533 1165 1745 1221 percuffisse
1759 1165 1961 1212 videntur,
1989 1166 2078 1206 cum
2094 1166 2134 1205 in
2151 1166 2240 1206 Ma-

104 1220 112 1227 '
143 1221 346 1262 cedoniam
361 1220 525 1268 transiit,
551 1221 592 1261 in
611 1222 755 1275 Syriam
771 1220 1011 1276 profecturus
1022 1249 1035 1269 ,
1063 1221 1114 1262 de
1134 1236 1217 1275 quo
1232 1222 1368 1262 Suidas
1383 1223 1422 1262 in
1438 1224 1616 1276 Excerpt.
1647 1224 1751 1263 Επετὸἢ
1767 1224 1786 1270 5³
1803 1228 1827 1275 ἢ,
1844 1230 1870 1260 ἐς
1887 1224 1939 1259 τὼ)
1958 1224 2145 1259 Μακεδόνων
2159 1228 2237 1267 acpt-

141 1295 222 1320 κετο,
246 1278 424 1326 Αλέξοωῆοον
438 1280 535 1316 {anuh
550 1281 709 1327 ώνόμωσῑν.
735 1275 942 1331 Postquam
957 1278 999 1316 in
1012 1276 1279 1316 Macedoniam
1287 1279 1481 1331 perrexit,
1499 1278 1546 1328 st?
1566 1277 1833 1318 Alexandrum
1849 1279 2017 1317 voca-vit.
2048 1277 2236 1318 Macedo-

131 1345 213 1375 *nes
232 1331 302 1386 ipsi
318 1332 554 1373 blandientes
571 1360 584 1380 ,
611 1332 721 1387 quod
740 1332 801 1372 ille
819 1330 991 1385 prodiret
1006 1345 1076 1385 per
1090 1332 1203 1371 urbes
1221 1332 1427 1385 provinciae
1443 1333 1517 1371 suae
1532 1332 1796 1372 Macedonico
1813 1332 1944 1372 habitu
1963 1359 1975 1377 ,
2003 1331 2165 1371 caufiam
2182 1333 2241 1371 su-

132 1401 214 1444 pra
229 1399 345 1441 caput
360 1388 509 1443 gestans
525 1415 537 1435 ,
566 1392 604 1428 ὃς
618 1387 792 1442 crepidas
811 1386 968 1427 indutus
983 1412 996 1432 ,
1023 1385 1104 1426 illas
1122 1399 1240 1438 prout
1255 1400 1452 1440 quamque
1468 1398 1667 1440 potuerat,
1695 1387 1887 1427 ordinans.
1922 1386 2183 1439 Philippenses
2199 1387 2240 1427 in

143 1442 324 1484 omnibus
344 1443 417 1483 suis
436 1444 601 1484 nummis
619 1443 782 1497 Augusti
798 1440 1123 1483 beneficentissimi
1138 1446 1227 1496 erga
1240 1441 1277 1481 se
1289 1441 1476 1496 Principis
1487 1443 1711 1484 memoriam
1727 1441 1917 1496 perpetuo
1935 1440 2105 1482 colentes
2116 1467 2129 1489 ‚
2157 1441 2242 1497 ejus

144 1498 305 1541 statuam
320 1498 360 1539 in
378 1497 466 1539 foro
479 1499 643 1539 locatam
657 1497 928 1552 percusserunt.

197 1575 282 1616 Hic
301 1589 471 1617 nummus
473 1575 652 1628 secundae
666 1575 943 1631 magnitudinis
958 1575 1000 1614 in
1017 1574 1218 1614 Caracalla
1233 1578 1344 1615 rarus
1360 1573 1417 1625 cst.

905 1676 1480 1719 PTOLEMAIS,

142 2274 207 2320 {M
219 2274 256 2314 1³ss
285 2285 310 2313 c
321 2285 348 2312 A
359 2285 384 2312 E
396 2284 430 2313 s.
461 2273 509 2313 M.
539 2284 568 2312 A
582 2285 609 2313 v
620 2271 664 2312 κζ
695 2286 723 2312 A
734 2285 766 2313 N
780 2284 804 2313 τ
817 2285 844 2313 o
856 2285 901 2313 Ν.
936 2271 1073 2326 Caput
1088 2270 1293 2314 Caracallae
1308 2260 1528 2314 laureatum.
1796 2314 1797 2317 ,

195 2344 220 2370 c
229 2343 255 2369 o
266 2343 290 2368 L
303 2342 329 2367 0
342 2341 372 2368 Ν
385 2342 401 2368 1
415 2342 441 2367 A
471 2342 493 2368 P
506 2341 530 2366 T
543 2341 569 2367 o
582 2342 608 2368 L
618 2342 642 2367 E
655 2341 691 2366 Μ
705 2342 732 2367 A
744 2342 760 2368 1
771 2342 805 2368 s.
843 2328 1058 2382 Imperator
1075 2341 1196 2382 eques
1208 2355 1221 2375 ,
1249 2328 1382 2369 dextra
1401 2327 1575 2382 explicita
1587 2355 1600 2375 ,
1629 2327 1721 2369 laeva
1738 2328 1922 2373 habenasss

193 2405 400 2448 Ptolemais
420 2406 509 2446 urbs
526 2404 734 2446 Phoeniciae
752 2405 924 2446 littoralis
936 2432 948 2452 ,
976 2405 998 2446 ὲ
1015 2405 1184 2447 Claudio
1199 2406 1367 2447 Colonia
1385 2403 1550 2447 deduesta
1563 2433 1575 2453 ,
1601 2406 1812 2448 adventum
1827 2406 2031 2448 Caracallae
2049 2408 2088 2450 in
2107 2403 2241 2453 urbem

141 2461 246 2504 suam
264 2461 522 2502 demonstrare
538 2460 695 2501 videtur.
731 2461 798 2501 Ille
814 2462 917 2501 enim
934 2461 1190 2503 Pacificatoris
1205 2461 1338 2502 habitu
1354 2471 1473 2515 eq'ues
1492 2460 1731 2518 depingitur,
1761 2463 1892 2517 quales
1913 2464 2083 2505 Romam
2101 2465 2242 2521 ingres-

140 2518 201 2561 sos
219 2517 471 2571 Imperatores
493 2516 680 2556 exhibent
703 2517 848 2556 nummi
874 2517 1054 2558 Romani.
1091 2518 1197 2558 Cum
1217 2529 1345 2558 autem
1363 2517 1559 2558 Caracalla
1583 2520 1632 2558 ad
1650 2518 1791 2559 bellum
1808 2519 2078 2560 Armeniacum
2095 2520 2243 2564 Parthi-

140 2586 310 2626 cumque
329 2572 367 2611 in
384 2571 529 2623 Syriam
547 2570 723 2616 venisset,
751 2572 840 2610 &in
859 2586 904 2612 ea
921 2580 1131 2614 moraretur
1143 2601 1154 2619 ,
1184 2573 1435 2613 Herodianus
1454 2573 1560 2613 illum
1578 2587 1624 2613 ex
1641 2573 1848 2614 Antiochia
1867 2574 2133 2615 Alexandriam
2151 2591 2240 2630 pro·-

141 2626 307 2683 gl‘effum
327 2625 435 2666 fuiss'e
451 2636 576 2666 narrat
595 2640 631 2679 p.
653 2638 738 2676 549.
777 2635 822 2665 Εἷς
842 2628 895 2664 vla«)
911 2629 1080 2676 Ανπόχειαω
1096 2633 1220 2673 οἰφίκετο
1233 2653 1244 2670 ,
1268 2632 1331 2664 ἐκιεῗ
1345 2645 1374 2664 τε
1389 2631 1580 2676 ἀποδεχθεὶς
1595 2635 1754 2667 πλυπλῶς
1769 2656 1780 2669 ,
1805 2635 1828 2681 'ij
1847 2631 2022 2679 Qvelspooe
2036 2635 2128 2682 κρόνε
2144 2634 2236 2676 τινὲς,

143 2691 190 2723 ἐπὶ
205 2685 258 2722 vlu)
274 2685 482 2731 Αλεξάνῆοειων
498 2687 628 2722 {cimmo-
656 2681 839 2721 Devenit
851 2683 1125 2728 Antiochiam,
1152 2682 1275 2737 ibique
1287 2691 1467 2736 exceptus
1483 2683 1859 2735 honorificentissimi,
1885 2693 2000 2738 atque
2015 2685 2242 2740 aliquandi&

141 2746 332 2784 moratus,
360 2736 639 2776 Alexandriam
658 2737 859 2776 contendit.
900 2737 1093 2778 Caracalla
1117 2736 1394 2777 Ptolemaidem
1414 2739 1513 2778 inter
1533 2738 1777 2779 Antiochiam
1802 2742 1840 2778 &
1859 2739 2004 2791 Syriam
2029 2738 2110 2781 fere
2132 2741 2239 2785 fitam

141 2791 322 2848 ingressus
338 2791 446 2832 fuisse
461 2791 634 2838 videtur,
663 2792 703 2830 in
722 2791 831 2844 cujus
848 2792 900 2831 rei
918 2792 1142 2833 memoriam
1163 2790 1484 2832 Ptolemaidenses
1504 2792 1609 2832 illum
1627 2795 1666 2833 in
1685 2808 1791 2847 equo
1811 2795 2019 2847 posuerunt
2034 2822 2047 2841 ‚
2074 2795 2143 2837 nisi
2162 2796 2238 2840 fors

141 2847 205 2891 'san
222 2847 267 2888 sit
280 2847 362 2901 ejus
379 2847 498 2887 statua
513 2846 697 2901 equestris
717 2847 770 2887 ob
788 2846 1017 2888 beneficium
1032 2845 1234 2901 quoddam
1251 2847 1299 2887 ab
1314 2846 1397 2900 ipso
1414 2859 1636 2902 acceptum,
1667 2849 1689 2888 a
1707 2848 1869 2890 Colonis
1886 2850 2020 2892 cresta.
2229 2848 2237 2852 ”

196 2924 278 2966 Hic
293 2939 465 2966 nummus
471 2924 634 2976 secundi
653 2924 819 2972 moduli,
848 2926 950 2966 inter
955 2924 1235 2980 praestantiores
1250 2925 1489 2979 reponendus‘

192 3537 216 3564 c
227 3537 253 3563 o
266 3536 305 3564 L.
336 3535 358 3565 Ρ
371 3536 395 3564 Τ
408 3537 434 3563 ο
445 3535 483 3564 ι,
511 3522 664 3563 Colonia
679 3511 905 3564 Ptolemais,
946 3516 1079 3576 'Caput
1094 3519 1283 3578 Serapidis
1298 3513 1451 3565 calatho
1467 3524 1621 3579 insigne.

189 3599 363 3641 Plurimae
381 3601 492 3641 urbes
511 3601 625 3655 Syriae
643 3626 655 3647 ‚
687 3600 889 3641 Phoenices
905 3626 917 3646 ,
946 3602 984 3638 δε
1003 3599 1204 3641 Palaestinae
1223 3601 1442 3655 Serapidem
1470 3602 1508 3641 in
1532 3601 1699 3642 nummis
1725 3600 1933 3649 exhibent,
1961 3602 2044 3656 ejus
2061 3604 2162 3657 apud
2182 3605 2220 3646 se

138 3654 283 3695 cultum
298 3656 531 3703 indicantes3
557 3670 605 3696 an
623 3670 712 3697 eum
729 3656 777 3697 ab
794 3654 993 3710 AEgypto,
1020 3655 1086 3695 ubi
1105 3655 1301 3708 supremus
1318 3667 1397 3697 erat
1417 3657 1523 3696 Deus
1540 3683 1552 3703 ,
1581 3669 1805 3709 receperunt
1821 3685 1832 3703 ,
1860 3672 1908 3698 an
1928 3658 1976 3698 ab
1992 3657 2069 3711 ipsa
2089 3660 2219 3701 Roma

137 3722 228 3750 cum
241 3709 405 3752 Colonis
421 3711 579 3758 allatu83
606 3725 696 3752 nam
713 3712 752 3752 in
770 3711 873 3751 urbis
889 3710 1044 3764 regione
1064 3724 1096 3749 1.
1117 3713 1155 3750 &
1175 3724 1235 3750 v1.
1256 3711 1439 3765 templum
1459 3723 1537 3751 erat
1557 3712 1624 3765 ipli
1642 3713 1868 3753 exstructum
1889 3729 1896 3753 :
1924 3714 1961 3752 in
1987 3726 2071 3752 1112
2089 3726 2218 3755 autem

137 3768 178 3805 &
193 3777 229 3803 v.
247 3764 421 3806 aediculas
436 3766 623 3820 Serapidis
635 3794 647 3812 ,
676 3766 807 3807 Rufus
822 3770 859 3806 &
874 3765 1010 3806 Vistor
1030 3764 1137 3805 fuiffe
1158 3765 1325 3807 tradunt.
1361 3766 1570 3820 Templum
1596 3769 1685 3806 vcro
1709 3768 1838 3821 primae
1855 3768 2016 3821 regionis
2035 3781 2113 3807 non
2130 3783 2218 3822 pro-

138 3819 199 3860 cul
218 3831 296 3860 erat
315 3821 337 3860 ὲ
351 3821 533 3862 Thermis
548 3822 767 3862 Severianis.
804 3820 1037 3862 Caracallam
1053 3833 1099 3860 ex
1117 3821 1263 3875 templo
1278 3821 1465 3875 Serapidis
1482 3822 1824 3862 Alexandrinorum
1847 3824 1986 3862 civium
2009 3822 2145 3878 strages
2165 3826 2218 3865 vi-

140 3873 234 3914 disse
251 3886 372 3916 narrat
391 3876 471 3915 DlO
485 3875 548 3916 llb.
567 3890 628 3928 77.
647 3891 731 3932 pag.
749 3878 839 3917 880.
868 3879 922 3916 Kal
943 3880 1035 3913 τέτὶυν
1057 3879 1093 3913 ‘roi
1108 3878 1161 3924 (124)
1177 3879 1270 3916 πλείω
1285 3879 1371 3917 &Afric
1386 3880 1400 3914 ὃ
1415 3888 1559 3916 Αντωνῖγος
1574 3881 1666 3925 πικρῶν
1683 3884 1705 3932 723
1723 3884 1786 3925 ὁρῶν
1804 3885 1878 3914 {mssa
1896 3905 1905 3919 ‚
1928 3881 1965 3914 πὶ
1980 3881 2012 3913 δὲ
2029 3884 2052 3930 a}
2070 3885 2109 3915 ε-’Λι
2125 3883 2147 3920 ξ
2163 3891 2218 3917 Σε-

140 3936 253 3980 ξςτπῐίὸ
269 3933 450 3976 πυσὲπιὶ-ἶε
465 3935 546 3973 τισίν·
571 3939 603 3973 ἐν
617 3935 649 3984 ᾗ
662 3940 705 3984 τῷ·
719 3932 823 3983 uffa
840 3938 953 3985 ὧῃτᾶπ
967 3936 1021 3983 κᾷν
1036 3943 1096 3973 ταῖς
1111 3939 1137 3971 “a'‘
1150 3940 1330 3984 μιοαφονιῶν
1345 3939 1442 3972 αὐτῶν
1457 3938 1515 3980 νυξὶ
1531 3941 1554 3986 ²}
1570 3939 1698 3984 ἡμέραις.
1726 3934 1873 3973 Horum
1888 3947 2059 3987 magnam
2067 3943 2220 3987 partem

192 3985 298 4028 Tom.
326 3986 393 4028 ll.
1354 3989 1388 4030 F
2059 3988 2225 4043 Amant}
