2574 4214
152 253 242 293 'tum
269 249 366 291 ultra
391 247 680 304 prorogabant3
714 248 967 302 quamobrem
983 247 1027 287 P.
1049 247 1234 287 AEbutius
1254 245 1500 300 &-C.Julius
1516 272 1529 291 ,
1567 245 1636 298 qui
1659 245 1866 285 Duumviri
1882 244 2202 298 Qinquennales
2218 247 2258 287 in

155 307 234 348 hoc
250 320 413 346 nummo
429 304 678 358 perhibentur
690 329 702 349 ‚
731 317 811 342 non
829 302 880 344 de
896 303 1114 358 magistratu
1130 316 1200 356 per
1217 301 1529 356 quinquennium
1574 300 1718 340 erendo
1730 299 1990 354 intelligendi,
2017 299 2082 340 sed
2092 300 2142 358 de
2153 302 2259 341 Cen-

154 362 301 403 soribus
320 361 428 401 omni
446 358 714 413 quinquennio
730 358 864 398 creatis
876 385 887 404 ‚
916 358 968 398 ob
989 371 1075 398 eam
1096 356 1245 397 causam
1258 356 1552 410 Qinquennali
1581 369 1626 395 us
1640 356 1679 395 in
1690 355 1860 395 Colonia
1877 355 2041 395 vocatis:
2069 367 2111 396 ut
2127 368 2258 398 autem

155 415 492 471 anuennalitii
510 413 734 453 dicebantur
751 422 909 453 munere
923 414 1004 466 jam
1022 412 1162 457 funffi,
1192 412 1243 451 ita
1262 411 1586 466 Qinquennales
1602 411 1760 456 iterum,
1788 410 1857 463 qui
1873 408 2006 450 denuo
2022 411 2257 452 creabantur.

155 474 220 514 De
236 472 398 512 AEbutia
414 481 530 525 gente
547 470 585 509 in
606 469 789 522 superiori
804 470 968 509 nummo
978 489 990 516 3
1021 468 1183 522 deJulia
1200 479 1330 508 autem
1345 468 1384 507 in
1403 466 1502 520 Julio
1515 466 1665 507 Caesare
1680 465 1828 506 diffum
1846 465 1911 505 est.
1941 465 2089 506 Laurea
2109 465 2162 505 ob
2172 468 2260 518 An-v

156 529 253 570 tonii
273 528 322 568 de
341 526 518 566 Armenis
535 525 746 564 vittoriam.

208 607 291 647 Hic
308 617 477 645 nummus
498 603 692 643 mediocris
695 602 838 657 formae
857 604 899 642 in
918 602 983 642 lib.
999 599 1136 642 Famil.
1157 601 1402 656 Patinipag-
1423 614 1456 653 5.
1475 599 1656 655 vussrcztus
1667 626 1679 647 ‚
1701 602 1775 654 pro
1793 597 1969 650 rnrffmo
1987 597 2181 641 locandus.

153 1210 175 1236 c
186 1200 212 1235 ‘o
225 1198 256 1234 R
268 1207 283 1232 1
297 1207 327 1233 N
340 1199 378 1233 r.
409 1188 596 1233 Corinthi.
633 1191 768 1246 Caput
785 1190 845 1231 M.
867 1189 1029 1231 Antonii
1045 1189 1125 1231 fine
1141 1189 1280 1230 laurea.
1415 1234 1417 1236 ,
1912 1230 1915 1232 ,
2164 1249 2166 1251 .

203 1263 239 1290 P.
272 1263 298 1288 A
314 1264 339 1289 L
351 1262 366 1288 1
380 1262 403 1287 T
417 1261 432 1287 1
445 1261 484 1287 ο.
518 1262 557 1287 L.
588 1260 626 1287 M
639 1261 662 1286 E
677 1261 708 1287 N
722 1261 737 1286 1
750 1260 789 1287 ο.
821 1260 837 1286 1
850 1260 878 1286 1.
907 1260 932 1286 v
946 1260 961 1286 1
979 1260 1022 1286 R.
1054 1246 1198 1286 Publio
1218 1246 1346 1286 Alitio
1356 1273 1368 1292 ‚
1398 1245 1449 1285 L.
1466 1244 1600 1285 Menio
1616 1244 1870 1287 Duumviris.
1905 1245 2024 1303 Prota
2041 1245 2162 1289 navis.

152 1360 154 1362 v
200 1327 314 1368 Nihil
336 1327 453 1368 habet
469 1319 656 1381 singulare
674 1325 738 1365 hic
755 1338 938 1365 nummus
954 1337 1091 1379 praeter
1110 1325 1270 1365 nomina
1283 1324 1587 1366 Duumvirorum
1599 1352 1612 1371 ,
1642 1339 1811 1379 quorum
1823 1326 1917 1366 alter
1928 1325 1979 1366 ad
1991 1326 2149 1367 Alitiam
2161 1328 2254 1382 gene

148 1394 226 1427 tem
241 1383 384 1437 spectat
396 1410 407 1429 ‚
436 1381 486 1422 de
511 1396 588 1435 qua
613 1382 733 1422 altum
756 1381 811 1422 est
834 1381 940 1436 apud
956 1381 1174 1421 Historicos
1194 1380 1382 1421 silentium
1402 1400 1414 1426 3
1441 1379 1560 1434 ipsius
1577 1390 1707 1420 autem
1723 1395 1949 1436 praenomen
1966 1381 2108 1422 ‘Publii
2127 1382 2159 1422 is
2178 1382 2253 1436 pri-

147 1448 232 1478 mus
251 1438 419 1478 obtinuit
437 1462 450 1484 ‚
487 1438 555 1491 qui
572 1437 676 1491 prius
694 1437 863 1492 pupillus
883 1436 1005 1477 faetus
1030 1449 1111 1478 erat
1126 1464 1137 1484 ,
1172 1436 1291 1490 quarn
1311 1445 1536 1490 praenomen
1550 1436 1721 1478 haberet.
1766 1438 1913 1477 Meniae
1930 1438 2105 1478 meminit
2120 1436 2254 1477 Livius

145 1494 207 1534 lib.
225 1507 290 1547 39.
325 1493 464 1534 Titum
484 1494 587 1533 enim
612 1493 794 1533 Menium
815 1491 930 1533 refert
947 1492 1155 1537 Praetorem
1169 1491 1297 1546 ‘Urbis
1324 1504 1428 1531 anno
1453 1494 1501 1542 58
1508 1504 1545 1544 3.
1583 1491 1668 1531 Titi
1688 1492 1848 1545 quidem
1869 1506 2095 1546 praenomen
2115 1492 2252 1532 habuit

145 1550 291 1604 primus
307 1577 318 1595 ,
349 1550 370 1588 a
387 1549 560 1603 quodam
576 1548 719 1589 Sabino
734 1571 746 1596 ‚-
776 1548 935 1588 nomine
954 1548 1052 1588 Tito
1075 1547 1178 1602 apud
1198 1546 1324 1587 Valet.
1345 1546 1581 1593 Maximum.
1615 1548 1654 1586 A
1670 1546 1808 1588 Titulo
1833 1559 1963 1588 autem
1980 1548 2115 1589 Festus
2135 1547 2251 1602 origi-

144 1619 236 1645 nem
253 1604 403 1646 trahere
421 1616 565 1650 narrat‚
596 1605 706 1658 quod
723 1603 847 1644 Tituli
866 1603 1006 1644 milites
1024 1603 1184 1658 patriam
1210 1613 1405 1643 tuerentur
1422 1602 1528 1657 quasi
1544 1601 1680 1643 Tituli.
1715 1602 1834 1644 Prora
1850 1604 1967 1645 navis·
1979 1604 2042 1646 vel
2060 1603 2173 1646 fitum
2190 1603 2251 1643 ur*

146 1659 225 1708 bis,
253 1660 314 1701 vel
330 1660 479 1701 class‘em
498 1660 548 1700 ad
566 1660 729 1701 Antonii
747 1659 978 1713 obsequium
993 1671 1164 1713 paratam
1184 1657 1355 1697 denotat.

197 1738 281 1779 Hic
296 1752 469 1780 nummus
475 1737 655 1792 ficundae
675 1737 953 1793 magnitudinis
971 1739 1071 1778 inter
1086 1735 1369 1792 elegantiffimos
1385 1734 1652 1777 numerandum

138 2326 201 2356 co
212 2326 242 2354 R
258 2323 273 2354 1
290 2326 322 2354 N
334 2325 371 2354 r.
401 2313 590 2356 Corinthi.
628 2313 945 2371 CaputAntonii
961 2314 1127 2357 nudum.

140 2399 143 2402 .
197 2383 231 2410 p.
247 2383 290 2464 dn
306 2383 375 2439 (ζυΛ
389 2383 405 2436 ¹.
421 2384 450 2410 N
460 2386 497 2411 0.
530 2386 566 2412 c.
600 2384 617 2411 1
632 2385 659 2412 v
669 2386 695 2413 L
712 2385 729 2412 1
743 2386 781 2413 0.
816 2386 832 2412 1
852 2385 884 2412 1.
915 2386 942 2413 v
955 2386 971 2412 1
986 2386 1031 2414 R.
1063 2371 1209 2415 Publio
1225 2366 1403 2432 Aquino,
1416 2376 1510 2417 Caio
1525 2373 1640 2431 Julia
1658 2374 1915 2430 Duumvirt's.
1940 2368 2090 2425 Mulier
2101 2378 2252 2433 sedens}

277 2437 381 2466 extra
398 2438 581 2480 pateram.

190 2502 250 2543 M.
266 2504 460 2545 Antonius
470 2505 708 2546 Corinthum
721 2505 844 2547 amisit
856 2506 973 2561 paulo
982 2518 1072 2547 ante
1085 2509 1282 2550 Astiacam
1293 2524 1465 2565 pugnam
1476 2535 1487 2558 ‚
1505 2522 1549 2553 ut
1561 2526 1607 2557 ex
1620 2513 1752 2554 Dione
1764 2513 1888 2570 liquet
1899 2512 1962 2556 lib.
1979 2525 2041 2567 50.
2051 2529 2138 2572 pag.
2149 2529 2200 2568 42
2208 2520 2250 2569 7.'

136 2558 317 2603 A'yejuaraa
333 2566 352 2603 9
365 2559 424 2593 ’τότε
437 2556 490 2603 μῼι)
507 2559 561 2595 ‘riui
575 2575 604 2594 τε
620 2561 769 2610 Adanu&
784 2586 794 2602 ‚
819 2563 867 2608 υἷ’
883 2562 922 2595 πὶ
938 2566 968 2597 ἐν
985 2565 1065 2610 αὐτῇ
1081 2563 1183 2612 σκάφῃ
1201 2566 1359 2611 αἱφνιδῖως
1377 2566 1567 2603 &Qua-adlisus
1583 2568 1678 2603 ἕλοιὲε
1696 2593 1706 2608 ,
1731 2573 1755 2619 23}
1776 2570 1898 2610 Ποίτςας
1913 2568 1991 2610 εἶκε,
2017 2570 2126 2605 Kv'mwv
2144 2571 2248 2607 Now(-

137 2612 192 2643 tm
209 2616 373 2657 ναυμαχίᾳ
387 2612 498 2651 νικήσας
513 2637 524 2652 ,
549 2613 638 2659 δῆμον
656 2613 676 2658 >3
692 2618 716 2665 ,ᾖ
735 2613 789 2649 τὼ)
805 2615 941 2656 xmus-vv
957 2615 1148 2661 παρεςνῐπιπ.
1183 2614 1244 2653 Eo
1260 2624 1421 2667 tempore
1441 2616 1617 2669 Agrippa
1635 2617 1851 2658 Leucadem
1867 2628 2014 2673 repente
2036 2621 2246 2666 natalitius,¹

136 2662 298 2714 insulam
308 2691 319 2709 ‚
349 2663 396 2707 ἄν
415 2679 538 2705 naves
553 2680 635 2720 quae
651 2669 693 2707 in
709 2682 753 2707 ea
769 2679 879 2709 erant
889 2697 900 2715 ‚
929 2672 1048 2723 cepit,
1077 2685 1125 2709 ac
1141 2669 1294 2708 Patras
1309 2670 1442 2709 deinde
1455 2697 1467 2717 ‚
1494 2672 1600 2710 vilio
1611 2672 1747 2712 navali
1758 2673 1887 2726 pugnci
1903 2674 1960 2728 Q
1972 2673 2132 2723 Nastdio
2141 2702 2153 2721 ,
2161 2674 2246 2728 post!

136 2718 361 2757 Corinthum
376 2733 518 2774 quoque
534 2722 683 2774 recepit.
720 2724 783 2761 An
807 2724 987 2777 Aquinus
1010 2724 1056 2764 fit
1072 2724 1198 2779 gentis
1215 2723 1278 2762 seu
1303 2724 1453 2764 familiae
1479 2739 1623 2765 nomen
1639 2753 1652 2772 ‚
1682 2727 1743 2766 vel
1761 2729 1892 2781 potitis
1909 2742 2129 2782 cognomen
2147 2756 2159 2775 ‚
2186 2729 2245 2769 di-

136 2771 232 2812 serte
248 2772 418 2814 disseruit
434 2775 476 2814 P.
491 2775 679 2830 Seguinus
695 2776 787 2817 edit.
808 2792 842 2816 2.
866 2792 905 2831 p.
921 2781 987 2829 78.
1019 2779 1083 2818 De
1092 2778 1195 2832 Julia
1211 2777 1358 2818 dictum
1374 2779 1440 2818 est.
1473 2780 1621 2821 Mulier
1637 2780 1794 2829 sedens,
1825 2783 1927 2823 urbis
1942 2788 2080 2838 genius
2097 2783 2172 2826 effe
2189 2784 2245 2827 vi-

137 2825 266 2874 detur,
296 2840 466 2883 pateram
482 2830 533 2870 ad
552 2830 773 2871 sacrificium
792 2840 865 2887 pro
883 2833 1060 2873 Antonio
1076 2846 1224 2888 gerens.

188 2904 271 2946 Hic
287 2920 460 2948 nummus
476 2909 673 2950 mediocris
678 2909 821 2964 formae
836 2912 1044 2950 anteriores
1059 2912 1224 2951 raritate
1236 2910 1404 2966 superat.

766 2987 1021 3031 NOVA
1083 2989 1612 3032 CARTHAGO.

131 3569 169 3596 c.
203 3566 236 3595 1.
265 3567 310 3614 N.
340 3569 376 3595 c.
407 3569 430 3594 E
446 3570 471 3595 x
500 3569 539 3596 D.
564 3569 604 3596 n.
635 3556 791 3598 Colonia
806 3556 925 3611 Julia
943 3559 1067 3601 Nova
1087 3560 1303 3617 Carthago,
1332 3577 1382 3604 ex
1398 3559 1544 3604 decreto
1563 3563 1840 3608 Decurionum.
1871 3568 2005 3624 Caput
2024 3568 2086 3611 M.
2104 3570 2232 3614 Anto-⁴

239 3622 293 3648 nu
305 3636 317 3656 ‚
345 3624 450 3664 pone
469 3611 580 3665 quod
599 3612 872 3667 Labyrinthus.
2228 3620 2230 3623 ⁵

183 3676 234 3704 M.
267 3677 294 3703 A
312 3678 327 3704 1
343 3679 379 3705 M
395 3680 410 3706 1
426 3681 452 3707 L
468 3681 482 3706 1
499 3681 539 3707 0.
570 3682 609 3708 T.
640 3683 663 3708 F
677 3683 704 3708 v
718 3683 740 3709 F
757 3684 771 3710 1
789 3684 830 3710 0.
866 3684 882 3710 1
901 3684 935 3711 1.
966 3685 993 3712 v
1009 3686 1024 3712 1
1039 3685 1082 3713 R.
1111 3673 1249 3714 Marco
1271 3673 1489 3722 QAEmiliO,
1518 3674 1607 3716 Tito
1627 3674 1733 3730 Fufio
1750 3677 2004 3722 Duumviris.
2041 3681 2088 3722 In
2107 3680 2156 3724 al.
2176 3695 2229 3725 M.

240 3733 268 3759 A
288 3733 354 3760 lM
370 3735 427 3762 IL
444 3735 459 3761 1
476 3736 550 3763 vs.
581 3737 620 3764 T.
651 3737 753 3766 FvF
769 3739 786 3766 1
802 3739 876 3766 vs.
914 3727 1048 3782 Caput
1066 3729 1243 3784 Augusti.

181 3796 227 3836 N
230 3800 420 3859 urnmulus
439 3800 522 3842 duo
539 3803 664 3857 capita
683 3802 763 3844 fine
780 3804 906 3846 laurea
927 3806 1084 3847 exhibet
1100 3833 1112 3852 ‚
1141 3819 1264 3847 unum·
1283 3834 1296 3854 ,
1333 3809 1444 3862 quod
1472 3811 1709 3865 antiquitatis
1731 3813 1926 3855 Romanae
1944 3817 2051 3870 gnari
2070 3830 2143 3870 pro
2162 3814 2227 3857 M.

126 3852 291 3914 Antonii
303 3854 408 3896 vultu
423 3869 586 3918 norunt,
615 3858 678 3899 cui
688 3858 826 3901 frontis
838 3861 1075 3914 amplitudo,
1103 3862 1213 3901 nasus
1230 3862 1423 3911 aduncus,
1451 3865 1591 3906 decora
1608 3867 1743 3915 facies,
1771 3874 1811 3909 δε
1828 3869 1894 3925 (ut
1909 3871 1961 3910 ait
1976 3870 2227 3924 Plutarchus)

125 3905 259 3948 formae
277 3922 445 3964 ingenua
463 3911 652 3973 dignitas;
680 3914 841 3956 alterum
859 3916 1028 3971 effigiem
1048 3917 1211 3972 Augusti
1219 3917 1432 3970 juvenilem
1449 3920 1577 3962 habet.
1618 3922 1677 3962 Ex
1693 3935 1803 3978 parte
1816 3925 1978 3965 Antonii
1996 3925 2136 3966 litteras
2151 3927 2225 3966 ini-

127 3962 232 4005 tiales
252 3979 288 4005 c.
300 3977 328 4004 1.
341 3978 385 4005 N.
397 3981 433 4007 c.
450 3967 627 4024 plerique
644 3969 941 4025 interpretantur
953 3994 967 4020 ‚
996 3973 1152 4013 Colonia
1172 3972 1289 4027 Julia
1306 3974 1431 4016 Nova
1448 3976 1654 4032 Carthago.
1700 3978 1823 4020 Nova
1841 3979 2042 4035 Carthago
2065 3981 2227 4075 uffissest

2130 4049 2147 4074 ἰ
2161 4049 2230 4090 pas«<
