<?xml version="1.0" encoding="UTF-8"?>
<!DOCTYPE html PUBLIC "-//W3C//DTD XHTML 1.0 Transitional//EN"
    "http://www.w3.org/TR/xhtml1/DTD/xhtml1-transitional.dtd">
<html xmlns="http://www.w3.org/1999/xhtml" xml:lang="en" lang="en">
 <head>
  <title>
</title>
<meta http-equiv="Content-Type" content="text/html;charset=utf-8" />
  <meta name='ocr-system' content='tesseract 3.04.00' />
  <meta name='ocr-capabilities' content='ocr_page ocr_carea ocr_par ocr_line ocrx_word'/>
</head>
<body>
  <div class='ocr_page' id='page_1' title='image "./numismatareaim00foyv_0283.png"; bbox 0 0 2491 4219; ppageno 0'>
   <div class='ocr_carea' id='block_1_1' title="bbox 791 117 2230 181">
    <p class='ocr_par' dir='ltr' id='par_1_1' title="bbox 791 117 2230 181">
     <span class='ocr_line' id='line_1_1' title="bbox 791 117 2230 181; baseline 0.003 -17"><span class='ocrx_word' id='word_1_1' title='bbox 791 118 1050 165; x_wconf 80' lang='lat' dir='ltr'><strong>SEPT.</strong></span> <span class='ocrx_word' id='word_1_2' title='bbox 1137 117 1624 167; x_wconf 80' lang='lat' dir='ltr'><strong>SEVERUS.</strong></span> <span class='ocrx_word' id='word_1_3' title='bbox 2179 140 2230 181; x_wconf 59' lang='grc' dir='ltr'>η</span> 
     </span>
    </p>
   </div>
   <div class='ocr_carea' id='block_1_2' title="bbox 143 182 2236 296">
    <p class='ocr_par' dir='ltr' id='par_1_2' title="bbox 143 182 2236 296">
     <span class='ocr_line' id='line_1_2' title="bbox 143 182 1775 240; baseline -0.002 -13"><span class='ocrx_word' id='word_1_4' title='bbox 143 191 281 230; x_wconf 79' lang='lat' dir='ltr'>1&gt;1vo</span> <span class='ocrx_word' id='word_1_5' title='bbox 309 193 536 226; x_wconf 69' lang='lat' dir='ltr'>sssvssno.</span> <span class='ocrx_word' id='word_1_6' title='bbox 572 182 706 240; x_wconf 89' lang='lat' dir='ltr'>Caput</span> <span class='ocrx_word' id='word_1_7' title='bbox 720 182 850 224; x_wconf 88' lang='lat' dir='ltr'>Severi</span> <span class='ocrx_word' id='word_1_8' title='bbox 866 184 1087 225; x_wconf 86' lang='lat' dir='ltr'>laureatum.</span> <span class='ocrx_word' id='word_1_9' title='bbox 1714 231 1715 234; x_wconf 11' lang='grc' dir='ltr'><strong>Ἴ</strong></span> <span class='ocrx_word' id='word_1_10' title='bbox 1774 234 1775 237; x_wconf 12' lang='lat'>¹</span> 
     </span>
     <span class='ocr_line' id='line_1_3' title="bbox 177 238 2236 296; baseline 0.001 -16"><span class='ocrx_word' id='word_1_11' title='bbox 177 253 309 282; x_wconf 78' lang='lat' dir='ltr'>·coL.</span> <span class='ocrx_word' id='word_1_12' title='bbox 341 255 455 282; x_wconf 77' lang='lat' dir='ltr'>HEL.</span> <span class='ocrx_word' id='word_1_13' title='bbox 485 254 513 280; x_wconf 93' lang='lat'>1.</span> <span class='ocrx_word' id='word_1_14' title='bbox 547 254 586 279; x_wconf 92' lang='lat' dir='ltr'>o.</span> <span class='ocrx_word' id='word_1_15' title='bbox 611 254 659 280; x_wconf 89' lang='lat' dir='ltr'>M.</span> <span class='ocrx_word' id='word_1_16' title='bbox 684 254 725 280; x_wconf 75' lang='lat' dir='ltr'>n.</span> <span class='ocrx_word' id='word_1_17' title='bbox 763 239 918 279; x_wconf 71' lang='lat' dir='ltr'><em>Colonia</em></span> <span class='ocrx_word' id='word_1_18' title='bbox 949 239 1157 294; x_wconf 65' lang='lat' dir='ltr'>Hellopolis</span> <span class='ocrx_word' id='word_1_19' title='bbox 1187 240 1290 293; x_wconf 83' lang='lat' dir='ltr'>Jovi</span> <span class='ocrx_word' id='word_1_20' title='bbox 1319 242 1471 296; x_wconf 83' lang='lat' dir='ltr'>Optimo</span> <span class='ocrx_word' id='word_1_21' title='bbox 1495 240 1673 281; x_wconf 75' lang='lat' dir='ltr'>Maximo</span> <span class='ocrx_word' id='word_1_22' title='bbox 1700 238 1985 296; x_wconf 75' lang='lat' dir='ltr'>Heliopolitana.</span> <span class='ocrx_word' id='word_1_23' title='bbox 2023 238 2236 296; x_wconf 84' lang='lat' dir='ltr'>Templum</span> 
     </span>
    </p>
   </div>
   <div class='ocr_carea' id='block_1_3' title="bbox 166 294 2233 483">
    <p class='ocr_par' dir='ltr' id='par_1_3' title="bbox 166 294 2233 483">
     <span class='ocr_line' id='line_1_4' title="bbox 252 294 1154 350; baseline -0.002 -12"><span class='ocrx_word' id='word_1_24' title='bbox 252 296 390 338; x_wconf 86' lang='lat' dir='ltr'>decem</span> <span class='ocrx_word' id='word_1_25' title='bbox 407 295 672 336; x_wconf 89' lang='lat' dir='ltr'>columnarum</span> <span class='ocrx_word' id='word_1_26' title='bbox 688 309 777 336; x_wconf 90' lang='lat' dir='ltr'>cum</span> <span class='ocrx_word' id='word_1_27' title='bbox 793 294 974 350; x_wconf 82' lang='lat' dir='ltr'>gradibus</span> <span class='ocrx_word' id='word_1_28' title='bbox 990 297 1011 336; x_wconf 75' lang='lat' dir='ltr'>a</span> <span class='ocrx_word' id='word_1_29' title='bbox 1027 296 1154 336; x_wconf 88' lang='lat' dir='ltr'>latere.</span> 
     </span>
     <span class='ocr_line' id='line_1_5' title="bbox 192 372 2233 428; baseline -0.001 -12"><span class='ocrx_word' id='word_1_30' title='bbox 192 373 303 416; x_wconf 90' lang='lat' dir='ltr'>Idem</span> <span class='ocrx_word' id='word_1_31' title='bbox 320 373 395 415; x_wconf 80' lang='lat' dir='ltr'>esse</span> <span class='ocrx_word' id='word_1_32' title='bbox 406 373 519 428; x_wconf 88' lang='lat' dir='ltr'>Jovis</span> <span class='ocrx_word' id='word_1_33' title='bbox 540 373 726 428; x_wconf 83' lang='lat' dir='ltr'>templum</span> <span class='ocrx_word' id='word_1_34' title='bbox 744 374 766 412; x_wconf 73' lang='lat' dir='ltr'>a</span> <span class='ocrx_word' id='word_1_35' title='bbox 783 373 898 414; x_wconf 86' lang='lat' dir='ltr'>latere</span> <span class='ocrx_word' id='word_1_36' title='bbox 915 374 1085 415; x_wconf 83' lang='lat' dir='ltr'>caelatum</span> <span class='ocrx_word' id='word_1_37' title='bbox 1098 401 1110 421; x_wconf 86' lang='lat'>‚</span> <span class='ocrx_word' id='word_1_38' title='bbox 1138 374 1272 415; x_wconf 88' lang='lat' dir='ltr'>eadem</span> <span class='ocrx_word' id='word_1_39' title='bbox 1282 374 1394 428; x_wconf 86' lang='lat' dir='ltr'>Jovis</span> <span class='ocrx_word' id='word_1_40' title='bbox 1413 374 1567 428; x_wconf 85' lang='lat' dir='ltr'>Optimi</span> <span class='ocrx_word' id='word_1_41' title='bbox 1592 373 1760 413; x_wconf 78' lang='lat' dir='ltr'>Maximi</span> <span class='ocrx_word' id='word_1_42' title='bbox 1783 372 2064 426; x_wconf 86' lang='lat' dir='ltr'>Heliopolitani</span> <span class='ocrx_word' id='word_1_43' title='bbox 2087 374 2233 426; x_wconf 82' lang='lat' dir='ltr'>epigra-</span> 
     </span>
     <span class='ocr_line' id='line_1_6' title="bbox 166 427 2232 483; baseline -0.001 -11"><span class='ocrx_word' id='word_1_44' title='bbox 166 429 238 477; x_wconf 85' lang='lat' dir='ltr'>he,</span> <span class='ocrx_word' id='word_1_45' title='bbox 257 430 409 472; x_wconf 87' lang='lat' dir='ltr'>&amp;idem</span> <span class='ocrx_word' id='word_1_46' title='bbox 424 429 689 470; x_wconf 89' lang='lat' dir='ltr'>columnarum</span> <span class='ocrx_word' id='word_1_47' title='bbox 702 430 742 469; x_wconf 88' lang='lat' dir='ltr'>in</span> <span class='ocrx_word' id='word_1_48' title='bbox 760 427 886 469; x_wconf 88' lang='lat' dir='ltr'>fronte</span> <span class='ocrx_word' id='word_1_49' title='bbox 902 443 1083 470; x_wconf 89' lang='lat' dir='ltr'>numerus</span> <span class='ocrx_word' id='word_1_50' title='bbox 1100 429 1372 470; x_wconf 89' lang='lat' dir='ltr'>demonstrant.</span> <span class='ocrx_word' id='word_1_51' title='bbox 1402 429 1601 469; x_wconf 87' lang='lat' dir='ltr'>Tristanus</span> <span class='ocrx_word' id='word_1_52' title='bbox 1619 440 1713 468; x_wconf 91' lang='lat' dir='ltr'>torn.</span> <span class='ocrx_word' id='word_1_53' title='bbox 1731 441 1765 468; x_wconf 90' lang='lat'>2.</span> <span class='ocrx_word' id='word_1_54' title='bbox 1781 443 1867 483; x_wconf 81' lang='lat' dir='ltr'>pag.</span> <span class='ocrx_word' id='word_1_55' title='bbox 1887 432 1970 480; x_wconf 93' lang='lat'>167.</span> <span class='ocrx_word' id='word_1_56' title='bbox 1991 427 2122 468; x_wconf 80' lang='lat' dir='ltr'>fanum</span> <span class='ocrx_word' id='word_1_57' title='bbox 2140 428 2232 469; x_wconf 82' lang='lat' dir='ltr'>illud</span> 
     </span>
    </p>
   </div>
   <div class='ocr_carea' id='block_1_4' title="bbox 133 481 2232 595">
    <p class='ocr_par' dir='ltr' id='par_1_4' title="bbox 133 481 2232 595">
     <span class='ocr_line' id='line_1_7' title="bbox 183 481 2232 539; baseline -0.001 -12"><span class='ocrx_word' id='word_1_58' title='bbox 183 486 286 527; x_wconf 91' lang='lat' dir='ltr'>elvio</span> <span class='ocrx_word' id='word_1_59' title='bbox 307 485 495 526; x_wconf 85' lang='lat' dir='ltr'>Pertinaci</span> <span class='ocrx_word' id='word_1_60' title='bbox 514 485 554 524; x_wconf 92' lang='lat' dir='ltr'>in</span> <span class='ocrx_word' id='word_1_61' title='bbox 578 481 720 524; x_wconf 89' lang='lat' dir='ltr'>Helvia</span> <span class='ocrx_word' id='word_1_62' title='bbox 743 484 873 524; x_wconf 90' lang='lat' dir='ltr'>Piceni</span> <span class='ocrx_word' id='word_1_63' title='bbox 891 485 1057 526; x_wconf 90' lang='lat' dir='ltr'>Colonia</span> <span class='ocrx_word' id='word_1_64' title='bbox 1075 485 1151 525; x_wconf 74' lang='lat' dir='ltr'>una</span> <span class='ocrx_word' id='word_1_65' title='bbox 1171 490 1207 525; x_wconf 69' lang='grc' dir='ltr'>ὃ(</span> <span class='ocrx_word' id='word_1_66' title='bbox 1225 487 1329 539; x_wconf 86' lang='lat' dir='ltr'>Sept.</span> <span class='ocrx_word' id='word_1_67' title='bbox 1344 485 1486 524; x_wconf 88' lang='lat' dir='ltr'>Severo</span> <span class='ocrx_word' id='word_1_68' title='bbox 1503 485 1590 537; x_wconf 90' lang='lat' dir='ltr'>post</span> <span class='ocrx_word' id='word_1_69' title='bbox 1607 483 1691 536; x_wconf 87' lang='lat' dir='ltr'>ejus</span> <span class='ocrx_word' id='word_1_70' title='bbox 1706 495 1868 524; x_wconf 88' lang='lat' dir='ltr'>mortem</span> <span class='ocrx_word' id='word_1_71' title='bbox 1886 496 2024 538; x_wconf 87' lang='lat' dir='ltr'>quem,</span> <span class='ocrx_word' id='word_1_72' title='bbox 2052 495 2232 524; x_wconf 89' lang='lat' dir='ltr'>vocatum</span> 
     </span>
     <span class='ocr_line' id='line_1_8' title="bbox 133 537 2231 595; baseline -0 -15"><span class='ocrx_word' id='word_1_73' title='bbox 133 539 269 595; x_wconf 82' lang='lat' dir='ltr'>Jovem</span> <span class='ocrx_word' id='word_1_74' title='bbox 294 541 502 595; x_wconf 79' lang='lat' dir='ltr'>optimum</span> <span class='ocrx_word' id='word_1_75' title='bbox 529 541 745 580; x_wconf 90' lang='lat' dir='ltr'>Maximum</span> <span class='ocrx_word' id='word_1_76' title='bbox 773 540 1007 581; x_wconf 88' lang='lat' dir='ltr'>Helvianum</span> <span class='ocrx_word' id='word_1_77' title='bbox 1034 541 1262 585; x_wconf 70' lang='lat' dir='ltr'>contendit,</span> <span class='ocrx_word' id='word_1_78' title='bbox 1289 540 1549 580; x_wconf 84' lang='lat' dir='ltr'>consecratum</span> <span class='ocrx_word' id='word_1_79' title='bbox 1571 553 1769 593; x_wconf 84' lang='lat' dir='ltr'>perperam</span> <span class='ocrx_word' id='word_1_80' title='bbox 1792 537 1914 579; x_wconf 85' lang='lat' dir='ltr'>tradit.</span> <span class='ocrx_word' id='word_1_81' title='bbox 1951 538 2231 593; x_wconf 81' lang='lat' dir='ltr'>Heliopolitani</span> 
     </span>
    </p>
   </div>
   <div class='ocr_carea' id='block_1_5' title="bbox 26 576 2229 651">
    <p class='ocr_par' dir='ltr' id='par_1_5' title="bbox 26 576 2229 651">
     <span class='ocr_line' id='line_1_9' title="bbox 28 576 34 593; baseline 0 -4"><span class='ocrx_word' id='word_1_82' title='bbox 28 576 34 593; x_wconf 70' lang='lat'>‚</span> 
     </span>
     <span class='ocr_line' id='line_1_10' title="bbox 26 583 2229 651; baseline -0.002 -13"><span class='ocrx_word' id='word_1_83' title='bbox 26 583 50 611; x_wconf 49' lang='lat'>‘⁵</span> <span class='ocrx_word' id='word_1_84' title='bbox 79 619 83 622; x_wconf 48' lang='lat'><strong>⁴</strong></span> <span class='ocrx_word' id='word_1_85' title='bbox 135 596 349 651; x_wconf 82' lang='lat' dir='ltr'>Caelesyriae</span> <span class='ocrx_word' id='word_1_86' title='bbox 376 595 569 636; x_wconf 84' lang='lat' dir='ltr'>beneficiis</span> <span class='ocrx_word' id='word_1_87' title='bbox 591 596 719 635; x_wconf 89' lang='lat' dir='ltr'>Severi</span> <span class='ocrx_word' id='word_1_88' title='bbox 747 595 934 641; x_wconf 60' lang='lat' dir='ltr'>devincti,</span> <span class='ocrx_word' id='word_1_89' title='bbox 965 598 1032 649; x_wconf 83' lang='lat' dir='ltr'>qui</span> <span class='ocrx_word' id='word_1_90' title='bbox 1057 598 1103 636; x_wconf 89' lang='lat' dir='ltr'>iis</span> <span class='ocrx_word' id='word_1_91' title='bbox 1129 596 1192 647; x_wconf 91' lang='lat' dir='ltr'>jus</span> <span class='ocrx_word' id='word_1_92' title='bbox 1219 594 1413 639; x_wconf 85' lang='lat' dir='ltr'>Italicum,</span> <span class='ocrx_word' id='word_1_93' title='bbox 1443 606 1486 634; x_wconf 89' lang='lat' dir='ltr'>ut</span> <span class='ocrx_word' id='word_1_94' title='bbox 1512 595 1697 639; x_wconf 76' lang='lat' dir='ltr'>diximus,</span> <span class='ocrx_word' id='word_1_95' title='bbox 1726 593 1981 640; x_wconf 74' lang='lat' dir='ltr'><strong>concesserat,</strong></span> <span class='ocrx_word' id='word_1_96' title='bbox 2018 607 2229 640; x_wconf 80' lang='lat' dir='ltr'>memores,</span> 
     </span>
    </p>
   </div>
   <div class='ocr_carea' id='block_1_6' title="bbox 111 648 2231 761">
    <p class='ocr_par' dir='ltr' id='par_1_6' title="bbox 111 648 2231 761">
     <span class='ocr_line' id='line_1_11' title="bbox 111 648 2229 705; baseline -0.002 -13"><span class='ocrx_word' id='word_1_97' title='bbox 111 698 114 700; x_wconf 46' lang='grc'>,</span> <span class='ocrx_word' id='word_1_98' title='bbox 133 666 316 692; x_wconf 87' lang='lat' dir='ltr'><strong>nummos</strong></span> <span class='ocrx_word' id='word_1_99' title='bbox 333 664 421 691; x_wconf 92' lang='lat' dir='ltr'>cum</span> <span class='ocrx_word' id='word_1_100' title='bbox 442 652 543 700; x_wconf 73' lang='lat' dir='ltr'>Iovis</span> <span class='ocrx_word' id='word_1_101' title='bbox 560 651 713 705; x_wconf 89' lang='lat' dir='ltr'>Optimi</span> <span class='ocrx_word' id='word_1_102' title='bbox 731 651 894 691; x_wconf 85' lang='lat' dir='ltr'>Maximi</span> <span class='ocrx_word' id='word_1_103' title='bbox 914 651 1194 704; x_wconf 80' lang='lat' dir='ltr'>Heliopolitani</span> <span class='ocrx_word' id='word_1_104' title='bbox 1212 648 1371 689; x_wconf 90' lang='lat' dir='ltr'>nomine</span> <span class='ocrx_word' id='word_1_105' title='bbox 1387 649 1435 688; x_wconf 86' lang='lat' dir='ltr'>ad</span> <span class='ocrx_word' id='word_1_106' title='bbox 1451 650 1564 689; x_wconf 88' lang='lat' dir='ltr'>instar</span> <span class='ocrx_word' id='word_1_107' title='bbox 1582 649 1795 702; x_wconf 82' lang='lat' dir='ltr'>Capitolini</span> <span class='ocrx_word' id='word_1_108' title='bbox 1815 648 2039 689; x_wconf 88' lang='lat' dir='ltr'>dedicarunt</span> <span class='ocrx_word' id='word_1_109' title='bbox 2058 664 2065 688; x_wconf 75' lang='grc' dir='ltr'>ε</span> <span class='ocrx_word' id='word_1_110' title='bbox 2094 648 2159 689; x_wconf 92' lang='lat' dir='ltr'>sed</span> <span class='ocrx_word' id='word_1_111' title='bbox 2180 661 2229 694; x_wconf 83' lang='lat' dir='ltr'>an</span> 
     </span>
     <span class='ocr_line' id='line_1_12' title="bbox 131 703 2231 761; baseline -0.001 -15"><span class='ocrx_word' id='word_1_112' title='bbox 131 707 238 751; x_wconf 90' lang='lat' dir='ltr'>hunc</span> <span class='ocrx_word' id='word_1_113' title='bbox 257 708 319 746; x_wconf 93' lang='lat' dir='ltr'>cui</span> <span class='ocrx_word' id='word_1_114' title='bbox 336 705 555 761; x_wconf 88' lang='lat' dir='ltr'>inscriptum</span> <span class='ocrx_word' id='word_1_115' title='bbox 574 708 628 747; x_wconf 89' lang='lat' dir='ltr'>est</span> <span class='ocrx_word' id='word_1_116' title='bbox 645 722 672 747; x_wconf 89' lang='lat' dir='ltr'><em>D</em></span> <span class='ocrx_word' id='word_1_117' title='bbox 684 721 698 746; x_wconf 89' lang='lat'>1</span> <span class='ocrx_word' id='word_1_118' title='bbox 710 721 735 746; x_wconf 90' lang='lat' dir='ltr'><strong>v</strong></span> <span class='ocrx_word' id='word_1_119' title='bbox 748 721 773 746; x_wconf 94' lang='grc' dir='ltr'>ο</span> <span class='ocrx_word' id='word_1_120' title='bbox 806 720 824 746; x_wconf 91' lang='lat' dir='ltr'>s</span> <span class='ocrx_word' id='word_1_121' title='bbox 838 720 861 745; x_wconf 85' lang='lat' dir='ltr'>E</span> <span class='ocrx_word' id='word_1_122' title='bbox 874 720 900 743; x_wconf 91' lang='lat' dir='ltr'><strong>v</strong></span> <span class='ocrx_word' id='word_1_123' title='bbox 913 720 937 745; x_wconf 80' lang='lat' dir='ltr'>E</span> <span class='ocrx_word' id='word_1_124' title='bbox 951 720 979 745; x_wconf 77' lang='lat' dir='ltr'>R</span> <span class='ocrx_word' id='word_1_125' title='bbox 990 721 1016 745; x_wconf 95' lang='lat' dir='ltr'>o</span> <span class='ocrx_word' id='word_1_126' title='bbox 1029 732 1041 753; x_wconf 85' lang='lat'>‚</span> <span class='ocrx_word' id='word_1_127' title='bbox 1067 707 1107 745; x_wconf 91' lang='lat' dir='ltr'>in</span> <span class='ocrx_word' id='word_1_128' title='bbox 1124 704 1416 744; x_wconf 85' lang='lat' dir='ltr'>consecrationis</span> <span class='ocrx_word' id='word_1_129' title='bbox 1440 705 1524 757; x_wconf 85' lang='lat' dir='ltr'>ejus</span> <span class='ocrx_word' id='word_1_130' title='bbox 1541 705 1763 744; x_wconf 87' lang='lat' dir='ltr'>memoriam</span> <span class='ocrx_word' id='word_1_131' title='bbox 1789 703 1840 743; x_wconf 87' lang='lat' dir='ltr'>illi</span> <span class='ocrx_word' id='word_1_132' title='bbox 1866 704 2131 756; x_wconf 70' lang='lat' dir='ltr'>percusserint,</span> <span class='ocrx_word' id='word_1_133' title='bbox 2160 703 2231 744; x_wconf 56' lang='lat' dir='ltr'>du*</span> 
     </span>
    </p>
   </div>
   <div class='ocr_carea' id='block_1_7' title="bbox 131 758 2229 863">
    <p class='ocr_par' dir='ltr' id='par_1_7' title="bbox 131 758 2229 863">
     <span class='ocr_line' id='line_1_13' title="bbox 133 758 2229 857; baseline -0.002 -52"><span class='ocrx_word' id='word_1_134' title='bbox 133 763 239 825; x_wconf 57' lang='lat' dir='ltr'>bium</span> <span class='ocrx_word' id='word_1_135' title='bbox 256 762 414 816; x_wconf 85' lang='lat' dir='ltr'>aliquod</span> <span class='ocrx_word' id='word_1_136' title='bbox 433 762 731 857; x_wconf 60' lang='lat' dir='ltr'>movselrespotest</span> <span class='ocrx_word' id='word_1_137' title='bbox 746 775 890 803; x_wconf 87' lang='lat' dir='ltr'>corona</span> <span class='ocrx_word' id='word_1_138' title='bbox 910 762 1044 815; x_wconf 90' lang='lat' dir='ltr'>capitis</span> <span class='ocrx_word' id='word_1_139' title='bbox 1060 761 1207 807; x_wconf 83' lang='lat' dir='ltr'>laurea,</span> <span class='ocrx_word' id='word_1_140' title='bbox 1236 758 1303 799; x_wconf 74' lang='lat' dir='ltr'>nisi</span> <span class='ocrx_word' id='word_1_141' title='bbox 1324 758 1448 799; x_wconf 84' lang='lat' dir='ltr'>forsan</span> <span class='ocrx_word' id='word_1_142' title='bbox 1465 774 1537 814; x_wconf 92' lang='lat' dir='ltr'>pro</span> <span class='ocrx_word' id='word_1_143' title='bbox 1553 760 1714 806; x_wconf 79' lang='lat' dir='ltr'>radiata,</span> <span class='ocrx_word' id='word_1_144' title='bbox 1743 760 1826 799; x_wconf 80' lang='lat' dir='ltr'>haec</span> <span class='ocrx_word' id='word_1_145' title='bbox 1840 759 1983 798; x_wconf 61' lang='lat' dir='ltr'>invifiio</span> <span class='ocrx_word' id='word_1_146' title='bbox 2002 758 2229 813; x_wconf 80' lang='lat' dir='ltr'>Imperatori</span> 
     </span>
     <span class='ocr_line' id='line_1_14' title="bbox 131 829 642 863; baseline -0.002 -4"><span class='ocrx_word' id='word_1_147' title='bbox 131 831 174 863; x_wconf 72' lang='lat' dir='ltr'>in</span> <span class='ocrx_word' id='word_1_148' title='bbox 195 830 378 859; x_wconf 85' lang='lat' dir='ltr'>aeternum</span> <span class='ocrx_word' id='word_1_149' title='bbox 397 831 518 858; x_wconf 91' lang='lat' dir='ltr'>conce</span> <span class='ocrx_word' id='word_1_150' title='bbox 549 832 571 858; x_wconf 91' lang='lat' dir='ltr'>a</span> <span class='ocrx_word' id='word_1_151' title='bbox 603 829 642 858; x_wconf 82' lang='lat' dir='ltr'>it.</span> 
     </span>
    </p>
   </div>
   <div class='ocr_carea' id='block_1_8' title="bbox 184 893 2228 951">
    <p class='ocr_par' dir='ltr' id='par_1_8' title="bbox 184 893 2228 951">
     <span class='ocr_line' id='line_1_15' title="bbox 184 893 2228 951; baseline -0.002 -14"><span class='ocrx_word' id='word_1_152' title='bbox 184 895 269 937; x_wconf 82' lang='lat' dir='ltr'>Hic</span> <span class='ocrx_word' id='word_1_153' title='bbox 290 909 461 938; x_wconf 85' lang='lat' dir='ltr'>nummus</span> <span class='ocrx_word' id='word_1_154' title='bbox 475 895 640 951; x_wconf 68' lang='lat' dir='ltr'>secundi</span> <span class='ocrx_word' id='word_1_155' title='bbox 661 895 820 945; x_wconf 78' lang='lat' dir='ltr'>moduli,</span> <span class='ocrx_word' id='word_1_156' title='bbox 848 895 872 936; x_wconf 71' lang='lat' dir='ltr'><em>d</em></span> <span class='ocrx_word' id='word_1_157' title='bbox 891 895 1063 948; x_wconf 77' lang='lat' dir='ltr'>Tristano</span> <span class='ocrx_word' id='word_1_158' title='bbox 1091 904 1181 936; x_wconf 86' lang='lat' dir='ltr'>tom.</span> <span class='ocrx_word' id='word_1_159' title='bbox 1213 907 1246 934; x_wconf 89' lang='lat'>1.</span> <span class='ocrx_word' id='word_1_160' title='bbox 1262 904 1352 948; x_wconf 79' lang='lat' dir='ltr'>pag.</span> <span class='ocrx_word' id='word_1_161' title='bbox 1383 899 1467 935; x_wconf 86' lang='lat'><em>106.</em></span> <span class='ocrx_word' id='word_1_162' title='bbox 1495 893 1696 948; x_wconf 77' lang='lat' dir='ltr'>vulgatus,</span> <span class='ocrx_word' id='word_1_163' title='bbox 1724 894 1823 933; x_wconf 82' lang='lat' dir='ltr'>inter</span> <span class='ocrx_word' id='word_1_164' title='bbox 1846 894 2003 934; x_wconf 83' lang='lat' dir='ltr'>rariores</span> <span class='ocrx_word' id='word_1_165' title='bbox 2028 893 2228 943; x_wconf 53' lang='lat' dir='ltr'>numeram</span> 
     </span>
    </p>
   </div>
   <div class='ocr_carea' id='block_1_9' title="bbox 103 951 1418 1104">
    <p class='ocr_par' dir='ltr' id='par_1_9' title="bbox 103 951 1418 1104">
     <span class='ocr_line' id='line_1_16' title="bbox 103 951 213 996; baseline -0.027 0"><span class='ocrx_word' id='word_1_166' title='bbox 103 951 213 996; x_wconf 60' lang='grc' dir='ltr'>’ἄεισι</span> 
     </span>
     <span class='ocr_line' id='line_1_17' title="bbox 933 1056 1418 1104; baseline -0.004 -6"><span class='ocrx_word' id='word_1_167' title='bbox 933 1056 976 1098; x_wconf 81' lang='lat' dir='ltr'><em>P</em></span> <span class='ocrx_word' id='word_1_168' title='bbox 1032 1058 1076 1099; x_wconf 87' lang='lat' dir='ltr'><em>A</em></span> <span class='ocrx_word' id='word_1_169' title='bbox 1129 1056 1171 1097; x_wconf 87' lang='lat' dir='ltr'><em>T</em></span> <span class='ocrx_word' id='word_1_170' title='bbox 1218 1057 1260 1098; x_wconf 91' lang='lat' dir='ltr'><em>R</em></span> <span class='ocrx_word' id='word_1_171' title='bbox 1320 1056 1418 1104; x_wconf 56' lang='lat' dir='ltr'>&amp;fi</span> 
     </span>
    </p>
   </div>
   <div class='ocr_carea' id='block_1_10' title="bbox 997 1177 1381 1559">
    <p class='ocr_par' dir='ltr' id='par_1_10' title="bbox 997 1177 1381 1559">
     <span class='ocr_line' id='line_1_18' title="bbox 997 1177 1381 1559; baseline 0 2660"><span class='ocrx_word' id='word_1_172' title='bbox 997 1177 1381 1559; x_wconf 95' lang='lat' dir='ltr'> </span> 
     </span>
    </p>
   </div>
   <div class='ocr_carea' id='block_1_11' title="bbox 122 1635 2218 1746">
    <p class='ocr_par' dir='ltr' id='par_1_11' title="bbox 122 1635 2218 1746">
     <span class='ocr_line' id='line_1_19' title="bbox 122 1635 1456 1690; baseline -0.004 -11"><span class='ocrx_word' id='word_1_173' title='bbox 122 1650 233 1684; x_wconf 69' lang='grc' dir='ltr'><strong>ῙΜΡ.</strong></span> <span class='ocrx_word' id='word_1_174' title='bbox 263 1651 298 1679; x_wconf 86' lang='lat' dir='ltr'>c.</span> <span class='ocrx_word' id='word_1_175' title='bbox 329 1650 368 1677; x_wconf 87' lang='lat' dir='ltr'>L.</span> <span class='ocrx_word' id='word_1_176' title='bbox 399 1649 418 1675; x_wconf 89' lang='lat' dir='ltr'>s</span> <span class='ocrx_word' id='word_1_177' title='bbox 433 1650 469 1675; x_wconf 83' lang='lat' dir='ltr'>E.</span> <span class='ocrx_word' id='word_1_178' title='bbox 502 1650 521 1676; x_wconf 91' lang='lat' dir='ltr'>s</span> <span class='ocrx_word' id='word_1_179' title='bbox 537 1649 559 1674; x_wconf 87' lang='lat' dir='ltr'>E</span> <span class='ocrx_word' id='word_1_180' title='bbox 572 1649 598 1675; x_wconf 89' lang='lat' dir='ltr'><strong>v</strong></span> <span class='ocrx_word' id='word_1_181' title='bbox 612 1649 634 1674; x_wconf 85' lang='lat' dir='ltr'>E</span> <span class='ocrx_word' id='word_1_182' title='bbox 647 1647 677 1675; x_wconf 68' lang='lat' dir='ltr'>R</span> <span class='ocrx_word' id='word_1_183' title='bbox 691 1649 717 1675; x_wconf 90' lang='lat' dir='ltr'>v</span> <span class='ocrx_word' id='word_1_184' title='bbox 730 1648 749 1675; x_wconf 82' lang='lat' dir='ltr'>s</span> <span class='ocrx_word' id='word_1_185' title='bbox 781 1648 803 1674; x_wconf 81' lang='grc' dir='ltr'>Ρ</span> <span class='ocrx_word' id='word_1_186' title='bbox 815 1647 830 1675; x_wconf 93' lang='lat'>1</span> <span class='ocrx_word' id='word_1_187' title='bbox 844 1649 869 1675; x_wconf 81' lang='lat' dir='ltr'>v</span> <span class='ocrx_word' id='word_1_188' title='bbox 881 1649 909 1675; x_wconf 86' lang='lat' dir='ltr'>s.</span> <span class='ocrx_word' id='word_1_189' title='bbox 941 1636 1074 1690; x_wconf 88' lang='lat' dir='ltr'>Caput</span> <span class='ocrx_word' id='word_1_190' title='bbox 1093 1635 1221 1676; x_wconf 85' lang='lat' dir='ltr'>Severi</span> <span class='ocrx_word' id='word_1_191' title='bbox 1236 1635 1456 1676; x_wconf 84' lang='lat' dir='ltr'>laureatum.</span> 
     </span>
     <span class='ocr_line' id='line_1_20' title="bbox 172 1686 2218 1746; baseline -0.001 -12"><span class='ocrx_word' id='word_1_192' title='bbox 172 1708 282 1737; x_wconf 70' lang='lat' dir='ltr'>con.</span> <span class='ocrx_word' id='word_1_193' title='bbox 314 1705 357 1732; x_wconf 79' lang='lat' dir='ltr'>A.</span> <span class='ocrx_word' id='word_1_194' title='bbox 389 1705 431 1731; x_wconf 84' lang='lat' dir='ltr'>A.</span> <span class='ocrx_word' id='word_1_195' title='bbox 464 1706 524 1732; x_wconf 85' lang='lat' dir='ltr'>PA</span> <span class='ocrx_word' id='word_1_196' title='bbox 540 1703 620 1730; x_wconf 63' lang='grc' dir='ltr'>ΤΚ.</span> <span class='ocrx_word' id='word_1_197' title='bbox 651 1690 804 1731; x_wconf 84' lang='lat' dir='ltr'>Colonia</span> <span class='ocrx_word' id='word_1_198' title='bbox 826 1692 999 1746; x_wconf 67' lang='lat' dir='ltr'>Augusta</span> <span class='ocrx_word' id='word_1_199' title='bbox 1023 1694 1126 1731; x_wconf 74' lang='lat' dir='ltr'>Aroe</span> <span class='ocrx_word' id='word_1_200' title='bbox 1146 1691 1356 1739; x_wconf 77' lang='lat' dir='ltr'>Patrenfis.</span> <span class='ocrx_word' id='word_1_201' title='bbox 1387 1693 1602 1746; x_wconf 76' lang='lat' dir='ltr'>Neptunus</span> <span class='ocrx_word' id='word_1_202' title='bbox 1632 1686 1732 1731; x_wconf 86' lang='lat' dir='ltr'>stans</span> <span class='ocrx_word' id='word_1_203' title='bbox 1740 1718 1754 1738; x_wconf 79' lang='lat'>,</span> <span class='ocrx_word' id='word_1_204' title='bbox 1780 1691 1882 1746; x_wconf 90' lang='lat' dir='ltr'>pede</span> <span class='ocrx_word' id='word_1_205' title='bbox 1902 1690 2039 1734; x_wconf 85' lang='lat' dir='ltr'>dextro</span> <span class='ocrx_word' id='word_1_206' title='bbox 2058 1691 2131 1732; x_wconf 65' lang='lat' dir='ltr'>bafi</span> <span class='ocrx_word' id='word_1_207' title='bbox 2154 1706 2218 1732; x_wconf 90' lang='lat' dir='ltr'>co-</span> 
     </span>
    </p>
   </div>
   <div class='ocr_carea' id='block_1_12' title="bbox 226 1745 1352 1801">
    <p class='ocr_par' dir='ltr' id='par_1_12' title="bbox 226 1745 1352 1801">
     <span class='ocr_line' id='line_1_21' title="bbox 226 1745 1352 1801; baseline -0.003 -11"><span class='ocrx_word' id='word_1_208' title='bbox 226 1749 366 1790; x_wconf 80' lang='lat' dir='ltr'>lumnae</span> <span class='ocrx_word' id='word_1_209' title='bbox 383 1745 584 1801; x_wconf 85' lang='lat' dir='ltr'>impofito,</span> <span class='ocrx_word' id='word_1_210' title='bbox 612 1745 744 1786; x_wconf 68' lang='lat' dir='ltr'>dextra</span> <span class='ocrx_word' id='word_1_211' title='bbox 764 1746 998 1794; x_wconf 62' lang='lat' dir='ltr'>Vifmriam,</span> <span class='ocrx_word' id='word_1_212' title='bbox 1025 1746 1117 1787; x_wconf 68' lang='lat' dir='ltr'>laeva</span> <span class='ocrx_word' id='word_1_213' title='bbox 1138 1747 1352 1787; x_wconf 85' lang='lat' dir='ltr'>tridentem.</span> 
     </span>
    </p>
   </div>
   <div class='ocr_carea' id='block_1_13' title="bbox 38 1823 2218 2216">
    <p class='ocr_par' dir='ltr' id='par_1_13' title="bbox 40 1823 2218 1879">
     <span class='ocr_line' id='line_1_22' title="bbox 40 1823 2218 1879; baseline 0.001 -15"><span class='ocrx_word' id='word_1_214' title='bbox 40 1860 74 1870; x_wconf 64' lang='grc'>,,</span> <span class='ocrx_word' id='word_1_215' title='bbox 136 1873 138 1875; x_wconf 60' lang='grc'><strong>,</strong></span> <span class='ocrx_word' id='word_1_216' title='bbox 165 1826 382 1872; x_wconf 81' lang='lat' dir='ltr'>Patrenses‚</span> <span class='ocrx_word' id='word_1_217' title='bbox 411 1825 461 1865; x_wconf 92' lang='lat' dir='ltr'>de</span> <span class='ocrx_word' id='word_1_218' title='bbox 488 1825 629 1879; x_wconf 88' lang='lat' dir='ltr'>quibus</span> <span class='ocrx_word' id='word_1_219' title='bbox 655 1823 787 1879; x_wconf 85' lang='lat' dir='ltr'>pasfim</span> <span class='ocrx_word' id='word_1_220' title='bbox 811 1824 957 1866; x_wconf 62' lang='lat' dir='ltr'>dietum</span> <span class='ocrx_word' id='word_1_221' title='bbox 984 1826 1060 1872; x_wconf 83' lang='lat' dir='ltr'>est,</span> <span class='ocrx_word' id='word_1_222' title='bbox 1088 1839 1270 1866; x_wconf 89' lang='lat' dir='ltr'>nummos</span> <span class='ocrx_word' id='word_1_223' title='bbox 1296 1826 1384 1865; x_wconf 89' lang='lat' dir='ltr'>suos</span> <span class='ocrx_word' id='word_1_224' title='bbox 1408 1823 1543 1865; x_wconf 52' lang='lat' dir='ltr'>vietori</span> <span class='ocrx_word' id='word_1_225' title='bbox 1559 1825 1702 1865; x_wconf 84' lang='lat' dir='ltr'>Severo</span> <span class='ocrx_word' id='word_1_226' title='bbox 1722 1824 1973 1872; x_wconf 73' lang='lat' dir='ltr'>obtulerunt3</span> <span class='ocrx_word' id='word_1_227' title='bbox 2000 1824 2218 1879; x_wconf 84' lang='lat' dir='ltr'>Neptunus</span> 
     </span>
    </p>

    <p class='ocr_par' dir='ltr' id='par_1_14' title="bbox 38 1880 2215 2216">
     <span class='ocr_line' id='line_1_23' title="bbox 110 1880 2211 1935; baseline -0.002 -10"><span class='ocrx_word' id='word_1_228' title='bbox 110 1885 216 1929; x_wconf 76' lang='lat' dir='ltr'>enim</span> <span class='ocrx_word' id='word_1_229' title='bbox 232 1881 442 1923; x_wconf 66' lang='lat' dir='ltr'>Vistoriam</span> <span class='ocrx_word' id='word_1_230' title='bbox 460 1881 592 1921; x_wconf 65' lang='lat' dir='ltr'>dextra</span> <span class='ocrx_word' id='word_1_231' title='bbox 609 1881 706 1934; x_wconf 84' lang='lat' dir='ltr'>gerit</span> <span class='ocrx_word' id='word_1_232' title='bbox 723 1882 763 1920; x_wconf 92' lang='lat' dir='ltr'>in</span> <span class='ocrx_word' id='word_1_233' title='bbox 781 1882 1004 1921; x_wconf 90' lang='lat' dir='ltr'>memoriam</span> <span class='ocrx_word' id='word_1_234' title='bbox 1020 1882 1118 1921; x_wconf 85' lang='lat' dir='ltr'>illius</span> <span class='ocrx_word' id='word_1_235' title='bbox 1138 1895 1256 1935; x_wconf 86' lang='lat' dir='ltr'>quam</span> <span class='ocrx_word' id='word_1_236' title='bbox 1273 1881 1323 1921; x_wconf 89' lang='lat' dir='ltr'>de</span> <span class='ocrx_word' id='word_1_237' title='bbox 1339 1880 1486 1921; x_wconf 87' lang='lat' dir='ltr'>Parthis</span> <span class='ocrx_word' id='word_1_238' title='bbox 1511 1881 1658 1927; x_wconf 79' lang='lat' dir='ltr'>retulit,</span> <span class='ocrx_word' id='word_1_239' title='bbox 1690 1880 1715 1921; x_wconf 84' lang='lat' dir='ltr'>sl</span> <span class='ocrx_word' id='word_1_240' title='bbox 1745 1880 1974 1932; x_wconf 62' lang='lat' dir='ltr'>conje&amp;urae</span> <span class='ocrx_word' id='word_1_241' title='bbox 1999 1881 2127 1928; x_wconf 82' lang='lat' dir='ltr'>locus,</span> <span class='ocrx_word' id='word_1_242' title='bbox 2157 1882 2211 1925; x_wconf 79' lang='lat' dir='ltr'>ob,</span> 
     </span>
     <span class='ocr_line' id='line_1_24' title="bbox 44 1935 2215 1992; baseline -0.002 -12"><span class='ocrx_word' id='word_1_243' title='bbox 44 1943 47 1948; x_wconf 82' lang='grc'><em>’</em></span> <span class='ocrx_word' id='word_1_244' title='bbox 110 1937 188 1984; x_wconf 74' lang='lat' dir='ltr'>Pii</span> <span class='ocrx_word' id='word_1_245' title='bbox 209 1938 361 1986; x_wconf 80' lang='lat' dir='ltr'>titulum</span> <span class='ocrx_word' id='word_1_246' title='bbox 379 1951 497 1992; x_wconf 90' lang='lat' dir='ltr'>quem</span> <span class='ocrx_word' id='word_1_247' title='bbox 516 1936 704 1990; x_wconf 73' lang='lat' dir='ltr'>usurpasse</span> <span class='ocrx_word' id='word_1_248' title='bbox 725 1937 877 1977; x_wconf 87' lang='lat' dir='ltr'>videtur</span> <span class='ocrx_word' id='word_1_249' title='bbox 895 1937 934 1976; x_wconf 90' lang='lat' dir='ltr'>in</span> <span class='ocrx_word' id='word_1_250' title='bbox 949 1937 1167 1978; x_wconf 85' lang='lat' dir='ltr'>Tribunitia</span> <span class='ocrx_word' id='word_1_251' title='bbox 1184 1937 1372 1990; x_wconf 84' lang='lat' dir='ltr'>potestate</span> <span class='ocrx_word' id='word_1_252' title='bbox 1390 1950 1415 1977; x_wconf 85' lang='lat' dir='ltr'>v</span> <span class='ocrx_word' id='word_1_253' title='bbox 1428 1951 1442 1976; x_wconf 96' lang='lat'>1</span> <span class='ocrx_word' id='word_1_254' title='bbox 1464 1950 1479 1976; x_wconf 92' lang='lat'>1</span> <span class='ocrx_word' id='word_1_255' title='bbox 1503 1950 1535 1976; x_wconf 88' lang='lat'>1.</span> <span class='ocrx_word' id='word_1_256' title='bbox 1554 1937 1686 1976; x_wconf 73' lang='lat' dir='ltr'>relisto</span> <span class='ocrx_word' id='word_1_257' title='bbox 1712 1935 1935 1976; x_wconf 64' lang='lat' dir='ltr'>Pertinacu</span> <span class='ocrx_word' id='word_1_258' title='bbox 1955 1936 2133 1982; x_wconf 84' lang='lat' dir='ltr'>nomine,</span> <span class='ocrx_word' id='word_1_259' title='bbox 2161 1937 2215 1986; x_wconf 62' lang='lat' dir='ltr'>de</span> 
     </span>
     <span class='ocr_line' id='line_1_25' title="bbox 38 1990 2210 2052; baseline -0.002 -17"><span class='ocrx_word' id='word_1_260' title='bbox 38 2023 40 2026; x_wconf 35' lang='lat' dir='ltr'>v</span> <span class='ocrx_word' id='word_1_261' title='bbox 108 2007 203 2052; x_wconf 82' lang='lat' dir='ltr'>quo·</span> <span class='ocrx_word' id='word_1_262' title='bbox 214 1993 432 2048; x_wconf 83' lang='lat' dir='ltr'>Spartianus</span> <span class='ocrx_word' id='word_1_263' title='bbox 450 1993 490 2034; x_wconf 89' lang='lat' dir='ltr'>in</span> <span class='ocrx_word' id='word_1_264' title='bbox 518 1992 600 2044; x_wconf 88' lang='lat' dir='ltr'>ejus</span> <span class='ocrx_word' id='word_1_265' title='bbox 621 1993 705 2033; x_wconf 90' lang='lat' dir='ltr'>vita.</span> <span class='ocrx_word' id='word_1_266' title='bbox 746 1991 794 2033; x_wconf 87' lang='lat' dir='ltr'>Se</span> <span class='ocrx_word' id='word_1_267' title='bbox 810 2006 951 2047; x_wconf 83' lang='lat' dir='ltr'>quoque</span> <span class='ocrx_word' id='word_1_268' title='bbox 970 1993 1216 2032; x_wconf 83' lang='lat' dir='ltr'>Pertinacem</span> <span class='ocrx_word' id='word_1_269' title='bbox 1232 1995 1364 2032; x_wconf 86' lang='lat' dir='ltr'>vocari</span> <span class='ocrx_word' id='word_1_270' title='bbox 1367 1992 1502 2047; x_wconf 81' lang='lat' dir='ltr'>juffit‚</span> <span class='ocrx_word' id='word_1_271' title='bbox 1530 1993 1708 2046; x_wconf 84' lang='lat' dir='ltr'>quamvis</span> <span class='ocrx_word' id='word_1_272' title='bbox 1716 1990 1841 2043; x_wconf 61' lang='lat' dir='ltr'>posted</span> <span class='ocrx_word' id='word_1_273' title='bbox 1860 1991 1907 2031; x_wconf 83' lang='lat' dir='ltr'>id</span> <span class='ocrx_word' id='word_1_274' title='bbox 1921 2005 2052 2031; x_wconf 85' lang='lat' dir='ltr'>nomen</span> <span class='ocrx_word' id='word_1_275' title='bbox 2068 1991 2210 2039; x_wconf 52' lang='lat' dir='ltr'>aboleri-</span> 
     </span>
     <span class='ocr_line' id='line_1_26' title="bbox 43 2044 2209 2105; baseline -0.001 -15"><span class='ocrx_word' id='word_1_276' title='bbox 43 2051 46 2057; x_wconf 81' lang='grc'>’</span> <span class='ocrx_word' id='word_1_277' title='bbox 108 2049 295 2096; x_wconf 54' lang='lat' dir='ltr'>volucria,</span> <span class='ocrx_word' id='word_1_278' title='bbox 325 2048 553 2105; x_wconf 59' lang='lat' dir='ltr'>querimonia?</span> <span class='ocrx_word' id='word_1_279' title='bbox 566 2049 775 2088; x_wconf 84' lang='lat' dir='ltr'>amicorum.</span> <span class='ocrx_word' id='word_1_280' title='bbox 803 2048 850 2088; x_wconf 91' lang='lat' dir='ltr'>In</span> <span class='ocrx_word' id='word_1_281' title='bbox 865 2047 1046 2100; x_wconf 86' lang='lat' dir='ltr'>Neptuni</span> <span class='ocrx_word' id='word_1_282' title='bbox 1065 2048 1257 2087; x_wconf 89' lang='lat' dir='ltr'>honorem</span> <span class='ocrx_word' id='word_1_283' title='bbox 1274 2047 1460 2100; x_wconf 88' lang='lat' dir='ltr'>templum</span> <span class='ocrx_word' id='word_1_284' title='bbox 1480 2047 1602 2087; x_wconf 88' lang='lat' dir='ltr'>Patris</span> <span class='ocrx_word' id='word_1_285' title='bbox 1624 2045 1853 2088; x_wconf 69' lang='lat' dir='ltr'>aedificatum</span> <span class='ocrx_word' id='word_1_286' title='bbox 1881 2060 1970 2088; x_wconf 90' lang='lat' dir='ltr'>cum</span> <span class='ocrx_word' id='word_1_287' title='bbox 1998 2044 2031 2100; x_wconf 90' lang='lat' dir='ltr'>ej</span> <span class='ocrx_word' id='word_1_288' title='bbox 2039 2060 2080 2086; x_wconf 89' lang='lat' dir='ltr'>us</span> <span class='ocrx_word' id='word_1_289' title='bbox 2096 2045 2209 2101; x_wconf 81' lang='lat' dir='ltr'>signo</span> 
     </span>
     <span class='ocr_line' id='line_1_27' title="bbox 107 2101 2211 2156; baseline -0.004 -6"><span class='ocrx_word' id='word_1_290' title='bbox 107 2117 234 2150; x_wconf 75' lang='lat' dir='ltr'>narrat</span> <span class='ocrx_word' id='word_1_291' title='bbox 248 2105 449 2146; x_wconf 84' lang='lat' dir='ltr'>Pausanias</span> <span class='ocrx_word' id='word_1_292' title='bbox 465 2104 505 2144; x_wconf 89' lang='lat' dir='ltr'>in</span> <span class='ocrx_word' id='word_1_293' title='bbox 525 2103 712 2144; x_wconf 86' lang='lat' dir='ltr'>Achaicis.</span> <span class='ocrx_word' id='word_1_294' title='bbox 743 2108 819 2155; x_wconf 58' lang='grc' dir='ltr'>Πρὸς</span> <span class='ocrx_word' id='word_1_295' title='bbox 834 2108 867 2142; x_wconf 70' lang='grc' dir='ltr'>δὲ</span> <span class='ocrx_word' id='word_1_296' title='bbox 881 2103 978 2152; x_wconf 61' lang='grc' dir='ltr'>λιμὶζάι</span> <span class='ocrx_word' id='word_1_297' title='bbox 994 2106 1168 2142; x_wconf 59' lang='grc' dir='ltr'>Ποσειδῶνός</span> <span class='ocrx_word' id='word_1_298' title='bbox 1183 2121 1212 2140; x_wconf 77' lang='grc' dir='ltr'>π</span> <span class='ocrx_word' id='word_1_299' title='bbox 1226 2105 1292 2143; x_wconf 64' lang='lat' dir='ltr'>mdc</span> <span class='ocrx_word' id='word_1_300' title='bbox 1307 2109 1332 2156; x_wconf 58' lang='grc' dir='ltr'>»ᾗ</span> <span class='ocrx_word' id='word_1_301' title='bbox 1349 2106 1480 2153; x_wconf 52' lang='grc' dir='ltr'>ἄγαμαί,</span> <span class='ocrx_word' id='word_1_302' title='bbox 1494 2111 1548 2143; x_wconf 65' lang='lat' dir='ltr'>{m</span> <span class='ocrx_word' id='word_1_303' title='bbox 1563 2109 1645 2154; x_wconf 59' lang='lat'>6332</span> <span class='ocrx_word' id='word_1_304' title='bbox 1658 2108 1748 2141; x_wconf 59' lang='lat' dir='ltr'>msa.</span> <span class='ocrx_word' id='word_1_305' title='bbox 1787 2101 1974 2142; x_wconf 73' lang='lat' dir='ltr'>Proxime</span> <span class='ocrx_word' id='word_1_306' title='bbox 1990 2101 2045 2142; x_wconf 86' lang='lat' dir='ltr'>ad</span> <span class='ocrx_word' id='word_1_307' title='bbox 2052 2111 2211 2156; x_wconf 19' lang='lat' dir='ltr'>portum*</span> 
     </span>
     <span class='ocr_line' id='line_1_28' title="bbox 106 2155 2205 2216; baseline -0.001 -13"><span class='ocrx_word' id='word_1_308' title='bbox 106 2159 287 2216; x_wconf 84' lang='lat' dir='ltr'>Neptuni</span> <span class='ocrx_word' id='word_1_309' title='bbox 307 2160 402 2201; x_wconf 83' lang='lat' dir='ltr'>aedes</span> <span class='ocrx_word' id='word_1_310' title='bbox 426 2159 496 2213; x_wconf 75' lang='lat' dir='ltr'>est,</span> <span class='ocrx_word' id='word_1_311' title='bbox 522 2173 607 2201; x_wconf 87' lang='lat' dir='ltr'>cum</span> <span class='ocrx_word' id='word_1_312' title='bbox 615 2158 724 2215; x_wconf 82' lang='lat' dir='ltr'>stgno</span> <span class='ocrx_word' id='word_1_313' title='bbox 752 2173 971 2207; x_wconf 83' lang='lat' dir='ltr'>marmoreo,</span> <span class='ocrx_word' id='word_1_314' title='bbox 998 2159 1107 2214; x_wconf 85' lang='lat' dir='ltr'>cujus</span> <span class='ocrx_word' id='word_1_315' title='bbox 1135 2159 1260 2199; x_wconf 62' lang='lat' dir='ltr'>renus</span> <span class='ocrx_word' id='word_1_316' title='bbox 1287 2159 1337 2212; x_wconf 79' lang='lat' dir='ltr'>cst</span> <span class='ocrx_word' id='word_1_317' title='bbox 1352 2159 1496 2212; x_wconf 64' lang='lat' dir='ltr'>status,</span> <span class='ocrx_word' id='word_1_318' title='bbox 1525 2158 1715 2206; x_wconf 82' lang='lat' dir='ltr'>Tridens‚</span> <span class='ocrx_word' id='word_1_319' title='bbox 1743 2158 1926 2213; x_wconf 86' lang='lat' dir='ltr'>Neptuni</span> <span class='ocrx_word' id='word_1_320' title='bbox 1941 2155 2132 2213; x_wconf 84' lang='lat' dir='ltr'>peculiare</span> <span class='ocrx_word' id='word_1_321' title='bbox 2148 2158 2205 2213; x_wconf 76' lang='lat' dir='ltr'>est</span> 
     </span>
    </p>
   </div>
   <div class='ocr_carea' id='block_1_14' title="bbox 38 2215 1354 2351">
    <p class='ocr_par' dir='ltr' id='par_1_15' title="bbox 38 2215 1354 2351">
     <span class='ocr_line' id='line_1_29' title="bbox 38 2215 310 2279; baseline -0.015 -19"><span class='ocrx_word' id='word_1_322' title='bbox 38 2228 46 2279; x_wconf 68' lang='lat' dir='ltr'>j</span> <span class='ocrx_word' id='word_1_323' title='bbox 108 2215 310 2275; x_wconf 74' lang='lat' dir='ltr'>steptrum.</span> 
     </span>
     <span class='ocr_line' id='line_1_30' title="bbox 39 2293 1354 2351; baseline -0.002 -15"><span class='ocrx_word' id='word_1_324' title='bbox 39 2293 42 2302; x_wconf 90' lang='lat'>&#39;</span> <span class='ocrx_word' id='word_1_325' title='bbox 158 2293 242 2339; x_wconf 79' lang='lat' dir='ltr'>Hic</span> <span class='ocrx_word' id='word_1_326' title='bbox 260 2306 431 2335; x_wconf 81' lang='lat' dir='ltr'>nummus</span> <span class='ocrx_word' id='word_1_327' title='bbox 436 2293 616 2346; x_wconf 77' lang='lat' dir='ltr'>ficundae</span> <span class='ocrx_word' id='word_1_328' title='bbox 632 2293 905 2350; x_wconf 52' lang='lat' dir='ltr'>magnitudin&amp;</span> <span class='ocrx_word' id='word_1_329' title='bbox 913 2304 982 2351; x_wconf 86' lang='lat' dir='ltr'>pro</span> <span class='ocrx_word' id='word_1_330' title='bbox 999 2308 1082 2335; x_wconf 87' lang='lat' dir='ltr'>raro</span> <span class='ocrx_word' id='word_1_331' title='bbox 1097 2293 1354 2335; x_wconf 67' lang='lat' dir='ltr'>numerandus„</span> 
     </span>
    </p>
   </div>
   <div class='ocr_carea' id='block_1_15' title="bbox 982 2429 1358 2806">
    <p class='ocr_par' dir='ltr' id='par_1_16' title="bbox 982 2429 1358 2806">
     <span class='ocr_line' id='line_1_31' title="bbox 982 2429 1358 2806; baseline 0 1413"><span class='ocrx_word' id='word_1_332' title='bbox 982 2429 1358 2806; x_wconf 95' lang='lat' dir='ltr'> </span> 
     </span>
    </p>
   </div>
   <div class='ocr_carea' id='block_1_16' title="bbox 153 2841 2191 2952">
    <p class='ocr_par' dir='ltr' id='par_1_17' title="bbox 153 2841 2191 2952">
     <span class='ocr_line' id='line_1_32' title="bbox 153 2841 2191 2903; baseline 0.005 -19"><span class='ocrx_word' id='word_1_333' title='bbox 153 2855 258 2890; x_wconf 68' lang='lat' dir='ltr'>eon.</span> <span class='ocrx_word' id='word_1_334' title='bbox 291 2856 332 2882; x_wconf 79' lang='lat' dir='ltr'>A.</span> <span class='ocrx_word' id='word_1_335' title='bbox 365 2855 406 2882; x_wconf 77' lang='lat' dir='ltr'>A.</span> <span class='ocrx_word' id='word_1_336' title='bbox 438 2855 500 2881; x_wconf 76' lang='grc' dir='ltr'>ΡΑ</span> <span class='ocrx_word' id='word_1_337' title='bbox 517 2855 595 2882; x_wconf 77' lang='lat' dir='ltr'>TR.</span> <span class='ocrx_word' id='word_1_338' title='bbox 626 2841 780 2882; x_wconf 82' lang='lat' dir='ltr'>Colonia</span> <span class='ocrx_word' id='word_1_339' title='bbox 810 2841 981 2897; x_wconf 75' lang='lat' dir='ltr'>Angusta</span> <span class='ocrx_word' id='word_1_340' title='bbox 1009 2841 1113 2884; x_wconf 86' lang='lat' dir='ltr'>Aroe</span> <span class='ocrx_word' id='word_1_341' title='bbox 1137 2842 1344 2898; x_wconf 80' lang='lat' dir='ltr'>Patrensts.</span> <span class='ocrx_word' id='word_1_342' title='bbox 1380 2848 1522 2903; x_wconf 80' lang='lat' dir='ltr'>Figura</span> <span class='ocrx_word' id='word_1_343' title='bbox 1538 2849 1706 2891; x_wconf 81' lang='lat' dir='ltr'>militaris</span> <span class='ocrx_word' id='word_1_344' title='bbox 1724 2850 1841 2897; x_wconf 81' lang='lat' dir='ltr'>stans,</span> <span class='ocrx_word' id='word_1_345' title='bbox 1869 2852 1907 2890; x_wconf 71' lang='grc' dir='ltr'>ὃ(</span> <span class='ocrx_word' id='word_1_346' title='bbox 1927 2849 2040 2892; x_wconf 80' lang='lat' dir='ltr'>altera</span> <span class='ocrx_word' id='word_1_347' title='bbox 2058 2851 2191 2894; x_wconf 75' lang='lat' dir='ltr'>mulie-</span> 
     </span>
     <span class='ocr_line' id='line_1_33' title="bbox 207 2897 1210 2952; baseline 0 -12"><span class='ocrx_word' id='word_1_348' title='bbox 207 2899 280 2940; x_wconf 88' lang='lat' dir='ltr'>bris</span> <span class='ocrx_word' id='word_1_349' title='bbox 299 2897 451 2943; x_wconf 88' lang='lat' dir='ltr'>sedens,</span> <span class='ocrx_word' id='word_1_350' title='bbox 481 2910 642 2952; x_wconf 86' lang='lat' dir='ltr'>utraque</span> <span class='ocrx_word' id='word_1_351' title='bbox 658 2909 828 2952; x_wconf 84' lang='lat' dir='ltr'>pateram</span> <span class='ocrx_word' id='word_1_352' title='bbox 845 2898 955 2952; x_wconf 89' lang='lat' dir='ltr'>super</span> <span class='ocrx_word' id='word_1_353' title='bbox 972 2913 1074 2939; x_wconf 85' lang='lat' dir='ltr'>aram</span> <span class='ocrx_word' id='word_1_354' title='bbox 1094 2912 1210 2941; x_wconf 90' lang='lat' dir='ltr'>tenet.</span> 
     </span>
    </p>
   </div>
   <div class='ocr_carea' id='block_1_17' title="bbox 26 2974 2183 3199">
    <p class='ocr_par' dir='ltr' id='par_1_18' title="bbox 26 2974 2183 3199">
     <span class='ocr_line' id='line_1_34' title="bbox 42 2974 2183 3037; baseline 0.004 -20.97"><span class='ocrx_word' id='word_1_355' title='bbox 42 3010 43 3014; x_wconf 67' lang='grc'>,</span> <span class='ocrx_word' id='word_1_356' title='bbox 148 2977 289 3033; x_wconf 85' lang='lat' dir='ltr'>Figura</span> <span class='ocrx_word' id='word_1_357' title='bbox 307 2975 366 3016; x_wconf 81' lang='lat' dir='ltr'>illa</span> <span class='ocrx_word' id='word_1_358' title='bbox 386 2976 551 3016; x_wconf 87' lang='lat' dir='ltr'>militaris</span> <span class='ocrx_word' id='word_1_359' title='bbox 571 2975 720 3016; x_wconf 88' lang='lat' dir='ltr'>videtur</span> <span class='ocrx_word' id='word_1_360' title='bbox 738 2976 812 3018; x_wconf 83' lang='lat' dir='ltr'>effe</span> <span class='ocrx_word' id='word_1_361' title='bbox 828 2976 988 3018; x_wconf 90' lang='lat' dir='ltr'>Severus</span> <span class='ocrx_word' id='word_1_362' title='bbox 1010 2997 1022 3025; x_wconf 70' lang='lat'>⁴,</span> <span class='ocrx_word' id='word_1_363' title='bbox 1050 2974 1132 3018; x_wconf 85' lang='lat' dir='ltr'>haec</span> <span class='ocrx_word' id='word_1_364' title='bbox 1147 2979 1359 3024; x_wconf 88' lang='lat' dir='ltr'>muliebris,</span> <span class='ocrx_word' id='word_1_365' title='bbox 1390 2981 1498 3028; x_wconf 86' lang='lat' dir='ltr'>urbs,</span> <span class='ocrx_word' id='word_1_366' title='bbox 1526 2980 1593 3022; x_wconf 90' lang='lat' dir='ltr'>sub</span> <span class='ocrx_word' id='word_1_367' title='bbox 1620 2982 1736 3022; x_wconf 88' lang='lat' dir='ltr'>Genii</span> <span class='ocrx_word' id='word_1_368' title='bbox 1763 2982 1879 3037; x_wconf 82' lang='lat' dir='ltr'>figura</span> <span class='ocrx_word' id='word_1_369' title='bbox 1899 3003 1910 3030; x_wconf 66' lang='grc' dir='ltr'>ς</span> <span class='ocrx_word' id='word_1_370' title='bbox 1937 2983 1998 3023; x_wconf 75' lang='lat' dir='ltr'>ine</span> <span class='ocrx_word' id='word_1_371' title='bbox 2024 2985 2122 3025; x_wconf 81' lang='lat' dir='ltr'>stans</span> <span class='ocrx_word' id='word_1_372' title='bbox 2140 2997 2183 3028; x_wconf 87' lang='lat' dir='ltr'>ut</span> 
     </span>
     <span class='ocr_line' id='line_1_35' title="bbox 27 3031 2183 3093; baseline 0.003 -19"><span class='ocrx_word' id='word_1_373' title='bbox 27 3053 65 3069; x_wconf 65' lang='lat'>,-</span> <span class='ocrx_word' id='word_1_374' title='bbox 95 3033 294 3080; x_wconf 83' lang='lat' dir='ltr'>Mortalis,</span> <span class='ocrx_word' id='word_1_375' title='bbox 321 3032 402 3072; x_wconf 71' lang='lat' dir='ltr'>hate</span> <span class='ocrx_word' id='word_1_376' title='bbox 421 3031 555 3072; x_wconf 88' lang='lat' dir='ltr'>sedens</span> <span class='ocrx_word' id='word_1_377' title='bbox 577 3043 619 3072; x_wconf 90' lang='lat' dir='ltr'>ut</span> <span class='ocrx_word' id='word_1_378' title='bbox 634 3032 747 3079; x_wconf 73' lang='lat' dir='ltr'>Dea;</span> <span class='ocrx_word' id='word_1_379' title='bbox 773 3032 836 3072; x_wconf 86' lang='lat' dir='ltr'>ille</span> <span class='ocrx_word' id='word_1_380' title='bbox 854 3045 1022 3087; x_wconf 86' lang='lat' dir='ltr'>pateram</span> <span class='ocrx_word' id='word_1_381' title='bbox 1040 3045 1146 3075; x_wconf 91' lang='lat' dir='ltr'>tenet</span> <span class='ocrx_word' id='word_1_382' title='bbox 1167 3034 1238 3088; x_wconf 84' lang='lat' dir='ltr'>ipfi</span> <span class='ocrx_word' id='word_1_383' title='bbox 1254 3034 1462 3075; x_wconf 86' lang='lat' dir='ltr'>sacrificans</span> <span class='ocrx_word' id='word_1_384' title='bbox 1476 3064 1486 3082; x_wconf 94' lang='lat'>,</span> <span class='ocrx_word' id='word_1_385' title='bbox 1521 3037 1602 3076; x_wconf 81' lang='lat' dir='ltr'>haec</span> <span class='ocrx_word' id='word_1_386' title='bbox 1624 3051 1786 3091; x_wconf 85' lang='lat' dir='ltr'>qnoque</span> <span class='ocrx_word' id='word_1_387' title='bbox 1811 3040 1963 3079; x_wconf 80' lang='lat' dir='ltr'>alteram</span> <span class='ocrx_word' id='word_1_388' title='bbox 1993 3052 2108 3093; x_wconf 81' lang='lat' dir='ltr'>gerit,-</span> <span class='ocrx_word' id='word_1_389' title='bbox 2140 3054 2183 3083; x_wconf 91' lang='lat' dir='ltr'>ut</span> 
     </span>
     <span class='ocr_line' id='line_1_36' title="bbox 26 3086 2181 3147; baseline 0.004 -19"><span class='ocrx_word' id='word_1_390' title='bbox 26 3118 42 3147; x_wconf 80' lang='lat'>2</span> <span class='ocrx_word' id='word_1_391' title='bbox 93 3087 311 3133; x_wconf 87' lang='lat' dir='ltr'>sacrificium</span> <span class='ocrx_word' id='word_1_392' title='bbox 337 3086 404 3128; x_wconf 88' lang='lat' dir='ltr'>fibi</span> <span class='ocrx_word' id='word_1_393' title='bbox 430 3099 578 3142; x_wconf 86' lang='lat' dir='ltr'>gratum</span> <span class='ocrx_word' id='word_1_394' title='bbox 603 3088 774 3129; x_wconf 87' lang='lat' dir='ltr'>denotet.</span> <span class='ocrx_word' id='word_1_395' title='bbox 813 3089 973 3130; x_wconf 87' lang='lat' dir='ltr'>Severus</span> <span class='ocrx_word' id='word_1_396' title='bbox 997 3090 1244 3144; x_wconf 88' lang='lat' dir='ltr'>imperatorio</span> <span class='ocrx_word' id='word_1_397' title='bbox 1266 3095 1304 3130; x_wconf 68' lang='grc' dir='ltr'>ὅς</span> <span class='ocrx_word' id='word_1_398' title='bbox 1324 3092 1473 3132; x_wconf 88' lang='lat' dir='ltr'>militari</span> <span class='ocrx_word' id='word_1_399' title='bbox 1493 3091 1623 3133; x_wconf 84' lang='lat' dir='ltr'>habitu</span> <span class='ocrx_word' id='word_1_400' title='bbox 1642 3092 1689 3132; x_wconf 87' lang='lat' dir='ltr'>ad</span> <span class='ocrx_word' id='word_1_401' title='bbox 1712 3094 1851 3133; x_wconf 88' lang='lat' dir='ltr'>bellum</span> <span class='ocrx_word' id='word_1_402' title='bbox 1869 3094 2107 3147; x_wconf 82' lang='lat' dir='ltr'>proficiscens</span> <span class='ocrx_word' id='word_1_403' title='bbox 2128 3097 2181 3137; x_wconf 85' lang='lat' dir='ltr'>sa-</span> 
     </span>
     <span class='ocr_line' id='line_1_37' title="bbox 31 3142 2181 3199; baseline 0.003 -15"><span class='ocrx_word' id='word_1_404' title='bbox 31 3166 33 3171; x_wconf 63' lang='lat'>&lt;</span> <span class='ocrx_word' id='word_1_405' title='bbox 92 3143 234 3194; x_wconf 78' lang='lat' dir='ltr'>crificat</span> <span class='ocrx_word' id='word_1_406' title='bbox 251 3163 263 3190; x_wconf 88' lang='lat'>;</span> <span class='ocrx_word' id='word_1_407' title='bbox 289 3142 387 3183; x_wconf 88' lang='lat' dir='ltr'>sacra</span> <span class='ocrx_word' id='word_1_408' title='bbox 406 3144 508 3184; x_wconf 90' lang='lat' dir='ltr'>enim</span> <span class='ocrx_word' id='word_1_409' title='bbox 532 3156 614 3187; x_wconf 85' lang='lat' dir='ltr'>tum</span> <span class='ocrx_word' id='word_1_410' title='bbox 636 3155 678 3184; x_wconf 93' lang='lat' dir='ltr'>ut</span> <span class='ocrx_word' id='word_1_411' title='bbox 697 3143 930 3197; x_wconf 81' lang='lat' dir='ltr'>Imperator,</span> <span class='ocrx_word' id='word_1_412' title='bbox 960 3157 1044 3185; x_wconf 91' lang='lat' dir='ltr'>tum</span> <span class='ocrx_word' id='word_1_413' title='bbox 1065 3158 1107 3186; x_wconf 87' lang='lat' dir='ltr'>ut</span> <span class='ocrx_word' id='word_1_414' title='bbox 1122 3144 1301 3190; x_wconf 85' lang='lat' dir='ltr'>Pontifex</span> <span class='ocrx_word' id='word_1_415' title='bbox 1320 3147 1512 3188; x_wconf 87' lang='lat' dir='ltr'>Maximus</span> <span class='ocrx_word' id='word_1_416' title='bbox 1534 3149 1655 3188; x_wconf 86' lang='lat' dir='ltr'>facere</span> <span class='ocrx_word' id='word_1_417' title='bbox 1672 3161 1829 3199; x_wconf 80' lang='lat' dir='ltr'>poterat.</span> <span class='ocrx_word' id='word_1_418' title='bbox 1859 3148 2062 3189; x_wconf 86' lang='lat' dir='ltr'>Sacrificari</span> <span class='ocrx_word' id='word_1_419' title='bbox 2079 3151 2181 3192; x_wconf 84' lang='lat' dir='ltr'>vela-</span> 
     </span>
    </p>
   </div>
   <div class='ocr_carea' id='block_1_18' title="bbox 11 3199 2179 3258">
    <p class='ocr_par' dir='ltr' id='par_1_19' title="bbox 11 3199 2179 3258">
     <span class='ocr_line' id='line_1_38' title="bbox 11 3199 2179 3258; baseline 0.003 -16"><span class='ocrx_word' id='word_1_420' title='bbox 11 3202 23 3252; x_wconf 67' lang='lat' dir='ltr'>j</span> <span class='ocrx_word' id='word_1_421' title='bbox 39 3214 41 3218; x_wconf 62' lang='lat'><strong><em>⁴</em></strong></span> <span class='ocrx_word' id='word_1_422' title='bbox 93 3210 137 3243; x_wconf 85' lang='lat' dir='ltr'>to</span> <span class='ocrx_word' id='word_1_423' title='bbox 152 3199 277 3254; x_wconf 87' lang='lat' dir='ltr'>capite</span> <span class='ocrx_word' id='word_1_424' title='bbox 294 3209 465 3252; x_wconf 84' lang='lat' dir='ltr'>coeptum</span> <span class='ocrx_word' id='word_1_425' title='bbox 486 3211 635 3241; x_wconf 90' lang='lat' dir='ltr'>narrant</span> <span class='ocrx_word' id='word_1_426' title='bbox 652 3213 698 3239; x_wconf 91' lang='lat' dir='ltr'>ex</span> <span class='ocrx_word' id='word_1_427' title='bbox 714 3199 854 3239; x_wconf 86' lang='lat' dir='ltr'>AEnea.</span> <span class='ocrx_word' id='word_1_428' title='bbox 885 3201 991 3241; x_wconf 76' lang='lat' dir='ltr'>Cum</span> <span class='ocrx_word' id='word_1_429' title='bbox 1010 3200 1070 3242; x_wconf 89' lang='lat' dir='ltr'>ille</span> <span class='ocrx_word' id='word_1_430' title='bbox 1087 3201 1308 3241; x_wconf 85' lang='lat' dir='ltr'>sacrificium</span> <span class='ocrx_word' id='word_1_431' title='bbox 1328 3202 1367 3241; x_wconf 90' lang='lat' dir='ltr'>in</span> <span class='ocrx_word' id='word_1_432' title='bbox 1386 3203 1512 3242; x_wconf 82' lang='lat' dir='ltr'>littore</span> <span class='ocrx_word' id='word_1_433' title='bbox 1531 3216 1679 3258; x_wconf 84' lang='lat' dir='ltr'>ageret,</span> <span class='ocrx_word' id='word_1_434' title='bbox 1711 3204 1869 3243; x_wconf 83' lang='lat' dir='ltr'>traditur</span> <span class='ocrx_word' id='word_1_435' title='bbox 1885 3203 1985 3244; x_wconf 75' lang='lat' dir='ltr'>forte</span> <span class='ocrx_word' id='word_1_436' title='bbox 2001 3204 2179 3248; x_wconf 74' lang='lat' dir='ltr'>advertiss</span> 
     </span>
    </p>
   </div>
   <div class='ocr_carea' id='block_1_19' title="bbox 89 3252 2175 3316">
    <p class='ocr_par' dir='ltr' id='par_1_20' title="bbox 89 3252 2175 3316">
     <span class='ocr_line' id='line_1_39' title="bbox 89 3252 2175 3316; baseline 0.003 -20"><span class='ocrx_word' id='word_1_437' title='bbox 89 3253 128 3298; x_wconf 84' lang='lat' dir='ltr'>se</span> <span class='ocrx_word' id='word_1_438' title='bbox 152 3256 335 3316; x_wconf 73' lang='lat' dir='ltr'>Argivam</span> <span class='ocrx_word' id='word_1_439' title='bbox 362 3252 510 3294; x_wconf 82' lang='lat' dir='ltr'>claffem</span> <span class='ocrx_word' id='word_1_440' title='bbox 540 3255 579 3294; x_wconf 92' lang='lat' dir='ltr'>in</span> <span class='ocrx_word' id='word_1_441' title='bbox 607 3268 684 3309; x_wconf 91' lang='lat' dir='ltr'>qua</span> <span class='ocrx_word' id='word_1_442' title='bbox 703 3254 855 3310; x_wconf 74' lang='lat' dir='ltr'>Ulysses</span> <span class='ocrx_word' id='word_1_443' title='bbox 870 3266 950 3296; x_wconf 87' lang='lat' dir='ltr'>erat</span> <span class='ocrx_word' id='word_1_444' title='bbox 970 3270 978 3295; x_wconf 90' lang='lat'><strong>:</strong></span> <span class='ocrx_word' id='word_1_445' title='bbox 1005 3257 1174 3310; x_wconf 79' lang='lat' dir='ltr'>cumque</span> <span class='ocrx_word' id='word_1_446' title='bbox 1190 3269 1383 3298; x_wconf 86' lang='lat' dir='ltr'>vereretur</span> <span class='ocrx_word' id='word_1_447' title='bbox 1399 3271 1448 3297; x_wconf 91' lang='lat' dir='ltr'>ne</span> <span class='ocrx_word' id='word_1_448' title='bbox 1467 3258 1515 3298; x_wconf 91' lang='lat' dir='ltr'>ab</span> <span class='ocrx_word' id='word_1_449' title='bbox 1534 3259 1641 3298; x_wconf 84' lang='lat' dir='ltr'>hoste</span> <span class='ocrx_word' id='word_1_450' title='bbox 1659 3259 1835 3312; x_wconf 84' lang='lat' dir='ltr'>cognitus</span> <span class='ocrx_word' id='word_1_451' title='bbox 1854 3259 2061 3312; x_wconf 74' lang='lat' dir='ltr'>periculum</span> <span class='ocrx_word' id='word_1_452' title='bbox 2077 3261 2175 3303; x_wconf 89' lang='lat' dir='ltr'>subi-</span> 
     </span>
    </p>
   </div>
   <div class='ocr_carea' id='block_1_20' title="bbox 3 3307 2174 3367">
    <p class='ocr_par' dir='ltr' id='par_1_21' title="bbox 3 3307 2174 3367">
     <span class='ocr_line' id='line_1_40' title="bbox 3 3307 2174 3367; baseline 0.003 -17"><span class='ocrx_word' id='word_1_453' title='bbox 3 3312 5 3314; x_wconf 72' lang='grc'>’</span> <span class='ocrx_word' id='word_1_454' title='bbox 31 3307 35 3332; x_wconf 84' lang='lat'><strong><em>;</em></strong></span> <span class='ocrx_word' id='word_1_455' title='bbox 88 3321 168 3357; x_wconf 76' lang='lat' dir='ltr'>ret,</span> <span class='ocrx_word' id='word_1_456' title='bbox 195 3321 366 3363; x_wconf 82' lang='lat' dir='ltr'>itemque</span> <span class='ocrx_word' id='word_1_457' title='bbox 385 3323 465 3349; x_wconf 88' lang='lat' dir='ltr'>rem</span> <span class='ocrx_word' id='word_1_458' title='bbox 481 3310 649 3351; x_wconf 89' lang='lat' dir='ltr'>divinam</span> <span class='ocrx_word' id='word_1_459' title='bbox 669 3312 944 3363; x_wconf 87' lang='lat' dir='ltr'>interrumpere</span> <span class='ocrx_word' id='word_1_460' title='bbox 961 3311 1151 3352; x_wconf 88' lang='lat' dir='ltr'>summum</span> <span class='ocrx_word' id='word_1_461' title='bbox 1176 3312 1283 3352; x_wconf 86' lang='lat' dir='ltr'>nefas</span> <span class='ocrx_word' id='word_1_462' title='bbox 1301 3312 1479 3359; x_wconf 87' lang='lat' dir='ltr'>duceret,</span> <span class='ocrx_word' id='word_1_463' title='bbox 1507 3326 1620 3367; x_wconf 86' lang='lat' dir='ltr'>caput</span> <span class='ocrx_word' id='word_1_464' title='bbox 1640 3313 1853 3354; x_wconf 83' lang='lat' dir='ltr'>velamento</span> <span class='ocrx_word' id='word_1_465' title='bbox 1873 3313 2093 3366; x_wconf 78' lang='lat' dir='ltr'>obduxisse,</span> <span class='ocrx_word' id='word_1_466' title='bbox 2119 3329 2174 3363; x_wconf 63' lang='lat' dir='ltr'>at«—</span> 
     </span>
    </p>
   </div>
   <div class='ocr_carea' id='block_1_21' title="bbox 0 187 74 4219">
    <p class='ocr_par' dir='ltr' id='par_1_22' title="bbox 0 187 74 4219">
     <span class='ocr_line' id='line_1_41' title="bbox 0 187 74 4219; baseline 0 0"><span class='ocrx_word' id='word_1_467' title='bbox 0 187 74 4219; x_wconf 95' lang='lat' dir='ltr'> </span> 
     </span>
    </p>
   </div>
   <div class='ocr_carea' id='block_1_22' title="bbox 12 3363 1796 3502">
    <p class='ocr_par' dir='ltr' id='par_1_23' title="bbox 12 3363 1796 3502">
     <span class='ocr_line' id='line_1_42' title="bbox 12 3363 1796 3421; baseline 0.002 -15"><span class='ocrx_word' id='word_1_468' title='bbox 12 3363 14 3366; x_wconf 67' lang='grc'><strong>’</strong></span> <span class='ocrx_word' id='word_1_469' title='bbox 30 3395 33 3397; x_wconf 87' lang='grc'>-</span> <span class='ocrx_word' id='word_1_470' title='bbox 90 3379 167 3421; x_wconf 90' lang='lat' dir='ltr'>que</span> <span class='ocrx_word' id='word_1_471' title='bbox 183 3365 233 3406; x_wconf 86' lang='lat' dir='ltr'>ita</span> <span class='ocrx_word' id='word_1_472' title='bbox 253 3364 369 3419; x_wconf 87' lang='lat' dir='ltr'>pleno</span> <span class='ocrx_word' id='word_1_473' title='bbox 386 3365 459 3406; x_wconf 90' lang='lat' dir='ltr'>ritu</span> <span class='ocrx_word' id='word_1_474' title='bbox 476 3364 574 3405; x_wconf 85' lang='lat' dir='ltr'>sacra</span> <span class='ocrx_word' id='word_1_475' title='bbox 591 3365 787 3420; x_wconf 74' lang='lat' dir='ltr'>perfecisse</span> <span class='ocrx_word' id='word_1_476' title='bbox 806 3380 813 3405; x_wconf 89' lang='lat'>:</span> <span class='ocrx_word' id='word_1_477' title='bbox 840 3366 932 3406; x_wconf 87' lang='lat' dir='ltr'>inde</span> <span class='ocrx_word' id='word_1_478' title='bbox 951 3367 1110 3421; x_wconf 81' lang='lat' dir='ltr'>posteris</span> <span class='ocrx_word' id='word_1_479' title='bbox 1127 3367 1307 3408; x_wconf 88' lang='lat' dir='ltr'>traditum</span> <span class='ocrx_word' id='word_1_480' title='bbox 1323 3381 1470 3409; x_wconf 89' lang='lat' dir='ltr'>morem</span> <span class='ocrx_word' id='word_1_481' title='bbox 1486 3369 1539 3410; x_wconf 90' lang='lat' dir='ltr'>ita</span> <span class='ocrx_word' id='word_1_482' title='bbox 1557 3367 1796 3409; x_wconf 85' lang='lat' dir='ltr'>sacrificandi.</span> 
     </span>
     <span class='ocr_line' id='line_1_43' title="bbox 141 3441 1448 3502; baseline 0.001 -16"><span class='ocrx_word' id='word_1_483' title='bbox 141 3441 224 3488; x_wconf 75' lang='lat' dir='ltr'>Hic</span> <span class='ocrx_word' id='word_1_484' title='bbox 241 3455 411 3483; x_wconf 85' lang='lat' dir='ltr'>nummus</span> <span class='ocrx_word' id='word_1_485' title='bbox 417 3441 595 3496; x_wconf 70' lang='lat' dir='ltr'>secundae</span> <span class='ocrx_word' id='word_1_486' title='bbox 609 3444 904 3502; x_wconf 79' lang='lat' dir='ltr'>magnitudinis,</span> <span class='ocrx_word' id='word_1_487' title='bbox 931 3445 1032 3485; x_wconf 88' lang='lat' dir='ltr'>inter</span> <span class='ocrx_word' id='word_1_488' title='bbox 1047 3459 1152 3486; x_wconf 86' lang='lat' dir='ltr'>raros</span> <span class='ocrx_word' id='word_1_489' title='bbox 1168 3447 1448 3502; x_wconf 72' lang='lat' dir='ltr'>computandus.</span> 
     </span>
    </p>
   </div>
   <div class='ocr_carea' id='block_1_23' title="bbox 1037 3565 1363 3892">
    <p class='ocr_par' dir='ltr' id='par_1_24' title="bbox 1037 3565 1363 3892">
     <span class='ocr_line' id='line_1_44' title="bbox 1037 3565 1363 3892; baseline 0 327"><span class='ocrx_word' id='word_1_490' title='bbox 1037 3565 1363 3892; x_wconf 95' lang='lat' dir='ltr'> </span> 
     </span>
    </p>
   </div>
  </div>
 </body>
</html>
