2574 4214
218 210 283 255 a
701 258 704 261 ,
958 197 1560 254 Aueusrus
1676 262 1678 264 ¹
1976 259 1978 261 ‚
2144 253 2208 260 .„

221 273 362 315 cessum
382 272 467 313 est?
495 268 589 313 Nos
605 285 733 315 autem
750 267 798 314 ad
816 266 995 314 Coloniae
1013 273 1200 328 originem
1217 271 1386 326 speEkare
1403 270 1485 311 haec
1503 269 1607 324 figna
1623 264 1798 308 militaria
1818 264 2102 306 contendimus.
2141 263 2328 307 Colonus

218 331 312 372 hinc
338 343 454 382 agens
479 329 598 369 boves
623 331 760 382 partim
784 342 832 368 ex
859 328 997 382 plebe,
1027 328 1132 382 figna
1147 326 1239 368 inde
1256 326 1475 382 Legionum
1500 324 1639 379 partim
1661 336 1708 362 ex
1725 321 1928 362 Veteranis
1947 321 2128 382 deduftae
2147 320 2331 363 Coloniae

220 385 389 439 symbola
412 383 508 424 sunt.
552 384 768 439 Legionum
792 384 831 423 in
857 396 1018 423 nummo
1041 383 1200 424 nomina
1223 382 1304 422 illas
1328 381 1500 422 indicant
1516 407 1528 426 ‚
1558 393 1605 419 ex
1623 378 1765 432 quibus
1789 376 1976 418 Veterani
1997 375 2329 430 Caesaraugustam

220 438 417 481 transmilli
435 438 560 484 fuere,
589 440 712 494 Legio
734 453 790 479 iv.
815 438 975 479 colonos
992 451 1038 478 ex
1057 439 1168 478 unica
1185 464 1196 484 ,
1226 438 1385 478 nomine
1408 435 1608 489 Scythica,
1638 432 1827 474 deduuos
1844 431 2006 472 denotat
2025 451 2036 478 ·‚
2065 430 2131 470 sed
2155 433 2245 471 cum
2261 445 2328 472 VI.

222 495 309 535 duce
332 493 450 534 essent
464 521 475 539 ,
506 508 579 533 una
598 495 754 534 Vic‘t'rix
776 522 787 540 ‚
816 494 930 533 altera
953 491 1115 532 Ferrata
1133 519 1145 538 ,
1175 496 1214 531 &
1231 505 1266 531 x.
1291 492 1431 545 pariter
1450 491 1537 530 duae
1553 516 1564 535 ,
1595 502 1671 528 una
1689 488 1850 527 Gemina
1868 515 1880 533 ‚
1909 487 2024 527 altera
2042 485 2225 538 Fretensis
2239 513 2251 532 ,
2281 500 2330 527 ex

222 550 324 590 sexta
341 548 502 588 Ferrata
520 553 558 587 &
575 549 724 588 decima
743 547 908 595 Fretenfi
923 547 1074 602 potius,
1103 546 1220 599 quam
1237 559 1284 585 ex
1302 545 1452 585 duabus
1471 545 1572 590 aliis,
1602 544 1792 584 deductos
1807 541 1967 582 colonos
1985 554 2188 595 putamus,
2217 541 2331 596 quod

220 605 292 644 illae
312 605 350 643 in
372 603 555 657 Hispania
572 604 620 642 ab
641 605 816 655 Augusto
836 603 885 643 ad
901 601 1108 656 provinciae
1127 600 1409 651 munimentum
1436 599 1509 640 sint
1529 599 1744 640 constitutae
1759 624 1772 644 ,
1804 612 1819 637 1
1833 612 1869 637 v.
1892 599 1987 637 veri)
2006 597 2183 650 Scythica
2203 597 2243 636 in
2262 597 2332 651 Sy·

220 661 315 700 riam
332 656 553 703 minnan&
581 659 685 698 unde
701 648 801 698 illam
820 671 1017 711 nunquam
1034 657 1073 696 in
1089 656 1277 709 Hispania
1292 655 1456 696 locatam
1475 654 1676 695 novimus:
1706 667 1752 694 ex
1771 667 1853 705 quo
1865 653 2022 709 Seguini
2038 652 2223 694 sententia
2235 665 2330 693 con-

222 714 371 755 vellitur
383 741 394 759 ,
423 713 489 766 qui
510 726 595 752 cam
615 713 908 768 Caesaraugustae
925 712 1085 752 hiberna
1104 725 1217 766 agere
1235 723 1373 752 narrat.
1413 711 1477 752 De
1496 709 1720 751 Duumviris
1739 707 1851 750 infra.

280 791 361 832 Hic
377 803 549 830 nummus
560 794 693 845 primae
711 791 987 847 magnitudinis
997 788 1321 845 praestantffmus
1334 788 1399 842 est.

230 1386 257 1415 A
270 1387 294 1413 v
306 1387 331 1413 G
341 1386 367 1413 v
379 1385 397 1412 s
412 1385 436 1412 T
447 1385 472 1412 v
484 1385 502 1412 s
534 1386 561 1412 n
574 1386 589 1413 1
604 1386 629 1413 v
644 1385 658 1412 1
694 1386 733 1413 F.
768 1373 902 1426 Caput
922 1370 1090 1428 Augusti
1104 1371 1330 1414 laureatum.

283 1443 321 1470 c.
341 1444 377 1469 c.
405 1442 445 1469 Α.
478 1442 584 1468 TIB.
616 1443 766 1470 CLOD.
799 1441 974 1469 FLAVO
1006 1441 1201 1469 PRAEF.
1232 1439 1486 1468 GERMAN.
1519 1437 1559 1468 L.
1594 1439 1813 1468 IVVENT.
1843 1439 1951 1468 LVP.
1984 1440 2001 1468 1
2020 1440 2053 1468 1.
2083 1436 2196 1468 vin.
2227 1425 2336 1469 Cot'oa·

338 1486 405 1523 nia
421 1483 591 1534 Caelarea
607 1484 793 1539 Augusta.
823 1483 972 1523 Tiberio
992 1483 1123 1524 Clodio
1139 1483 1263 1524 Flavo
1281 1482 1475 1538 PraeftHo
1494 1483 1763 1523 Germanorum
1779 1509 1793 1530 ‚
1822 1482 1947 1523 Lucio
1959 1483 2154 1537 Juventio
2164 1483 2337 1538 Luperco

338 1540 591 1580 Duumviris.
622 1540 712 1579 Bos.

282 1595 405 1650 Apud
421 1596 537 1635 Com.
558 1594 861 1635 Mediobarbum
881 1609 966 1649 pag.
983 1598 1050 1645 46.
1072 1608 1145 1649 pro
1174 1608 1198 1634 τ
1215 1607 1231 1633 1
1248 1608 1283 1634 13.
1315 1606 1338 1634 F
1357 1607 1371 1633 1
1389 1607 1415 1634 A
1431 1607 1498 1635 No
1526 1593 1611 1649 lege
1640 1608 1666 1634 Τ
1682 1608 1696 1634 1
1713 1609 1749 1635 B.
1781 1608 1804 1634 F
1819 1608 1843 1634 L
1859 1605 1959 1634 Avo
1973 1621 1984 1641 ,
2013 1597 2052 1634 δε
2071 1608 2156 1651 pag.
2175 1605 2242 1646 47.
2260 1605 2337 1648 pro

343 1665 416 1691 Tr.
458 1663 870 1697 cLoD.F1ANo‚
909 1663 1057 1704 repone
1095 1663 1169 1690 11.
1208 1663 1358 1690 cnon.
1397 1663 1607 1696 FLAv03
1647 1650 1689 1690 in
1715 1649 1850 1690 Indice
1875 1649 1962 1690 dele
2001 1664 2110 1690 1113.
2143 1662 2335 1690 FIANO

342 1719 532 1747 FABIO.

285 1784 346 1824 En
363 1784 523 1824 alterum
539 1784 606 1824 sub
623 1783 755 1824 iisdem
776 1783 1001 1823 Duumviris
1020 1783 1198 1824 dedustae
1216 1782 1397 1825 Coloniae
1413 1782 1627 1837 symbolum
1646 1798 1655 1823 t
1691 1783 1762 1825 bos
1781 1781 1885 1824 enim
1904 1797 1978 1837 pro
2001 1792 2131 1825 earum
2149 1810 2161 1830 ‚
2190 1782 2273 1823 imo
2294 1784 2336 1822 «Sc

231 1840 538 1892 Municipiorum
557 1839 692 1894 insigni
709 1839 758 1879 ab
777 1839 1015 1891 Antiquariis
1032 1852 1231 1894 reputatur
1248 1859 1259 1886 ·‚
1287 1839 1516 1894 quibusdam
1539 1839 1607 1879 soli
1624 1838 1856 1880 fertilitatem
1877 1838 2063 1880 denotare
2079 1838 2233 1878 videtur
2245 1865 2256 1884 ,
2287 1837 2340 1878 ad

231 1895 498 1951 agriculturam
515 1896 617 1935 cives
636 1894 799 1934 invitans
811 1920 824 1940 ‚
851 1894 872 1933 a
889 1893 1096 1934 Plutarcho
1114 1895 1154 1933 in
1165 1894 1324 1936 Theseo
1345 1909 1432 1950 pag.
1457 1908 1472 1934 1
1485 1908 1517 1935 1.
1536 1893 1710 1936 refertur.
1739 1898 1843 1939 Εκωψε
1861 1898 1881 1944 {5
1901 1902 1924 1948 ιζ,
1942 1897 2074 1945 νόμισμα
2086 1901 2144 1941 βὲν
2163 1896 2339 1944 έΓχωςρίξας

229 1956 247 1994 ἦ
269 1954 333 2001 2133
356 1955 376 1986 ἃ·
398 1954 606 1998 Μωΰθώνιον
627 1958 730 2000 ταῦρον
744 1978 754 1992 ,
780 1952 798 1991 ἦ
818 1952 884 1999 2132
904 1953 925 1986 θ’
948 1956 1030 1987 Μίνω
1053 1953 1200 1999 ςςφπηδν
1214 1976 1225 1993 ,
1248 1952 1266 1991 ἢ
1284 1953 1367 1997 φύς
1386 1956 1532 2000 γωςγίαν
1553 1953 1607 1989 τές
1629 1958 1748 1990 πολίτας
1770 1959 1974 1999 παρμκαλῶν-
2010 1950 2196 2004 Signavlt
2216 1954 2336 1990 etiam

232 2020 421 2047 nummum
444 2004 560 2056 inciso
584 2004 679 2046 bove
695 2030 708 2052 ,
735 2004 804 2046 vel
814 2004 860 2044 ob
879 2013 1030 2046 taurum
1049 2004 1345 2046 Marathoniam
1360 2031 1374 2052 ,
1400 2005 1471 2046 vel
1489 2004 1536 2045 ob
1553 2005 1702 2046 Minois
1717 2004 1848 2046 ducem
1866 2032 1881 2054 ‚
1909 2005 1979 2046 vel
1997 2005 2053 2046 ad
2064 2004 2342 2061 agriculturam

231 2075 336 2102 caves
355 2070 536 2101 incitans.

287 2117 437 2157 Primus
458 2115 651 2156 Duumvir
666 2115 706 2156 in
724 2114 907 2169 superiori
926 2128 1089 2156 nummo
1105 2128 1194 2154 cum
1211 2115 1450 2169 praenomine
1467 2118 1507 2154 &
1521 2115 1758 2171 cognomine
1770 2116 1921 2155 tantum
1938 2113 2158 2169 designatus
2169 2141 2182 2160 ‚
2209 2114 2249 2154 in
2261 2113 2341 2156 hoe

263 2173 360 2213 entis
383 2184 528 2213 nomen
551 2170 738 2218 exhibet,
765 2182 1006 2225 vocaturque
1032 2169 1207 2210 Tiberius
1231 2169 1387 2210 Clodius
1412 2167 1588 2217 Flavus,
1617 2171 1761 2210 Tiberii
1784 2184 2008 2225 praenomen
2029 2169 2164 2210 datum
2182 2170 2237 2210 est
2252 2196 2265 2217 ,
2292 2183 2345 2211 ex

234 2187 367 2268 Probo
382 2228 421 2267 in
442 2227 623 2282 Epitome
635 2253 647 2273 ‚
675 2226 721 2267 iis
737 2226 806 2279 qui
825 2225 875 2266 ad
893 2225 1040 2266 flumen
1059 2225 1234 2266 Tiberim
1259 2224 1521 2266 nascebantur.
1562 2224 1736 2265 Clodiam
1753 2238 1910 2280 gentem
1927 2227 1949 2266 a
1965 2225 2112 2266 Clodio
2129 2224 2268 2266 AEneae
2283 2225 2343 2266 so-

236 2284 299 2324 cio
317 2294 577 2336 nuncupatam
598 2281 724 2322 scribit
739 2281 874 2322 Festus
893 2281 1112 2337 Pompeius.
1151 2281 1388 2336 Cognomen
1405 2280 1524 2321 Flavi
1547 2281 1569 2320 ὲ
1595 2281 1777 2336 capillitio
1795 2281 1962 2322 inditum
1982 2294 2146 2322 narrant.
2181 2279 2259 2321 Sed
2279 2280 2344 2322 hic

237 2338 431 2379 Duumvir
449 2337 665 2388 ‘Praefi‘c‘lus
683 2337 954 2377 Germanorum
971 2364 983 2383 ‚
1011 2336 1052 2376 id
1072 2336 1126 2377 est
1145 2336 1317 2377 cohortis
1333 2363 1346 2383 ,
1375 2335 1589 2376 inscribitur
1605 2357 1620 2382 ς
1651 2350 1769 2390 quem
1790 2337 1942 2378 titulum
1962 2336 2030 2378 etfi
2052 2337 2232 2377 emeritus
2248 2350 2343 2377 con-

238 2393 396 2434 servasse
413 2392 566 2434 videtur
577 2420 589 2439 ,
617 2392 706 2432 &in
722 2405 885 2432 nummo
900 2406 988 2432 cum
1008 2392 1215 2432 Duumviri
1227 2391 1415 2448 dignitate
1432 2392 1621 2447 apposuit.
1658 2392 1768 2433 Alter
1786 2393 2000 2440 Duumvir,
2031 2392 2176 2432 Luctus
2185 2391 2345 2444 Juven-

237 2451 317 2489 tius
336 2449 532 2503 Lupercus
547 2447 770 2502 appellatur.
809 2447 957 2487 Lucius
972 2449 994 2487 a
1011 2447 1301 2488 Lucumonibus
1319 2448 1462 2494 dietus,
1491 2459 1559 2488 aut
1575 2448 1643 2501 qui
1659 2447 1752 2488 lucis
1768 2448 1879 2489 initio
1899 2460 2010 2489 natus
2027 2448 2093 2488 est.
2130 2447 2345 2500 Juventio-

237 2517 321 2543 rum
338 2503 520 2543 familiam
538 2504 707 2544 nobilem
727 2507 767 2543 ὃ(
783 2502 1019 2543 consularem
1041 2516 1088 2543 ex
1108 2503 1333 2557 Municipio
1352 2502 1575 2545 Tusculano
1593 2504 1765 2545 Romam
1784 2504 1946 2551 veniffe,
1975 2504 2108 2544 auitor
2126 2503 2182 2543 est
2199 2502 2343 2543 Cicero

238 2559 349 2620 Qrat.
367 2574 439 2614 pro
455 2559 531 2600 Cn.
550 2559 715 2599 Plancio.
756 2558 923 2613 Luperci
947 2572 1168 2614 cognomen
1192 2559 1214 2598 a
1239 2558 1549 2600 buccinatoribus
1576 2558 1756 2613 luporum
1783 2559 1901 2614 pelles
1928 2559 2165 2615 gestantibus
2189 2558 2339 2599 diuum

239 2626 358 2655 aiunt.

291 2691 375 2733 Hic
391 2706 562 2734 nummus
568 2691 749 2745 ficundae
764 2690 1040 2746 magnitudinis
1048 2702 1122 2746 pro
1138 2705 1224 2732 raro
1241 2691 1446 2732 notandus.

252 3282 536 3313 Avcvsrvs
568 3284 684 3312 DIVI
715 3282 1135 3312 r.cos.x1.1>1-:S.
1166 3283 1261 3311 ΧΠ.
1292 3281 1372 3310 τι.
1406 3281 1441 3309 1‘.
1473 3278 1578 3309 x1x.
1616 3261 1751 3325 Caput
1769 3267 2172 3323 Augustilaureatum.

307 3338 612 3367 cassanen.
654 3340 921 3368 Avevsra.
961 3342 997 3368 c.
1039 3338 1338 3367 ALLIARIO.
1380 3338 1421 3366 T.
1453 3337 1669 3365 vuarno
1702 3339 1760 3365 11.
1791 3339 1900 3366 v1n.
1943 3325 2350 3381 Colonusagensboff‘

360 3394 438 3420 ves.

305 3434 440 3475 Similis
454 3449 632 3478 nummus
648 3437 753 3492 apud
765 3436 971 3479 Occonem
987 3451 1075 3493 pag.
1094 3442 1158 3489 64.
1180 3439 1218 3476 δε
1235 3434 1539 3477 Mediobarbum
1553 3449 1642 3491 pag.
1653 3448 1720 3488 47.
1738 3433 2000 3476 resarciendus
2019 3445 2063 3476 ut
2080 3435 2202 3490 supra.

310 3512 632 3568 Caesaraugustani
653 3515 865 3569 Augustum
883 3516 922 3556 in
941 3529 1102 3556 nummo
1119 3514 1329 3555 Consulem
1353 3513 1593 3569 designatum
1610 3527 1657 3553 xl
1670 3527 1702 3553 1.
1727 3512 2015 3568 inscripserunt,
2043 3514 2079 3554 ei
2096 3513 2351 3568 gratulantem

256 3565 367 3620 quod
382 3568 507 3608 multis
524 3569 816 3617 Consulatibus‚
844 3573 931 3611 cum
951 3571 1209 3617 deferrentur,
1239 3570 1327 3625 post
1343 3583 1407 3611 xl.
1425 3569 1624 3616 recusatis,
1651 3583 1796 3625 magno
1813 3568 1971 3610 demum
1987 3569 2185 3610 intervallo
2197 3596 2210 3616 ,
2238 3570 2280 3610 id
2297 3570 2352 3611 est

259 3622 527 3676 septemdecim
544 3638 729 3664 annorum
740 3653 751 3671 ‚
779 3626 930 3679 petierit
946 3627 1048 3668 ultro
1065 3626 1352 3667 duodecimum.

315 3677 491 3716 Colonus
506 3692 620 3732 agens
637 3680 776 3719 bovem
796 3685 835 3720 &
851 3695 1026 3727 vaccam,
1053 3682 1228 3722 deduetae
1245 3680 1423 3721 Coloniae
1441 3679 1657 3735 symbolum
1676 3678 1748 3719 est:
1777 3678 1848 3720 bos
1861 3679 1963 3720 enim
1981 3682 2020 3718 δε
2036 3692 2151 3720 vacca
2166 3693 2254 3719 cum
2271 3694 2353 3720 ara-

261 3742 323 3771 tro
341 3731 595 3785 jungebantur
619 3734 667 3773 ad
693 3736 877 3775 terminos
894 3736 1072 3777 Colonia:
1088 3735 1368 3791 defignandos,
1396 3749 1444 3776 ex
1470 3736 1645 3775 Varrone
1664 3734 1726 3774 lib.
1748 3746 1785 3785 4.
1810 3733 1860 3774 de
1878 3736 2028 3790 Lingua
2047 3735 2202 3781 Latinam
2230 3739 2282 3776 ita
2308 3745 2354 3776 ut

262 3800 377 3827 vacca
392 3786 517 3826 versus
539 3788 671 3827 urbem
687 3803 802 3842 quam
819 3792 1032 3831 conderent
1050 3792 1307 3845 propinquior
1325 3790 1418 3832 ess'et
1434 3818 1446 3838 ‚
1473 3802 1517 3832 ut
1537 3789 1756 3830 mulieribus
1773 3803 1980 3843 puerorum
2000 3793 2037 3829 ὃ(
2056 3789 2206 3830 familiae
2222 3803 2353 3830 curam

261 3840 336 3880 esse
357 3839 609 3887 denotarent3
637 3845 884 3885 exterioribus
907 3847 1000 3886 vero
1025 3845 1123 3892 bos'‚
1155 3859 1197 3887 ut
1220 3847 1443 3887 hominibus
1472 3859 1650 3901 agrorum
1674 3843 1862 3884 culturam
1885 3845 2096 3885 indicarent
2114 3873 2125 3891 ‚
2155 3844 2355 3899 du&oque

261 3907 385 3936 aratro
404 3896 545 3956 moenia
561 3896 821 3946 deducebant,
849 3903 887 3939 &
905 3915 955 3942 eo
971 3900 1188 3949 sublevato,
1208 3902 1274 3941 ubi
1292 3913 1446 3956 portam
1461 3901 1588 3944 locare
1604 3899 1757 3949 vellent,
1786 3899 1891 3942 Vide
1908 3900 2042 3956 Raph.
2060 3900 2094 3941 F
2095 3901 2287 3942 abrettum
2303 3900 2357 3940 de

261 3950 348 3991 Col.
366 3949 524 4002 Trajanl
541 3964 622 4003 cap.
637 3957 672 3993 6.
692 3967 778 4007 pag.
796 3968 812 3994 1
824 3967 887 4007 52.

2291 4008 2411 4051 De·
