2574 4214
164 249 200 289 .'1
214 250 297 285 MP.
330 257 354 284 c
367 256 392 282 A
406 255 431 281 Ε
442 253 460 282 s
473 253 499 280 A
513 245 544 281 R
575 253 603 279 A
617 243 703 287 vc„
727 251 763 281 e.
795 243 821 277 c
832 250 856 277 A
872 168 1213 277 Esilcbysfi‘mlsy.
1248 163 1458 286 {mgragr
1479 167 1608 280 {cesar
1623 224 1839 285 diffusius,
1866 232 1982 271 Canis
2000 222 2126 283 Cassiv-
2144 174 2284 283 Conzll

286 297 507 351 destgnatus.
536 294 637 334 Tres
656 293 785 349 figurae
801 292 945 331 stantes*
958 290 1067 345 supra
1089 291 1247 344 cippos,
1280 288 1474 343 Augustus
1495 287 1641 327 velatus
1661 288 1759 327 inter
1776 288 1916 327 Caium
1939 291 1978 326 &
1993 287 2158 327 Lucium
2178 301 2273 341 prae-

285 353 389 394 texta
408 351 499 405 toga
515 361 682 389 ornatos.
714 348 912 401 Augustus
932 347 1035 387 Caio
1051 345 1357 399 capedunculam
1374 342 1438 384 seu
1461 342 1668 398 simpulum
1684 343 1853 398 porrigit.

232 419 537 449 CAESAREA.
573 416 784 444 Avovsr
801 417 842 442 A.
883 415 960 442 CN.
991 415 1115 441 DOM-
1149 414 1273 440 AMP.
1304 414 1340 440 c.
1370 405 1485 438 νεῖ.
1515 412 1681 439 LANG.
1723 412 1738 438 1
1760 413 1791 437 1.
1817 400 1932 437 VIR.
1971 399 2070 438 Cneo
2093 399 2275 439 Domitio

285 462 424 517 Amplo
437 488 449 507 ,
478 461 570 501 Caio
592 460 721 499 Vettio
739 458 942 512 Languido
960 457 1213 497 Duumviris.
1253 456 1347 496 Tria
1365 454 1468 510 figna
1486 454 1669 494 militaria.

228 540 434 596 Singularis
453 534 515 578 hic
533 550 714 577 nummus
733 536 754 575 a
769 535 1116 591 Caesaraugustanis
1132 535 1172 574 in
1194 535 1418 584 memoriam
1438 531 1635 573 sacerdotii
1653 532 1700 571 ab
1721 532 1899 586 Augusto
1921 532 2022 572 Caio
2039 531 2180 571 Caesari
2199 530 2277 570 col-

174 596 238 636 lati
253 594 445 651 percussus
458 622 470 640 ,
499 593 708 632 solemnem
727 592 748 631 εὶ
765 591 951 631 Pontifice
973 591 1152 630 Maximo
1168 590 1285 643 ipfius
1305 588 1529 630 conferendi
1552 588 1666 628 ritum
1685 588 1852 627 exhibet.
1896 588 2092 642 Augustus
2109 586 2196 626 velo
2216 600 2277 625 or-

173 663 285 691 natus
306 650 508 704 simpulum
529 648 630 688 Caio
650 657 874 700 praetextato
899 646 1087 700 porrigit,
1115 645 1239 684 Lucio
1265 644 1378 684 fratre
1406 659 1451 684 ex
1481 644 1596 683 altera
1620 655 1728 696 parte
1754 643 1966 696 spestante:
1995 644 2025 683 is
2042 642 2146 683 enim
2166 642 2277 681 ausus

173 705 297 746 fuerat
316 707 363 746 ab
385 704 562 759 Augusto
582 714 712 755 petere
733 713 774 741 ut
792 701 1008 741 consulatus
1025 700 1179 739 daretur
1197 699 1300 738 Caio
1316 699 1422 740 fratri
1437 700 1613 739 nondum
1633 712 1679 737 ex
1696 697 1857 751 ephebis
1875 699 2020 751 egresso
2033 726 2044 744 ,
2072 711 2189 751 quem
2209 696 2278 736 etsi

174 762 390 816 indignatus
413 773 519 814 pater
534 786 547 806 ‚
583 758 743 798 Senatus
768 756 988 810 Populique
1015 755 1134 794 Rom.
1158 754 1315 795 decreto
1335 769 1479 795 annum
1506 769 1520 794 1
1535 768 1567 805 5.
1594 766 1773 808 agentem
1802 752 2014 808 designavit
2038 752 2274 799 Consulem,

172 815 314 856 deinde
331 815 400 870 ipsi
419 813 673 856 sacerdotium
695 812 855 858 detulit,
882 812 994 864 cujus
1015 810 1126 851 testes
1144 824 1326 850 nummus
1348 814 1387 849 ὃς
1407 811 1488 850 Dio
1504 810 1567 849 lib.
1587 823 1648 860 55.
1669 824 1705 863 p.
1732 822 1820 859 554.
1854 813 1908 848 Koa*
1922 814 1999 858 μεπὲ
2021 815 2094 847 rffs'
2110 811 2272 858 ῑερωσιιύὶω

170 874 223 919 phlox
239 875 301 911 τιναῖ
318 878 418 919 αύτῷ,
450 876 473 923 γὲ
494 871 547 907 ‘tim‘
560 877 588 918 {c
603 873 623 905 θ’
644 872 795 911 millesias
810 873 1026 915 συμῷοίτῆστν,
1051 867 1097 907 π’,
1123 881 1150 901 τε
1165 867 1288 910 §zia-33,
1314 872 1352 914 τῇ
1367 869 1452 914 fimi-31⁹
1466 868 1566 902 ἔδωκε.
1600 864 1760 905 Deinde
1775 863 2032 916 fhcerdotium
2060 867 2151 906 Calo
2169 893 2180 912 5
2209 874 2274 905 πί·

164 942 239 984 que
261 930 306 969 in
329 927 510 967 Senatum
535 928 590 966 ire
607 952 618 971 ,
648 922 695 968 df
718 926 820 964 inter
843 923 1043 963 Senatores
1056 921 1291 976 speffi‘aculis
1317 920 1505 976 epulisque
1530 919 1702 974 intercffe
1728 920 1856 961 liceret
1866 948 1886 969 .,
1913 920 2030 961 dedit.
2079 921 2276 975 Augustus

161 984 311 1024 ’Caium
332 981 542 1023 Consulem
559 979 798 1034 designatum
819 980 858 1019 in
878 978 1102 1019 Armeniam
1119 977 1217 1017 misit
1229 1004 1241 1024 ,
1270 977 1336 1017 ubi
1355 976 1481 1023 laesus,
1511 977 1682 1017 Romam
1704 975 1876 1023 rediens,
1904 977 1944 1016 in
1968 976 2103 1017 Cilicia
2118 976 2271 1016 interiit.

169 1039 274 1081 Vide
289 1038 438 1079 erudita
452 1037 493 1077 P·
516 1035 561 1078 N
564 1035 662 1078 orisii
679 1036 719 1076 in
737 1036 878 1078 Cenot.
901 1034 1022 1075 Pisan.
1043 1033 1347 1075 Commentaria.
1383 1033 1500 1089 Signa
1519 1033 1694 1074 militaria
1711 1032 1762 1073 ad
1779 1033 1958 1074 Coloniae
1974 1031 2142 1074 militaris
2160 1031 2273 1087 origi-

169 1109 260 1136 nem
280 1093 459 1149 speciant.

220 1171 305 1214 Hic
320 1185 490 1213 nummus
500 1172 635 1225 prima·
649 1169 946 1224 magnitudinis,
974 1169 1124 1210 eximiae
1140 1168 1320 1208 raritatis
1337 1164 1384 1211 ὠ
1397 1165 1593 1220 elegantia
1608 1165 1825 1214 habendus,
1853 1166 1963 1220 cnjus
1979 1176 2106 1222 typum
2114 1166 2270 1221 propria

168 1235 282 1271 manu
299 1228 508 1269 delineavit
527 1225 747 1268 Cardinalis
763 1225 808 1265 de
829 1225 997 1276 Alaffimi
1015 1251 1027 1271 ‚
1057 1227 1146 1265 aum
1162 1231 1247 1265 erat
1263 1225 1304 1263 in
1325 1221 1520 1277 Hispania
1542 1221 1723 1263 Nuntius
1740 1249 1753 1270 ,
1781 1221 1828 1266 dy
1846 1222 1942 1263 mihi
1952 1223 2108 1277 prosua
2121 1223 2163 1262 in
2179 1221 2269 1262 An*

165 1282 540 1345 tiquariosstrgulari
560 1281 820 1324 benevolentia
839 1281 1149 1324 communicavit.
1419 1334 1422 1337 x

163 1345 167 1348 ἡ
926 1375 962 1415 C
987 1376 1034 1415 A
1059 1373 1098 1414 L
1126 1373 1173 1414 A
1200 1373 1237 1413 G
1269 1371 1312 1412 U
1334 1370 1375 1411 R
1402 1371 1428 1412 I
1455 1371 1495 1412 S.

161 2004 211 2032 M.
241 2003 264 2030 c
277 2003 302 2029 A
318 2003 356 2029 L.
391 1999 408 2027 1
423 2001 450 2028 v
462 1998 500 2029 1„
530 1987 787 2041 Mzcniczpium
805 1985 1008 2042 Calaguris
1029 1985 1158 2039 Julia.
1195 1984 1330 2042 Caput
1346 1985 1512 2041 Augusti
1529 1977 1611 2027 sine
1625 1985 1766 2025 laurea.

213 2057 259 2098 Q
286 2056 312 2082 A
327 2055 413 2082 EM.
444 2058 481 2083 c.
511 2056 570 2082 Po
582 2056 599 2082 s
611 2056 648 2082 τ.
679 2056 717 2081 Μ
732 2056 748 2083 1
763 2057 801 2082 L.
835 2055 852 2082 1
870 2056 903 2083 1.
935 2057 962 2083 v
976 2057 992 2082 1
1008 2057 1053 2084 R.
1090 2043 1246 2099 Qinto
1267 2042 1462 2089 &Emilio
1478 2069 1493 2090 ,
1521 2045 1614 2084 Caio
1633 2040 1828 2090 Postumio
1843 2038 1992 2081 Milone
2009 2038 2266 2084 ‘Duumviris.·

269 2098 361 2153 Bos.
415 2149 417 2151 ι

204 2175 406 2232 Calaguris
421 2175 511 2217 urbs
527 2174 725 2231 Hispaniae
743 2173 1043 2217 Tarraconensis
1065 2170 1116 2216 ad
1134 2175 1290 2217 Iberum
1311 2169 1476 2217 fluvium
1489 2203 1501 2223 ,
1529 2175 1630 2217 inter
1652 2173 1800 2230 oppida
1819 2173 1962 2216 civium
1984 2173 2260 2218 Romanorum

153 2233 179 2274 ὲ
193 2231 318 2273 Plinio
337 2230 456 2286 lib.'3;
469 2246 551 2286 cap.
569 2245 604 2286 3.
622 2230 836 2273 recensetur
848 2251 861 2278 5
887 2232 927 2271 in
947 2237 1110 2274 nummo
1127 2235 1222 2273 vero
1237 2236 1277 2272 δὲ
1295 2233 1553 2287 Municipium
1571 2232 1813 2277 nominatur,
1844 2233 1884 2270 ὃς
1898 2229 2017 2283 Julia
2033 2231 2258 2273 inscribitur.

153 2288 416 2342 Municipium
436 2287 594 2342 quidem
613 2300 658 2330 ut
678 2288 757 2329 aliae
777 2288 890 2329 urbes
906 2287 1132 2335 Graccuris,
1145 2288 1347 2343 Ergavica
1359 2316 1370 2335 ,
1391 2287 1585 2337 Osicerda,
1607 2292 1679 2328 δερ.
1716 2285 1958 2341 Reipublicae
1977 2298 2154 2342 tempore
2169 2301 2261 2328 cum

148 2342 235 2400 jure
249 2345 388 2387 veteris
407 2343 506 2385 Latii
522 2342 641 2392 fassa,
670 2343 813 2385 deinde
829 2344 852 2383 Ξι
863 2343 972 2398 julio
984 2343 1135 2395 Caesare
1151 2343 1317 2400 suffragii
1329 2344 1416 2398 jure
1428 2343 1593 2393 donata,
1622 2342 1741 2396 Julia
1758 2355 1895 2386 vocata
1913 2343 1969 2387 est
1975 2370 1988 2391 ‚
2017 2344 2075 2387 uti
2091 2343 2259 2385 Bilbilim

151 2400 240 2455 post
252 2399 316 2454 jus
331 2397 436 2440 idem
455 2399 502 2441 ab
526 2399 701 2454 Augusto
720 2410 944 2454 acceptum,
972 2400 1315 2457 Augtstaebnomen
1333 2399 1506 2442 habuisse
1520 2399 1630 2454 supra
1642 2399 1850 2440 retulimus.
1884 2398 1999 2451 lulius
2011 2397 2140 2440 Caesar
2155 2399 2260 2440 mula

151 2456 264 2510 tasin
280 2455 506 2511 Hispaniam
526 2456 688 2498 deduxit
704 2455 915 2502 colonias,
935 2455 1028 2507 ¹Liv.
1047 2470 1084 2509 4.
1124 2455 1297 2498 Tertium
1314 2469 1440 2511 genus
1458 2456 1624 2497 Romani
1640 2454 1760 2497 colom·
1785 2455 1834 2496 ab
1858 2454 1920 2496 D.
1941 2455 2088 2505 Caesare
2098 2454 2181 2508 posi
2194 2453 2258 2495 de·-

150 2513 277 2552 vinos
294 2510 469 2566 Pompeii
486 2511 623 2553 liberos
639 2511 794 2566 adjeffl.
832 2511 960 2553 Multa
976 2504 1173 2568 Hispania:
1192 2513 1349 2554 urbibus
1369 2511 1554 2552 beneficia
1566 2511 1741 2553 contulit.
1779 2510 1932 2557 Hirtius
1949 2510 2000 2552 de
2019 2510 2128 2552 Bello
2142 2509 2256 2564 Hisp.

149 2567 255 2613 Eam
265 2570 504 2621 provinciam
522 2582 571 2608 ex
585 2571 758 2618 omnibus
768 2569 982 2622 provinciis
989 2569 1219 2622 peculiarem
1222 2567 1301 2622 fibi
1319 2567 1562 2622 constituzffe,
1593 2565 1641 2611 ό
1659 2581 1741 2623 quae
1748 2567 1932 2622 potuiffet
1948 2566 2126 2618 beneficia
2141 2565 2258 2620 largi-

150 2631 236 2730 tu}
249 2643 262 2669 -,
297 2623 506 2678 veb‘t‘zgah‘a
529 2637 611 2678 quae
636 2623 822 2665 Metellus
844 2624 1071 2679 imposuff’t
1090 2648 1104 2672 ,
1142 2623 1167 2664 a*
1191 2625 1334 2665 Senatu
1352 2622 1503 2678 petiiffe
1519 2651 1532 2671 ‚
1560 2621 1608 2668 ἐπ’
1625 2625 1680 2665 eis
1700 2625 1877 2679 pecuniis
1890 2622 2137 2678 provinciam
2162 2621 2255 2662 libe-

151 2689 195 2716 ra
227 2691 257 2717 e.
359 2708 363 2712 .

204 2730 269 2772 De
289 2726 487 2777 QAEmilia
502 2742 618 2787 gente
633 2729 778 2774 distum
796 2733 861 2774 est.
892 2733 1090 2786 Postumia
1105 2744 1234 2774 autem
1245 2760 1257 2779 ,
1274 2733 1429 2786 patricia
1442 2737 1480 2772 &
1492 2732 1734 2773 vetustiffima
1747 2733 1822 2779 est,
1846 2731 1874 2771 fi
1892 2731 2052 2786 quidem
2063 2730 2106 2771 P.
2119 2730 2256 2772 Postu-

149 2787 247 2828 mius
267 2787 463 2828 Tubertus
485 2787 633 2828 Consul
659 2802 763 2829 anno
782 2789 922 2842 quinto
945 2789 1031 2842 post
1052 2790 1209 2830 exastos
1233 2789 1366 2846 Reges
1391 2787 1643 2843 triumphavit
1662 2815 1675 2835 ‚
1711 2799 1757 2829 ut
1779 2788 1832 2830 ait
1851 2787 1983 2830 Livius
2003 2787 2101 2829 Dec.
2125 2799 2158 2827 1.
2175 2786 2198 2827 l.
2215 2801 2252 2830 2.-

151 2843 251 2889 Bos,
278 2841 445 2883 solemne
461 2842 765 2899 Municipiorum
782 2843 1010 2899 symbolum.

201 2921 284 2963 Hic
299 2935 471 2964 nummus
480 2922 658 2975 secundae
666 2922 805 2979 fhrmae
820 2921 960 2963 obvius
977 2921 1038 2975 esz‘.

137 3538 187 3573 Μ.
216 3544 254 3572 c.
287 3545 320 3573 1.
359 3531 617 3590 Minicipium
635 3526 837 3590 Calaguris
852 3530 982 3587 Julia.
1015 3549 1032 3577 1
1048 3540 1084 3577 Μ’
1098 3550 1132 3578 Ρ.
1166 3551 1194 3578 A
1207 3538 1235 3578 ν’
1248 3551 1274 3579 G
1285 3549 1337 3580 vs
1348 3550 1444 3579 Tvs.
1481 3535 1617 3591 Caput
1634 3535 1797 3593 Augusti
1817 3536 1896 3577 fine
1917 3536 2054 3577 laurei.

191 3602 240 3641 Q
263 3601 290 3628 A
305 3601 336 3628 N
347 3602 372 3628 T
385 3603 413 3629 o
426 3603 455 3629 N
471 3602 504 3630 1.
535 3604 574 3630 L.
607 3603 632 3631 F
645 3603 672 3632 A
686 3606 710 3631 B
724 3604 756 3630 1.
791 3603 807 3631 1
827 3604 859 3631 1.
888 3604 913 3631 v
928 3604 943 3630 1
960 3605 1005 3632 R.
1033 3592 1188 3651 Qinto
1200 3597 1374 3635 Antonio
1385 3620 1397 3640 ,
1428 3591 1551 3632 Lucio
1572 3591 1691 3632 Fabio
1706 3593 1957 3633 Duumvirzs.
1990 3593 2081 3633 Bos.

187 3664 375 3708 Plurimos
393 3668 656 3725 Calaguritani
679 3669 855 3727 Augusto
874 3684 1056 3712 nummos
1074 3688 1087 3719 ,-
1121 3672 1187 3713 sed
1209 3673 1290 3714 fere
1319 3685 1456 3712 omnes
1480 3685 1568 3711 cum
1596 3671 1704 3712 bovis
1732 3682 1829 3727 typo
1858 3671 2065 3725 Municipii
2088 3669 2227 3725 insigni

137 3719 360 3763 obtulerunt
374 3750 387 3770 ,
414 3723 504 3765 ideo
525 3739 662 3781 parum
683 3726 908 3769 eruditionis
933 3726 985 3766 illi
1012 3728 1214 3769 continent
1229 3755 1241 3774 ‚
1268 3726 1296 3766 fi
1323 3726 1516 3767 historiam
1540 3727 1685 3781 spectas
1707 3740 1715 3765 :
1752 3727 1871 3781 porro
1893 3725 2100 3766 aestimandi
2120 3724 2227 3771 sunt,

135 3777 225 3837 cum
253 3776 517 3820 Romanarum
548 3780 773 3824 familiarum
799 3783 976 3824 notitiam
1000 3782 1040 3822 in
1067 3782 1258 3842 fignandis
1284 3782 1590 3824 Duumvirorum
1614 3782 1832 3825 nominibus
1857 3782 2090 3827 exhibeant,
2120 3780 2226 3820 unde

135 3831 205 3885 ipsi
228 3836 427 3892 propagati
446 3835 532 3890 jura
556 3837 804 3892 institutaque
827 3838 929 3878 urbis
954 3837 1187 3879 conservant.
1227 3837 1416 3878 Antonia
1441 3852 1536 3894 gens
1551 3838 1599 3891 *in
1626 3838 1802 3893 patricias
1830 3841 1869 3877 &
1920 3837 2058 3877 lebeias
2085 3834 2226 3882 divisa,

135 3887 184 3928 ab
212 3890 391 3931 Anteone
414 3903 482 3932 aut
510 3893 666 3935 Antone
685 3893 865 3936 Herculis
893 3892 972 3934 filio
1000 3904 1066 3934 aut
1091 3892 1195 3934 socio
1220 3894 1410 3950 originem
1434 3891 1580 3934 duxiss'e
1604 3894 1642 3934 se
1659 3892 1837 3947 jastabat.
1873 3851 2017 3938 ssabia,
2045 3891 2223 3945 patricia,

133 3942 324 3999 majorum
346 3947 519 4002 gentium
535 3974 550 3996 ‚
578 3958 622 3990 ut
643 3948 821 4004 opinatur
843 3948 877 3990 F
879 3948 955 3991 ulv.
979 3947 1145 3991 Ursinus
1161 3977 1175 3997 ‚
1203 3950 1226 3990 ὲ
1247 3949 1371 3990 Fabio
1394 3948 1575 4044 Hei-culcis
1589 3949 1706 3989 etiam
1727 3948 1806 3990 filio
1824 3960 1953 3989 ortum
1976 3946 2124 4039 traherg
2142 3946 2223 4000 glo-

1596 4017 1617 4058 3
2040 4015 2093 4041 na
2121 4013 2203 4041 atur
2208 4019 2225 4048 „a
