2574 4214
316 202 413 234 210
917 184 1812 246 COMMODUS.

1147 305 1601 359 CARRHQE

323 843 350 876 Κ
361 844 386 871 0
396 844 432 872 M
440 845 475 872 M
484 845 511 872 o
522 842 547 871 Δ
557 844 584 871 o
595 847 630 873 c.
658 848 680 871 c
692 843 750 870 1!ss-
777 832 912 888 Caput
929 832 1146 874 Commodi
1163 833 1387 875 laureatum.

378 902 472 930 Kar.
498 902 573 929 κο.
604 904 637 930 M
647 903 683 929 H.
709 901 821 930 noA.
848 894 951 941 Κρέρῥω
966 896 1098 929 κολωνία
1115 893 1313 934 Μητςὸπλις.
1339 880 1497 931 Astrum
1525 886 1590 930 seu
1618 890 1683 931 Sol
1702 890 1742 930 in
1765 889 1957 932 crescente
1983 890 2095 932 Luna
2118 891 2228 947 supra
2245 892 2364 935 bafim
2383 893 2434 937 ad

433 959 717 988 ornamentum.

376 1025 535 1066 Carrhae
548 1053 560 1072 ‚
588 1025 678 1066 urbs
696 1024 991 1081 Melbpotamiae
1010 1023 1267 1078 antiquiffima
1277 1050 1289 1071 ,
1317 1023 1345 1064 si
1361 1023 1522 1078 quidem
1540 1023 1737 1065 Abraham
1754 1025 1846 1066 olim
1863 1040 1908 1066 ac
1922 1024 2063 1066 Tarrhi
2079 1026 2161 1080 ejus
2177 1027 2293 1081 patris
2311 1027 2436 1069 domi-

320 1079 411 1120 cilio
433 1081 589 1135 insignis
606 1080 831 1134 perhibetur
851 1079 1184 1135 apudJosephum
1201 1080 1333 1134 Antiq.
1352 1080 1415 1121 lib.
1441 1094 1473 1120 1.
1495 1094 1577 1134 cap
1600 1093 1637 1132 7.
1657 1095 1695 1136 p.
1718 1095 1733 1120 1
1746 1094 1780 1132 5.
1819 1087 1922 1133 odp'p‘s
1946 1086 1965 1132 ἢ
1985 1086 2173 1133 waima&
2196 1086 2250 1124 τω
2271 1090 2437 1125 Καλδαλαω

323 1135 389 1181 2232
404 1136 432 1169 »ui
447 1136 547 1182 que‘va
563 1134 660 1176 πένθτς
674 1160 686 1176 ,
708 1138 904 1183 μεπκίζοντιᾳ
922 1136 1026 1172 πάντες
1039 1138 1078 1172 εἰς
1094 1136 1213 1182 Xoop'p‘oiv
1227 1140 1279 1173 ’τῆς
1297 1139 1537 1182 Μεππυτοιμίοις·
1562 1135 1619 1170 ’ἐπε
1633 1135 1654 1181 {J
1673 1135 1784 1183 Goip'p‘ov
1800 1135 2023 1173 πλώτῆο-αυτω
2037 1137 2170 1179 §ahilam
2180 1161 2191 1178 ,
2215 1138 2263 1176 ἔτη
2278 1139 2436 1182 βιώσῃμτω

325 1191 406 1223 πέντε
421 1188 469 1233 »μὴ
485 1188 650 1235 Qudna-
680 1185 870 1226 Caetericm
889 1184 976 1225 cicm
994 1182 1035 1224 T
1029 1184 1168 1225 barrus
1193 1185 1346 1239 exosam
1369 1185 1527 1225 haberet
1542 1184 1763 1226 Chaldaeam
1773 1194 1926 1240 propter
1950 1186 2094 1226 lucium
2110 1189 2259 1228 Aranis
2270 1215 2284 1235 ‚
2312 1201 2438 1229 omnes

308 1240 430 1291 stmul
442 1243 706 1296 migraverunt
726 1241 897 1282 Carrhas
914 1240 1220 1295 Mesopotamiae,
1245 1241 1312 1281 ubi
1326 1242 1444 1281 etiam
1462 1240 1654 1281 Tharrum
1669 1241 2129 1296 dqfurtbinmftpelierunt
2138 1270 2150 1290 ‚
2176 1257 2276 1284 anno
2290 1244 2439 1285 exafiae

322 1298 420 1336 vitae
438 1296 678 1349 ducentefimo
690 1298 860 1353 -quinto.
891 1296 1083 1338 Carrheni
1097 1309 1229 1338 autem
1247 1295 1352 1351 apud
1371 1297 1410 1337 se
1427 1297 1643 1338 constitutae
1662 1298 1685 1338 ὲ
1701 1298 1812 1338 Divis
1829 1297 2005 1338 fratribus
2025 1298 2204 1339 Coloniae
2221 1313 2412 1342 memores
2423 1325 2438 1348 ‚

323 1352 555 1394 Commodo
582 1353 707 1395 Marci
733 1352 812 1394 filio
828 1366 1012 1394 nummos
1026 1352 1114 1394 suos
1136 1353 1426 1400 consecrarunt,
1455 1353 1494 1393 in
1510 1352 1652 1409 quibus
1669 1354 1797 1395 Solem
1815 1354 1854 1394 in
1874 1353 2065 1396 crescente
2081 1354 2193 1395 Luna
2209 1355 2262 1395 ob
2277 1354 2440 1410 fingula-

323 1421 405 1448 rem
431 1408 509 1450 Dei
536 1408 637 1471 Luni
663 1409 811 1506 {ultum
835 1409 1036 1457 caelarunt,
1066 1409 1118 1450 de
1145 1423 1230 1465 quo
1251 1410 1294 1450 in
1318 1408 1458 1450 Marco
1487 1413 1526 1450 &
1553 1408 1662 1451 Vero
1688 1409 1800 1466 supra
1824 1409 2011 1458 diximus,
2038 1421 2084 1452 ut
2110 1413 2150 1451 &
2175 1410 2225 1453 de
2244 1411 2438 1454 Graecain

323 1477 488 1504 nummo
503 1478 664 1520 epigrap
694 1480 729 1506 e.

377 1543 462 1585 Hic
481 1558 656 1586 nummus
669 1545 820 1587 minimi
833 1544 974 1586 moduli
989 1545 1090 1585 inter
1105 1545 1266 1586 rariores
1281 1542 1562 1597 adscribendus.

1013 1609 1750 1698 CARTHAGOJffim

324 2209 341 2239 1
351 2209 388 2238 M
401 2210 435 2237 P.
469 2207 516 2236 M.
547 2209 575 2236 A
591 2209 618 2236 v
631 2208 677 2236 R.
708 2208 733 2236 c
745 2208 772 2236 o
785 2207 823 2235 M
833 2205 870 2234 M
883 2207 910 2234 o
920 2206 948 2235 ι)
960 2206 987 2234 ν
1003 2204 1038 2234 s.
1073 2193 1209 2248 Caput
1225 2189 1443 2235 Commodi
1458 2191 1680 2234 laureatum.

379 2267 414 2294 c.
446 2265 474 2292 1.
505 2266 615 2348 c3ba.
643 2266 685 2292 D.
713 2266 753 2293 D.
782 2249 939 2294 Colonia
953 2248 1072 2303 Julia
1090 2249 1284 2305 Carthago
1299 2249 1493 2305 Antiqua.
1523 2248 1698 2290 Decreta
1713 2246 1991 2289 Decurionum.
2021 2244 2209 2290 Triremis
2222 2261 2313 2291 cum
2328 2248 2441 2303 remiss]

435 2318 542 2363 ganti
570 2321 624 2348 us.

378 2385 581 2442 Carthago
598 2385 801 2441 quondam
820 2386 963 2427 Romae
978 2383 1134 2431 aemula,
1161 2382 1229 2424 diu
1241 2384 1396 2438 jacens,
1424 2382 1596 2424 Colonia
1615 2382 1798 2424 Romana
1816 2381 1956 2437 aJulio
1973 2382 2123 2425 Caefixre
2141 2384 2348 2427 constituta
2361 2385 2442 2435 est,'

324 2442 395 2497 qui
425 2456 511 2483 eam
538 2442 720 2489 restituit,
749 2440 813 2483 uti
833 2441 949 2483 tradit
972 2440 1174 2480 Pausanias
1198 2440 1239 2480 in
1263 2438 1445 2481 Corinth.
1470 2453 1508 2494 p.
1538 2441 1601 2489 85.
1633 2445 1766 2487 Avomlmq
1783 2442 1817 2476 δὲ
1831 2444 1855 2492 >35
1872 2442 2052 2489 Καρχηδόνα
2067 2447 2113 2478 ἐπὶ
2128 2444 2156 2479 αἳ
2171 2447 2334 2490 >effe-„34-
2349 2445 2438 2481 ἀπ’.

325 2497 437 2539 Nam
459 2497 506 2541 &⁴
527 2497 801 2552 Carthaginem
821 2499 940 2537 etiam
957 2496 1085 2549 Caesar
1099 2494 1295 2548 restituiffi²
1314 2495 1470 2536 dicitur.
1509 2494 1666 2536 Deinde
1692 2496 1745 2537 ita
1759 2496 1870 2536 austa
1891 2499 1929 2535 &
1947 2495 2129 2550 ampliata
2145 2497 2220 2543 est,
2248 2509 2293 2539 ut
2307 2498 2438 2546 Mela‚·

324 2554 395 2609 qui
411 2553 567 2595 Claudii
585 2553 823 2608 temporibus
840 2553 993 2599 floruit,
1022 2551 1074 2593 de
1092 2550 1171 2606 ipsa
1191 2551 1335 2592 dixerit
1352 2551 1415 2591 lib.
1441 2563 1473 2590 1.
1495 2559 1577 2605 cap.
1598 2564 1634 2603 7.
1663 2550 1763 2604 Jam
1780 2550 1929 2606 quidem
1944 2551 2083 2591 iteritm
2096 2552 2292 2605 opulenta,
2321 2554 2439 2594 etiam

324 2623 425 2649 nunc
443 2619 524 2650 tam
537 2611 705 2663 priorum
723 2610 875 2650 exordio
891 2622 1034 2654 rerum,
1063 2607 1176 2663 quam
1205 2618 1270 2662 ope
1291 2607 1534 2660 praest’ntium
1558 2606 1702 2647 clarior.
1740 2606 2064 2660 Carthaginenses
2081 2607 2312 2649 Commodo
2327 2622 2438 2649 numa

324 2678 411 2705 mos
437 2663 629 2705 dedicasse
657 2664 838 2706 videntur
862 2663 1152 2720 gratulabundi,
1181 2662 1293 2717 quod
1321 2675 1458 2703 eorum
1478 2662 1614 2702 urbem
1630 2662 1914 2703 Alexandriam
1935 2661 2238 2703 Commodianam
2255 2664 2440 2720 Togatam

325 2720 494 2762 vocasset
509 2747 522 2767 ,
557 2721 613 2760 uti
638 2732 764 2761 narrat
787 2719 1033 2774 Lampridius
1060 2719 1100 2758 in
1127 2717 1209 2772 ejus
1235 2718 1324 2758 vita.
1362 2714 1544 2758 Ridicule·
1571 2720 1688 2758 etiam
1713 2718 1987 2773 Carthaginem
2015 2732 2042 2757 A
2055 2732 2152 2758 LEx
2164 2732 2191 2758 A
2207 2732 2275 2759 Nn
2287 2732 2318 2760 R
2331 2733 2346 2760 1
2360 2733 2439 2760 AM

328 2792 351 2817 c
365 2791 390 2816 0
404 2790 439 2815 M
452 2790 488 2816 M
501 2791 526 2816 o
538 2791 564 2816 D
579 2790 592 2815 1
606 2790 633 2815 A
647 2790 678 2815 N
692 2790 718 2816 A
731 2790 767 2816 M
799 2790 824 2816 T
837 2790 864 2815 o
877 2789 903 2816 G
920 2790 947 2815 A
962 2789 986 2815 T
1001 2789 1027 2814 A
1042 2788 1079 2814 Μ
1106 2773 1327 2828 appellavit.
1359 2774 1467 2814 Cum
1485 2773 1764 2829 Carthaginem
1774 2802 1786 2822 ‚
1815 2773 1842 2813 fi
1870 2773 2128 2814 Alexandrina
2151 2773 2342 2816 frumenta
2361 2775 2440 2816 ces-

325 2831 480 2878 sassent,
509 2845 703 2871 annonam
727 2832 812 2871 urbi
834 2831 1080 2885 suppeditare
1105 2829 1212 2884 poffe
1234 2829 1484 2876 existimaret,
1511 2828 1710 2884 Togatam
1738 2829 1898 2885 quidem
1916 2827 2187 2881 Alexandriam
2207 2829 2309 2871 illam
2325 2845 2442 2872 voca-

326 2888 403 2934 vit,
431 2886 541 2941 quod
562 2887 651 2926 cum
668 2887 869 2942 Carthago
882 2886 976 2927 esset
992 2885 1183 2931 Colonia,
1210 2885 1486 2925 Romanorum
1503 2896 1613 2924 more
1633 2885 1736 2925 cives
1753 2885 1838 2938 ejus
1854 2895 1955 2939 togae
1976 2884 2085 2924 usum
2104 2884 2308 2927 habebant.
2352 2886 2439 2927 Na-

326 2944 384 2984 vis
400 2943 462 2983 vel
479 2942 580 2982 urbis
597 2941 708 2982 situm
721 2943 762 2982 in
779 2942 930 2988 littore,
957 2941 1020 2983 vel
1037 2940 1189 2981 classem
1205 2939 1256 2979 ad
1272 2938 1502 2993 obsequium
1518 2940 1766 2995 Imperatoris
1783 2952 1952 2994 paratam
1967 2939 2121 2980 indicat.

383 3021 467 3063 Hic
480 3034 653 3063 nummus
666 3020 977 3075 minimaeformae
992 3021 1095 3061 inter
1114 3018 1360 3073 elegantiores
1376 3018 1638 3059 numerandus.
1673 3052 1676 3055 .

1122 3118 1646 3164 COELLU.

340 3675 357 3702 1
369 3670 404 3702 M
417 3675 452 3701 P.
484 3673 507 3699 c
521 3671 548 3697 A
562 3670 586 3696 E
599 3669 632 3695 s.
661 3669 698 3696 M
712 3671 738 3697 A
751 3672 794 3699 R.
824 3672 847 3699 c
859 3673 885 3698 0
898 3672 933 3697 M
946 3671 981 3697 M
993 3671 1018 3698 o
1029 3664 1069 3698 i).
1098 3657 1232 3712 Caput
1250 3655 1468 3698 Commodi
1482 3652 1699 3696 laureatum.

398 3731 425 3756 A
438 3730 462 3756 E
475 3729 511 3755 L.
540 3726 578 3752 M
591 3725 615 3750 v
627 3725 658 3751 N
670 3726 686 3751 1
698 3727 720 3752 c
732 3727 746 3751 1
760 3727 793 3752 P.
826 3729 849 3753 c
863 3728 889 3753 o
902 3727 926 3753 E
937 3728 976 3754 L.
1015 3713 1200 3759 QAElium
1227 3713 1484 3768 Mmiczpium
1512 3710 1771 3753 Coellitanum.
1811 3707 1984 3748 Dimidia
2010 3708 2117 3748 navis
2133 3734 2146 3755 ,
2180 3707 2290 3762 supra
2315 3720 2432 3762 quam

450 3767 703 3820 cornucopiae.
733 3767 773 3806 P.
792 3767 1018 3808 Harduinus
1033 3782 1119 3822 pag.
1143 3782 1201 3822 13.
1218 3769 1310 3822 legit
1327 3782 1355 3808 A
1368 3782 1392 3808 E
1403 3783 1443 3809 L.
1474 3781 1512 3807 M
1524 3781 1550 3808 v
1561 3780 1592 3806 N
1604 3779 1619 3805 1
1632 3780 1666 3806 c.
1705 3780 1729 3806 c
1739 3779 1766 3804 o
1777 3777 1814 3804 M
1824 3777 1874 3803 M.
1902 3777 1975 3818 pro
2001 3778 2024 3803 c
2037 3777 2063 3803 0
2075 3778 2099 3803 E
2111 3778 2148 3804 L.
2174 3766 2214 3803 ὃς
2229 3777 2432 3804 nummum

451 3837 652 3878 perperam
668 3821 718 3861 ad
734 3821 876 3862 AEliam
892 3823 1156 3877 Capitolinam
1171 3835 1337 3864 revocat.
2103 3833 2106 3837 ·

393 3902 534 3943 Coellu
562 3900 651 3941 urbs
676 3900 730 3940 est
754 3899 951 3940 Numidiae
978 3900 1170 3946 littoralis,
1197 3899 1249 3940 de
1274 3915 1352 3954 qua
1375 3899 1520 3940 dietum
1548 3899 1601 3939 est
1623 3900 1662 3938 in
1691 3896 1894 3937 Antonino
1911 3896 2003 3944 Pio,
2029 3897 2078 3937 ab
2095 3896 2299 3937 Hadriano
2317 3895 2432 3937 AEliae

338 3958 462 4014 gentis
476 3970 620 3998 nomen
636 3955 806 3997 habuisse
822 3954 968 3997 AElium
983 3956 1035 3997 ob
1051 3955 1234 3998 beneficia
1248 3955 1320 4009 ipfi
1337 3955 1530 4002 comesta,
1557 3964 1623 3995 aut
1635 3953 1700 4008 jus
1721 3952 2028 4007 Municipiorum
2043 3953 2079 3993 ei
2094 3951 2219 3994 forsan
2233 3951 2434 3997 collatum,

2262 4019 2430 4061 quorum
