2574 4214
231 256 2266 357 aaaaaaaaaaaaaaaaaaaaaaaaaaea

231 346 1464 424 ananaaaaaaneaanaa
1613 346 1784 418 ᾗς·
2171 384 2192 400 ,

324 1039 364 1078 G
377 1051 406 1078 R
422 1051 437 1076 1
452 1051 474 1077 P
485 1050 507 1077 1>
522 1050 538 1077 1
557 1050 585 1077 N
599 1052 635 1077 ΑΞ
665 1039 807 1078 nummi
817 1039 950 1092 primae
974 1036 1251 1092 magnitudinis
1269 1051 1343 1079 non
1364 1037 1617 1091 observantur
1633 1056 1646 1085 5
1664 1035 1841 1089 secundae
1857 1034 1906 1080 ὠ*
1926 1036 2089 1080 minima
2099 1061 2113 1084 ‚
2142 1034 2293 1091 eximite⁴

192 1038 310 1150 A
325 1094 502 1134 raritatis
516 1091 563 1137 &⁶
576 1093 770 1147 elegantid‘
784 1092 959 1133 habendi.
1035 1107 1040 1112 ·

822 1160 1650 1237 CQESARAU'GUSTA.

185 1747 293 1775 ΑΘΚ
311 1745 525 1773 11²P1NA.
558 1746 606 1772 M.
638 1747 677 1773 F.
707 1728 1506 1776 MAT.C.CAESAR'13AVGVST1.
1541 1733 1675 1788 Caput
1695 1732 1931 1789 Agrippinae.

238 1804 273 1829 c.
294 1803 327 1829 c.
349 1801 390 1826 A.
421 1788 574 1828 Colonia
591 1787 760 1840 Caesarea
775 1789 946 1845 Augusta
963 1789 1004 1829 in
1020 1803 1113 1830 area.
1145 1802 1362 1832 semrom-2
1395 1803 1450 1829 Er
1481 1802 1712 1829 MONTANO
1743 1803 1792 1830 11.
1816 1803 1907 1829 VIR.
1937 1788 2036 1829 circa
2052 1785 2251 1831 ambitum.

234 1866 558 1922 Caeiaraugustani
574 1867 758 1921 Caligulae
776 1867 976 1908 adulantes
988 1895 1000 1915 ,
1027 1868 1098 1922 qui
1115 1881 1298 1909 nummos
1317 1867 1368 1909 ad
1387 1868 1613 1908 memoriam
1631 1879 1834 1921 parentum
1853 1866 2114 1908 renovandam
2129 1869 2280 1922 percuti

179 1921 331 1975 jussetat
343 1949 354 1967 ,
383 1935 517 1961 eorum
531 1922 647 1962 etiam
663 1920 831 1976 effigiem
847 1922 886 1962 in
902 1923 977 1963 suis
996 1922 1130 1976 fignari
1147 1934 1383 1964 curaverunt.
1412 1923 1515 1967 Ecce
1525 1921 1990 1977 AgrippinaImperatoris
2002 1934 2122 1963 mater
2133 1914 2280 1977 prodit,

181 1987 225 2017 ut
239 1987 328 2016 ante
345 1976 620 2016 Germanicum
638 1976 720 2028 ejus
737 1988 886 2030 patrem
900 1976 969 2017 sub
987 1977 1120 2017 iisdem
1136 1979 1225 2018 viris
1242 1977 1422 2032 Scipione
1443 1980 1482 2016 ὃς
1501 1977 1698 2017 Montano
1717 1977 1967 2032 vulgavimus.
2006 1978 2127 2019 Caius
2145 1989 2276 2020 autem

178 2032 364 2094 pietatem
376 2044 463 2086 erga
476 2043 632 2072 matrem
644 2030 935 2078 demonstravit;
954 2045 1044 2072 nam
1053 2032 1213 2083 Tiberio
1222 2032 1400 2075 funerato
1407 2059 1421 2079 ,
1433 2033 1560 2085 inquit
1569 2032 1774 2073 Suetonius
1785 2046 1868 2086 cap.
1884 2046 1899 2072 1
1912 2045 1944 2083 5.
1964 2032 2153 2085 confestim
2166 2034 2278 2074 Pan-

179 2086 365 2127 dateriam
373 2083 421 2129 όν
430 2086 600 2126 Pontias
611 2085 666 2125 ad
672 2085 952 2139 transferendos
961 2086 1098 2125 matris
1096 2087 1314 2140 fratrisque
1325 2089 1466 2125 cineres
1466 2085 1692 2138 festinavit,
1705 2086 1919 2140 tempestate
1931 2086 2084 2127 turbida
2092 2114 2104 2133 ,
2121 2086 2191 2143 qub
2199 2084 2277 2129 ma-

170 2137 371 2199 gispietas·
378 2142 553 2181 emineret
563 2156 575 2180 .·
583 2141 753 2196 adiitque
763 2139 1066 2186 venerabundus,
1073 2152 1120 2178 ac
1124 2150 1193 2194 per
1192 2141 1318 2191 semet
1328 2142 1369 2180 in
1380 2152 1498 2180 urnas*
1509 2141 1690 2181 condidit.
1698 2140 1761 2181 De
1770 2141 1995 2183 Duumviris
2001 2141 2082 2194 jam
2091 2143 2247 2199 egimus.
2270 2132 2278 2141 ⁸

233 2218 318 2260 Hic
332 2233 504 2261 nummus
504 2218 668 2272 secundi
682 2218 821 2260 moduli
828 2245 842 2266 ‚
871 2217 896 2258 ὰ
910 2216 952 2258 T
945 2217 1082 2269 ristano
1098 2225 1130 2257 t.
1152 2230 1186 2258 1.
1193 2227 1285 2273 pag.
1304 2231 1367 2270 50.
1388 2217 1575 2273 vulgatus
1585 2245 1598 2267 ,
1615 2219 1940 2274 praestantffmus
1955 2219 2016 2274 est.

866 2302 1583 2346 CARTHAGO.

176 2798 504 2828 AGRIPPINA.
536 2786 569 2825 o.
602 2797 664 2825 cA
679 2791 871 2824 EsAius
901 2786 1021 2823 Ave.
1050 2793 1262 2830 MATER.
1301 2782 1436 2838 Caput
1451 2783 1686 2839 Agrippinae.

228 2858 260 2884 c.
289 2856 317 2882 1.
350 2856 385 2881 c.
417 2855 444 2881 G
456 2855 479 2880 E
493 2854 521 2881 N
533 2854 548 2880 1
559 2854 587 2880 v
596 2854 646 2880 M.
678 2839 839 2881 Coloniae
853 2837 977 2892 Juliae
993 2836 1296 2894 Carthaginenfi's
1309 2840 1480 2880 Genium.
1517 2839 1689 2889 Fortuna
1703 2837 1837 2879 stolata
1853 2838 1952 2879 stans
1961 2865 1974 2885 ‚
1992 2836 2130 2879 dextra
2142 2849 2264 2879 temo·

279 2911 369 2938 nem
381 2923 394 2943 ,
422 2895 514 2937 laeva
531 2895 785 2950 cornucopiae.

223 2975 307 3016 Has
320 2975 459 3017 litteras
474 2974 633 3016 initiales
656 2988 689 3014 c.
713 2988 741 3013 1.
763 2988 800 3014 c.
824 2971 874 3014 ad
894 2971 1254 3026 ColoniamJuliam
1271 2971 1545 3029 Carthaginem
1565 2973 1603 3012 in
1612 2972 1707 3026 Julii
1721 2973 1888 3013 nummis
1906 2986 1993 3027 pag.
2010 2986 2045 3012 2.
2064 2973 2258 3012 revocavi-

168 3045 264 3072 mus.
294 3030 612 3086 Carthaginenses
624 3029 878 3084 Agrippinam
895 3040 1079 3083 tanquam
1095 3027 1222 3068 Deam
1239 3028 1430 3075 colentes,
1458 3029 1593 3069 urbem
1609 3028 1713 3068 suam
1729 3028 1797 3068 sub
1814 3028 1896 3082 ejus
1911 3028 2013 3083 genii
2030 3027 2146 3068 tutela
2159 3026 2261 3082 pofi-

169 3099 245 3127 tam
268 3086 456 3127 denotant
471 3113 483 3133 ,
510 3085 629 3140 ipsam
651 3084 720 3124 sub
743 3085 924 3126 Fortunae
949 3082 1076 3139 effigie
1101 3084 1265 3124 Genium
1283 3084 1517 3138 appellantes
1534 3112 1545 3130 ,
1575 3096 1618 3124 ut
1639 3083 1710 3138 ipfi
1734 3084 1979 3125 Antoninum
1996 3083 2106 3123 Pium
2124 3085 2262 3138 pariter

169 3143 329 3181 Genium
348 3142 400 3182 P.
415 3142 579 3182 Romani
593 3139 690 3181 infra
705 3141 744 3180 in
759 3141 928 3181 nummis
945 3150 1144 3180 vocarunt.
1172 3139 1343 3185 Genius,
1360 3139 1469 3180 Deus
1486 3150 1566 3180 erat
1581 3139 1678 3186 loci,
1705 3138 1773 3179 sub
1790 3141 1898 3193 cujus
1914 3152 2054 3192 nempe
2072 3139 2188 3180 tutela
2204 3139 2260 3180 lo-

167 3210 235 3237 cus
254 3210 342 3238 erat.
371 3196 450 3237 Hic
465 3196 683 3237 seminudus
701 3211 790 3237 cum
807 3196 922 3250 pallio
942 3194 1216 3251 effingebatur,
1245 3195 1379 3236 dextra
1397 3206 1567 3249 pateram
1580 3222 1592 3241 ,
1621 3195 1714 3235 laeva
1728 3194 1980 3247 cornucopiae.
2014 3194 2123 3248 Saepe
2140 3195 2256 3236 etiam

165 3252 337 3293 Fortuna
353 3266 424 3305 pro
437 3253 568 3293 Genio
582 3251 797 3299 colebatur,
812 3251 876 3292 cui
892 3250 1007 3290 etiam
1024 3250 1267 3305 cornucopiae
1281 3249 1436 3297 datum,
1455 3250 1504 3290 ad
1519 3250 1593 3290 loci
1610 3250 1822 3290 ubertatem
1834 3248 2132 3303 procurandam:
2159 3249 2193 3290 F
2195 3265 2257 3291 or-

163 3319 257 3348 tuna
282 3308 385 3347 enim
408 3306 512 3348 idem
529 3307 604 3348 este
617 3321 706 3348 cum
723 3307 855 3348 Genio
871 3304 1047 3355 videtum
1073 3306 1214 3347 etenim
1238 3306 1446 3360 unicuique
1463 3305 1551 3345 suus
1563 3306 1712 3345 Genius
1729 3304 1866 3344 dicitur
1875 3331 1887 3350 ‚
1916 3306 1969 3344 ita
1987 3308 2025 3344 ὃς
2046 3306 2254 3360 unicuique

166 3361 229 3403 fila
247 3362 427 3403 Fortuna.
464 3363 757 3419 Depingebatui·
773 3361 932 3417 quidem
949 3360 1123 3402 Fortuna
1138 3388 1151 3408 ‚
1180 3361 1274 3402 teste
1290 3361 1491 3402 Lactantio
1506 3362 1568 3401 lib.
1590 3375 1625 3414 3.
1644 3373 1732 3399 cum
1749 3360 1992 3413 cornucopiae
2010 3364 2049 3401 ὃς
2065 3362 2254 3416 guberna-

166 3418 251 3458 culo
261 3444 274 3464 ,
301 3430 484 3472 tanquam
502 3418 581 3473 ipsa
596 3432 691 3473 opes
707 3416 872 3459 tribuere
889 3427 1085 3470 putaretur
1096 3443 1109 3464 ‚
1137 3419 1176 3455 &
1192 3417 1445 3457 humanarum
1460 3430 1586 3457 retum
1604 3416 1775 3469 regimen
1788 3415 1970 3457 obtinere.
2247 3416 2251 3418 “

215 3486 299 3528 Hic
317 3502 487 3530 nummus
503 3490 666 3531 minimae
677 3489 832 3544 forme,
858 3488 1036 3527 raritatis
1050 3486 1199 3527 eximite
1215 3485 1264 3544 cst
1281 3485 1329 3530 ὠ
1336 3486 1575 3542 praestantiae.

665 3561 1327 3672 AGRIPPINApSFsQ
1364 3604 1743 3658 AGRIPPAE

703 3683 1709 3732 DIVIAVG.NEPT1S.VX0R18

769 3745 1235 3788 GERMANICI.
1273 3743 1643 3785 CAESARIS

701 3801 1003 3844 MATRIS.
1040 3801 1086 3841 C.
1127 3799 1503 3840 CAESARIS.
1543 3800 1700 3840 AVG.

754 3856 1221 3900 GERMANICI.
1259 3854 1704 3906 PRINCIPIS„

1252 3909 1291 3950 E
1292 3909 1452 3965 xscripst
1460 3907 1592 3950 Romae
1605 3912 1646 3950 in
1660 3924 1747 3951 area
1763 3910 1989 3965 Capitolina.

272 3976 314 4018 T
306 3992 374 4020 om.
402 3966 438 4020 I.
1486 3976 1532 4017 Ν
