2574 4214
137 316 2221 480 &aafflaaffiffiffiafflffi:saffiaaffifflfflffiaffi

469 526 592 628 ‚C
700 528 781 611 R
891 528 933 612 I
1043 530 1096 612 S
1202 532 1261 612 P
1369 529 1412 612 I
1518 530 1609 616 N
1721 526 1845 627 A.

282 1225 421 1267 Bruttii
437 1226 632 1269 Praesentis
654 1228 710 1269 bis
730 1228 909 1269 Consulis
927 1244 1090 1271 uxorem
1113 1230 1259 1272 duxiffi:
1278 1244 1403 1273 narrat
1421 1231 1664 1287 Capitolinus
1681 1253 1694 1280 3
1721 1244 1958 1271 BPOTTT1H
1985 1248 2114 1275 autem
2131 1233 2215 1289 ipsa

124 1181 265 1319 C
281 1169 322 1211 R
333 1183 348 1209 1
361 1183 379 1209 s
394 1183 441 1210 ΡΙ
453 1183 483 1210 N
497 1184 523 1210 A
536 1198 549 1217 ‚
576 1185 795 1228 cognomen
819 1171 893 1213 fuit
919 1174 1047 1215 uxoris
1069 1175 1285 1216 Commodi
1307 1176 1551 1231 Imperatoris
1573 1189 1620 1216 ex
1638 1177 1784 1218 Bruttia
1800 1189 1916 1232 gente
1934 1193 1941 1218 ε
1969 1178 2074 1220 illum
2096 1175 2213 1221 filiam

278 1293 438 1322 vocatur
452 1282 491 1322 in
507 1283 647 1324 Graeco
663 1284 905 1325 Numismate
920 1284 1109 1327 Thesauri
1126 1286 1253 1341 Regii.

119 1405 122 1408 ‚
169 1356 210 1399 C
222 1371 252 1399 R
264 1372 281 1400 1
293 1373 312 1400 s
325 1374 347 1402 P
359 1374 375 1401 1
387 1374 418 1403 N
430 1374 469 1401 AE
497 1364 640 1405 nummi
643 1362 821 1416 secundae
833 1361 882 1409 dy·
898 1364 1208 1414 minimaeformae
1226 1365 1397 1417 rarzffimi
1408 1364 1524 1416 sunt,
1546 1368 1680 1420 primae
1697 1367 1880 1409 huffenus
1895 1383 1968 1408 non
1987 1368 2153 1423 inspelJi.

963 1466 1377 1510 TROAS.

105 2080 376 2114 cR1s121NA
412 2080 517 2107 AvG
532 2079 589 2107 vs
608 2079 631 2105 τ
647 2079 690 2106 A.
719 2067 854 2120 Caput
869 2067 1067 2122 Crispinae.

159 2139 219 2167 co
233 2139 271 2165 L.
303 2137 330 2163 A
346 2137 372 2163 v
385 2136 426 2163 G.
458 2136 486 2162 1.
519 2136 543 2161 T
557 2136 711 2162 RoAD.
742 2122 899 2162 Colonia
923 2125 1040 2177 Augu
1073 2136 1098 2162 a
1123 2122 1239 2176 Julia
1264 2122 1489 2174 Troadenfis.
1519 2124 1660 2180 Figura
1694 2125 1861 2166 militaris
1881 2126 2058 2180 paludata
2077 2129 2175 2170 stans
2183 2132 2198 2178 ,‘

212 2178 390 2220 sacrificat
414 2178 522 2232 supra
548 2176 762 2232 tripodem,
789 2178 852 2218 cui
876 2177 1072 2221 involutus
1095 2177 1248 2233 serpens
1271 2190 1360 2221 ante
1386 2178 1626 2222 simulacrum
1654 2181 1845 2234 Apollinis
1872 2182 1990 2236 cippo
2005 2184 2173 2238 impositi
2184 2213 2199 2234 ,

210 2235 303 2276 laeva
318 2247 446 2275 arcum
463 2233 647 2288 gerentis,
675 2232 717 2274 in
734 2233 875 2276 vertice
887 2232 1017 2289 aquila
1031 2233 1225 2288 unguibus
1242 2245 1359 2288 caput
1376 2234 1496 2275 bovis.

155 2313 221 2355 Ad
249 2312 456 2353 Coloniam
481 2310 746 2355 Troadensem
773 2311 938 2367 pertinet
964 2311 1028 2357 hic
1052 2312 1240 2366 Crispinae
1265 2326 1446 2355 nummus
1475 2328 1484 2352 τ
1510 2312 1575 2354 sed
1592 2313 1711 2369 figura
1726 2315 1787 2357 illa
1802 2315 1970 2361 militaris
1985 2317 2196 2361 sacrificans

100 2380 187 2411 ante
206 2368 428 2423 Apollinem
447 2367 549 2408 urbis
565 2366 764 2409 tutelarem
782 2367 935 2415 Deum,
964 2381 1044 2408 non
1060 2368 1115 2409 est
1131 2368 1379 2410 Commodus
1397 2368 1582 2423 Crispinae
1600 2371 1776 2417 maritus,
1804 2372 1887 2412 tum
1904 2372 2013 2425 quod
2031 2373 2091 2414 ille
2108 2376 2195 2428 post

98 2437 250 2478 parturn
278 2424 481 2478 imperium
503 2423 703 2467 Troadem
726 2436 808 2462 non
833 2422 988 2470 adierit,
1017 2424 1108 2465 cum
1133 2422 1260 2464 fimilis
1287 2435 1402 2478 typus
1419 2425 1459 2464 in
1476 2425 1556 2465 aliis
1569 2425 1868 2480 Imperatoribus
1886 2440 2058 2470 occurrat
2085 2449 2097 2476 3
2125 2429 2190 2470 sed

97 2481 162 2521 hic
187 2493 367 2520 nummus
393 2479 618 2521 sententiam
642 2478 811 2520 nostram
836 2477 886 2518 de
910 2478 1124 2520 condendae
1150 2492 1261 2519 novae
1282 2478 1414 2532 Trojae
1440 2479 1543 2520 urbis
1561 2482 1720 2536 augurio
1738 2481 1936 2523 confirmat
1955 2483 2008 2523 ob
2024 2484 2191 2538 aquilam

98 2548 215 2590 caput
237 2535 345 2575 bovis
371 2549 441 2589 per
464 2538 549 2575 aera
571 2545 793 2589 gerentem:
820 2534 956 2575 Strabo
977 2536 1080 2575 enim
1104 2533 1167 2574 lib.
1192 2547 1251 2587 13·
1282 2533 1443 2587 Trojam
1461 2549 1627 2582 novam,
1658 2537 1722 2576 ubi
1737 2551 1840 2579 nunc
1859 2537 1934 2584 est,
1963 2552 2009 2578 ex
2026 2540 2192 2593 antiquae

99 2590 297 2631 ruderibus
309 2589 466 2629 Oraculi
477 2589 577 2641 jussu
596 2588 820 2629 :edificatam
835 2589 950 2631 tradit
959 2610 971 2637 3
1001 2603 1087 2644 quae
1102 2589 1232 2629 omnia
1246 2589 1426 2630 exhibere
1443 2591 1595 2630 videtur
1608 2605 1787 2632 nummus
1798 2619 1808 2639 ,
1837 2593 1876 2632 in
1891 2606 1972 2646 quo
1988 2592 2081 2633 dum
2100 2609 2190 2635 con-

99 2645 203 2686 ditor
218 2644 319 2684 urbis
336 2643 386 2683 de
402 2644 490 2683 loco
506 2644 570 2684 ubi
587 2657 671 2683 eam
687 2644 930 2684 constitueret
944 2671 957 2691 ‚
985 2645 1117 2684 anxius
1131 2658 1260 2685 coram
1283 2645 1462 2699 Apolline
1481 2647 1628 2686 tutelari
1645 2647 1775 2700 Trojae
1794 2649 1929 2687 veteris
1948 2648 2036 2688 Deo
2052 2649 2188 2689 sacrifi-

97 2712 180 2745 cat,
208 2698 332 2753 aquila
349 2712 437 2739 cum
458 2700 566 2740 bovis
588 2699 712 2752 capite
730 2699 770 2738 in
785 2698 883 2739 illius
899 2699 1040 2739 vertice
1057 2699 1200 2754 {ignata
1215 2699 1290 2744 est,
1319 2713 1405 2753 quae
1423 2701 1462 2740 in
1479 2701 1618 2740 eodem
1637 2702 1723 2741 loco
1744 2702 1792 2741 ad
1810 2716 1926 2754 quem
1945 2702 2043 2742 hanc
2057 2703 2189 2743 sacrifi-

97 2756 147 2797 cii
166 2766 313 2809 partem
331 2753 539 2800 detulisset,
569 2767 711 2794 novam
730 2755 864 2794 urbem
878 2753 1138 2794 :edificandam
1160 2766 1310 2795 monet:
1338 2755 1441 2794 unde
1456 2755 1697 2795 Troadenses
1715 2757 1752 2795 in
1774 2758 1937 2796 conditae
1958 2759 2058 2797 urbis
2076 2772 2188 2800 novae

97 2810 340 2856 memoriam,
372 2809 492 2849 modo
511 2810 627 2849 solam
646 2809 811 2864 aquilam
831 2809 939 2850 bovis
958 2821 1073 2863 caput
1094 2810 1285 2865 unguibus
1300 2823 1369 2864 per
1386 2812 1471 2850 aera
1487 2823 1706 2865 gerentem,
1734 2812 1855 2852 modo
1875 2812 1974 2852 illam
1992 2827 2079 2854 cum
2098 2828 2189 2859 con*

96 2866 220 2907 ditore
241 2864 338 2905 sacra
355 2876 442 2905 ante
456 2865 677 2919 Apollinem
691 2864 855 2906 faciente
872 2864 1143 2920 percusserunt.

150 2943 234 2984 Hic
249 2956 420 2984 nummus
435 2942 629 2983 mediocris
643 2945 744 2983 inter
749 2943 1063 2998 praestantzffimos
1080 2942 1128 2986 (J
1144 2942 1421 2997 elegantifflmos
1437 2944 1673 2998 reponendus,

95 3498 119 3524 c
133 3498 163 3524 R
176 3497 189 3524 1
203 3498 221 3523 s
236 3497 257 3523 Ρ
269 3498 284 3524 1
297 3497 326 3524 N
341 3498 368 3523 A
401 3497 428 3523 A
443 3498 468 3523 v
481 3497 507 3523 G
521 3498 547 3523 v
563 3497 579 3523 s
594 3498 618 3524 r
633 3498 670 3523 A.
709 3485 841 3538 Caput
856 3483 1038 3536 Crispinae
1056 3484 1247 3538 Augustae.

148 3553 206 3579 co
221 3554 258 3579 L.
291 3553 318 3578 A
333 3552 408 3579 vo.
442 3553 465 3578 T
481 3553 510 3579 R
523 3553 548 3578 o
564 3553 639 3579 AD.
675 3540 828 3580 Colonia
848 3538 1018 3592 Angusta
1036 3537 1261 3589 Troadcnfis.
1308 3538 1452 3593 Apollo
1477 3537 1603 3578 nudus
1627 3537 1789 3579 humero
1805 3565 1817 3584 ‚
1848 3541 2015 3594 repandi
2040 3540 2170 3582 dextri

202 3593 295 3634 lauri
311 3608 459 3634 ramum
479 3606 603 3641 tenet,
631 3596 733 3647 pede
751 3595 840 3634 fixo
856 3594 920 3633 seu
937 3595 1054 3646 cippo
1070 3593 1258 3647 impolito.

147 3671 364 3713 Nummum
376 3672 477 3712 hunc
493 3673 530 3711 in
550 3672 776 3713 Commodo
792 3671 841 3711 ad
859 3670 1101 3723 Herophilen
1114 3671 1289 3724 Sibyllam
1308 3670 1328 3710 ὰ
1343 3670 1520 3711 Tristano
1534 3683 1624 3712 tom.
1645 3686 1676 3711 1.
1696 3686 1731 3725 p.
1752 3685 1841 3723 751.
1855 3686 2074 3714 revocatum
2089 3673 2164 3712 css‘e

91 3728 277 3773 diximus3
304 3728 367 3767 sed
390 3728 556 3781 pluribus
580 3728 668 3767 huic
694 3727 885 3766 simillimis
907 3725 1080 3778 inspeffl‘is
1100 3727 1218 3765 virum
1240 3740 1317 3765 non
1337 3725 1531 3766 foeminam
1549 3728 1623 3766 effi:
1643 3727 1964 3780 deprehendimus
1982 3756 1992 3773 ‚
2023 3728 2167 3780 Apolli-

91 3797 259 3836 nemque
276 3783 473 3823 tutelarem
489 3783 655 3822 Troadis
673 3783 850 3822 Coloniae
869 3782 995 3821 Deum
1013 3781 1312 3832 pronuntiamus.
1351 3781 1494 3820 Nudus
1511 3782 1570 3820 ille
1589 3782 1684 3835 saepe
1699 3784 1735 3821 in
1754 3785 1917 3822 nummis
1934 3783 2164 3836 depingitur,

90 3838 290 3893 praesertim
308 3837 465 3891 quando
481 3838 530 3877 de
548 3839 725 3878 vaticinio
740 3839 882 3893 agitur,
912 3836 1001 3889 quia
1017 3836 1152 3875 veritas
1168 3836 1272 3876 nuda
1289 3837 1364 3882 cst3
1392 3849 1430 3875 at
1448 3838 1535 3875 cum
1555 3848 1680 3877 autem
1699 3838 1839 3890 Apollo
1856 3841 1893 3875 ὃς
1910 3837 1974 3876 Sol
1993 3838 2092 3876 idern
2108 3837 2163 3882 sit,

90 3892 331 3946 Chrysippus
348 3893 570 3946 Apollinem
591 3892 735 3932 dietum
752 3895 827 3939 ait,
857 3892 904 3931 ab
925 3910 964 3934 a,
988 3894 1015 3927 ‘113
1030 3894 1099 3927 ok'v6l1
1116 3921 1125 3932 ‚
1156 3892 1194 3930 id
1215 3892 1265 3931 cst
1288 3905 1360 3930 non
1379 3918 1389 3936 ,
1420 3893 1599 3943 particula
1621 3894 1801 3944 privativa
1815 3920 1826 3937 ,
1852 3894 1899 3938 aga)
1924 3900 2027 3932 mmo),
2057 3892 2164 3945 quod

90 3961 172 3989 non
187 3948 315 3994 multi,
341 3946 406 3988 sed
423 3947 521 3988 solus
538 3948 743 3988 claritatem
758 3949 951 3989 obtineat:
978 3946 1068 3987 ideo
1086 3946 1309 4001 Fulgentius
1330 3946 1455 4000 Mysi).
1476 3946 1536 3984 lib.
1560 3960 1587 3985 1.
1609 3947 1747 3988 Vareni
1769 3949 1983 4000 Apollinem
2001 3947 2074 3987 effi:
2092 3960 2162 4040 tgr-

104 4021 113 4025 ,
2135 4011 2172 4040 it.
