2491 4219
760 162 1439 212 ·GORDIANU<S
1509 166 1611 211 IIL
2132 169 2256 223 ‘'''139

219 230 280 270 En
312 230 470 271 alterum
500 230 732 271 matrimonii
758 229 950 269 Gordiani
982 233 1019 269 &
1048 229 1323 284 Tranquillinae
1355 244 1651 271 monumentum
1681 232 1730 273 ab
1762 229 2084 272 Antiochenfibus
2111 230 2260 271 Pisidiae

168 286 353 341 signatum
365 313 376 331 ,
406 286 454 325 illi
474 287 653 340 Augustis
669 286 829 325 nimium
846 285 1064 331 adulantes,
1095 286 1340 326 Gordianum
1356 286 1515 340 quidem
1534 286 1601 325 sub
1617 287 1705 327 Deo
1721 287 1833 326 Luno
1850 287 1952 326 urbis
1971 286 2119 335 tutelari
2137 285 2261 324 numi-

167 357 238 386 ne,
267 342 305 380 T
307 340 570 393 tanquillinam
587 342 678 380 vero
696 339 762 378 sub
780 340 899 378 Genii
916 341 1094 380 Coloniae
1113 341 1278 394 imagine
1295 340 1560 381 exhibuerunt.
1592 341 1654 380 De
1671 342 1771 381 Luni
1792 342 1937 396 templo
1956 344 1992 380 ὃ(
2009 340 2111 380 cultu
2129 341 2167 380 in
2184 340 2257 379 hac

165 397 354 441 Colonia,
383 395 487 448 apud
504 395 728 435 Strabonem
748 395 807 433 lib.
836 409 892 434 12.
915 409 1001 450 pag.
1029 409 1115 446 577.
1137 396 1204 435 sub
1221 397 1379 436 nomine
1394 396 1535 447 „Mensis
1552 409 1784 443 memorato,
1812 397 1944 451 saepius
1960 396 2133 435 diximus.
2177 396 2259 434 Ge-

164 453 252 492 nius
270 452 371 490 urbis
388 451 454 489 sub
476 451 639 490 mulieris
658 449 794 489 turrita:
810 449 942 495 icone,
973 465 1022 490 eo
1038 451 1159 490 modo
1177 451 1216 490 in
1234 452 1337 505 Sept.
1359 451 1488 490 Severi
1506 453 1671 491 nummis
1687 452 1735 491 ab
1753 451 2076 503 Antiochenlibus
2095 449 2260 503 signatus

164 508 240 553 est,
271 507 404 546 Lunus
420 505 579 558 quidem
598 505 796 551 victoriam
816 517 941 550 tenet,
971 517 1166 558 tamquam
1185 517 1480 546 monumentum
1501 520 1629 545 earum
1651 520 1747 559 quas
1767 506 1816 546 de
1836 507 1956 547 Perfis
1975 506 2158 546 relaturus
2178 516 2258 546 erat

167 562 400 602 Gordianus.
429 560 609 599 Solebant
624 561 675 599 ita
690 571 836 599 veteres
854 562 938 611 ejus
953 560 1102 614 signum
1120 575 1192 614 pro
1208 561 1384 615 Augurio
1399 561 1439 598 in
1455 563 1619 601 nummis
1635 561 1918 615 reptaesentare,
1945 562 2035 602 utin
2051 559 2260 602 Gordianis

164 617 354 657 Africanis
371 620 409 655 ὃς
429 615 508 654 aliis
529 616 658 655 videte
673 615 738 654 est.
770 615 921 655 Genius
942 629 1034 655 vero
1057 617 1322 669 cornucopiae,
1350 615 1505 656 solenne
1522 628 1706 671 tanquam
1723 617 1938 672 symbolum
1954 618 2059 673 gerit,

215 707 298 748 Hic
314 721 485 750 nummus
492 709 628 762 primae
645 707 920 762 magnitudinis
934 708 1035 748 inter
1053 706 1334 762 elegantifflmos
1350 706 1398 751 ὠ
1413 707 1610 760 rariffimos
1627 707 1890 750 numerandus.

154 1372 303 1428 Eadem
320 1385 550 1439 epigraphe,
578 1383 644 1424 sed
663 1394 780 1437 caput
797 1381 988 1423 Gordiani
1005 1383 1191 1425 radiatum
1209 1384 1276 1424 est.
1695 1431 1698 1433 ¹

211 1457 234 1481 c
246 1457 271 1482 o
283 1457 306 1481 1..
319 1456 344 1480 o
359 1455 383 1480 N
404 1456 414 1479 i
430 1456 454 1479 A
490 1456 512 1480 c
529 1455 552 1479 A
566 1454 589 1478 E
603 1454 637 1478 s,
669 1454 695 1479 A
709 1453 739 1478 N
754 1453 778 1478 τ
794 1453 843 1478 10
857 1453 879 1478 c
891 1453 919 1478 H
933 1453 946 1477 1
963 1453 1002 1478 A.
1035 1454 1067 1479 s.
1100 1454 1142 1480 R.
1173 1438 1327 1479 Colonia
1349 1438 1522 1489 Caesarea
1537 1437 1759 1479 Antiochia.
1799 1437 1950 1492 Cybele
1978 1436 2110 1478 turrita
2123 1436 2259 1479 sedens

265 1498 362 1536 inter
380 1497 478 1536 duos
497 1496 648 1541 leones,
680 1494 820 1534 sinistra
841 1506 1027 1548 tympano
1044 1493 1237 1549 apposita,
1267 1494 1378 1548 quod
1396 1509 1499 1550 genu
1516 1493 1681 1535 sustinet.

207 1586 349 1641 Figura
365 1586 423 1625 illa
443 1585 573 1625 turrita
590 1599 678 1624 cum
698 1596 883 1638 tympano
901 1586 1000 1625 inter
1017 1585 1148 1626 leones
1164 1585 1318 1633 sedens,
1347 1585 1462 1627 Rhea
1479 1586 1554 1633 est,
1583 1585 1647 1627 seu
1668 1585 1839 1641 Cybele,
1867 1584 2023 1639 aliisque
2039 1585 2261 1627 nominibus

151 1643 257 1695 apud
276 1643 500 1681 Strabonem
517 1641 579 1680 lib.
604 1655 663 1680 ιο.
687 1641 874 1693 appellata
891 1662 904 1688 ⁵
932 1641 1040 1695 quod
1059 1641 1261 1682 confirmat
1279 1642 1469 1682 Lucianus
1493 1641 1544 1682 de
1562 1643 1645 1682 Dea
1661 1642 1776 1696 Syria.
1808 1644 1927 1692 Σημῆιοι
1949 1646 1968 1691 ³3
1992 1649 2008 1686 ἦ
2029 1646 2090 1690 ᾖεδς
2110 1646 2148 1680 πὶ
2171 1644 2257 1680 κωλαῖ

151 1701 177 1731 ἐς
202 1700 268 1730 maa
291 1699 459 1737 οἱπικεεπιΓ
492 1698 602 1731 λέοντες
627 1696 658 1739 ςιῖ)
679 1698 830 1741 μινφὲρεστ
847 1719 857 1735 ,
889 1695 937 1738 ζα),
962 1696 1111 1742 ’τύμπανον
1136 1697 1190 1743 ἕχεί
1206 1722 1216 1735 ,
1248 1695 1296 1742 {585
1319 1701 1365 1731 ἐπὶ
1393 1701 1431 1743 τῇ
1457 1701 1579 1744 κεφαλῇ
1602 1700 1778 1744 ’πυξγοφορὲιί
1799 1698 1902 1735 duella)
1928 1698 2000 1733 i‘sslw
2025 1701 2116 1734 Ausa)
2137 1701 2253 1733 masa-1.

150 1745 356 1798 Maltaqae
377 1744 632 1797 adluntstgna
651 1744 776 1790 Dece,
805 1758 887 1798 qnae
902 1744 1088 1798 faciunt,
1117 1754 1161 1785 ut
1186 1746 1301 1786 Rhea
1317 1745 1498 1786 videatur
1514 1761 1526 1785 .·
1553 1747 1674 1786 leones
1691 1749 1789 1786 enim
1804 1746 1923 1800 ipsam
1931 1746 2094 1799 ferunt,
2123 1746 2258 1787 habet-

148 1813 221 1854 que
248 1809 484 1852 (paparium,
514 1798 560 1841 (ἔγ
576 1798 690 1852 snper
715 1801 838 1853 capite
861 1805 998 1849 turrim
1014 1800 1164 1857 gestat,
1192 1801 1340 1857 qualem
1368 1801 1521 1841 Rheam
1545 1801 1649 1845 Lydi
1660 1802 1827 1856 fingunt.
1879 1801 1993 1843 Rhea
2021 1803 2188 1854 Graecis,
2217 1807 2259 1843 δε

149 1859 346 1905 wgssoo'p&
368 1872 375 1892 ι
404 1856 493 1908 Ops
510 1854 571 1894 seu
592 1855 709 1894 Terra
727 1854 843 1895 latine
857 1868 1014 1901 vocata,
1029 1863 1168 1910 ieaque
1191 1857 1356 1897 turribus
1379 1869 1513 1897 ornata
1536 1858 1609 1903 est,
1637 1857 1748 1910 quod
1775 1856 1896 1897 Terra
1913 1858 2109 1899 contineat
2129 1858 2259 1898 civita-

149 1921 226 1957 tes,
258 1916 296 1951 &
311 1911 396 1964 ipsae
414 1909 624 1962 antiquitus
642 1911 679 1949 in
699 1910 916 1951 summitate
940 1905 1133 1951 mon'tium
1160 1910 1306 1952 fierent.
1344 1912 1417 1952 Per
1442 1924 1668 1968 tympanum
1691 1913 1754 1953 seu
1773 1913 2011 1965 cymbalum,
2041 1914 2103 1954 alii
2121 1914 2257 1956 orbem

146 1978 255 2006 terrae
274 1966 471 2021 significari
489 1977 646 2019 putant,
677 1965 738 2004 alii
753 1965 836 2017 ejus
853 1965 1018 2021 insigne,
1051 1967 1104 2006 ob
1128 1967 1300 2021 cymbala
1327 1967 1469 2021 quibus
1486 1969 1525 2008 in
1547 1967 1657 2010 sacris
1678 1968 1760 2021 ejus
1784 1968 2010 2010 Sacerdotes
2034 1970 2254 2010 utebantur.
2285 1980 2289 1984 '

144 2022 212 2062 De
234 2023 366 2062 Leone
383 2021 496 2075 ipsius
515 2022 676 2067 comite,
704 2020 835 2061 audias
852 2022 902 2060 D.
921 2022 1182 2077 Augustinum
1198 2022 1248 2063 de
1264 2023 1354 2063 Civ.
1374 2024 1460 2063 Dei.
1491 2024 1677 2070 Leonem,
1704 2023 1853 2077 inquit,
1880 2026 1914 2063 ei
1930 2024 2257 2080 aaffiungnntsolu-

146 2085 229 2117 tum
246 2093 291 2116 ac
309 2077 540 2124 mansitetnm
550 2103 561 2122 ,
590 2085 633 2115 ut
650 2074 864 2125 ostendant,
894 2077 1038 2116 nullum
1050 2076 1246 2132 ff’genns
1258 2087 1369 2118 terrae
1383 2087 1466 2118 tam
1482 2088 1662 2118 remotum
1677 2093 1723 2118 ac
1737 2079 1976 2119 vehementer
1989 2080 2133 2130 ferum,
2159 2078 2260 2137 qnod

144 2147 218 2173 non
257 2135 375 2189 aojici
392 2137 523 2187 cuique
539 2133 754 2171 conveniat.
783 2131 934 2184 Cybele
950 2135 991 2171 in
1008 2145 1172 2173 nummo
1189 2129 1353 2188 fignata,
1381 2133 1601 2185 Antiochiae
1615 2133 1673 2175 sui
1688 2134 1837 2176 cultum
1852 2129 2005 2177 indicat.

199 2225 290 2268 Hic·
299 2237 471 2268 nummus
486 2224 642 2280 majoris
658 2221 798 2263 moduli
806 2231 880 2276 pro
899 2235 984 2263 raro
1006 2219 1055 2266 ὠ·
1074 2220 1208 2276 iifigni
1222 2221 1506 2278 computandus.

131 2283 158 2315 ἱ

140 2896 291 2940 Eadem
310 2895 542 2953 epigraphe,
569 2907 685 2952 caput
701 2897 894 2938 Gordiani
909 2898 1130 2939 laureatum.
1486 2945 1488 2947 ¹

200 2969 223 2995 c
235 2969 260 2994 o
274 2969 311 2994 L.
345 2969 366 2994 e
381 2968 404 2992 A
424 2967 445 2992 E
460 2968 493 2992 s.
526 2967 552 2993 A
570 2967 596 2992 N
612 2968 636 2992 r
650 2968 665 2993 l
677 2968 702 2993 o
716 2966 738 2994 c
750 2968 791 2994 H.
823 2968 858 2994 s.
888 2968 932 2994 R.
962 2955 1117 2995 Colonia
1134 2952 1307 3006 Caesarea
1322 2954 1548 2996 Antiochia.
1577 2956 1756 2999 Colonus
1772 2957 1850 3014 agit
1865 2958 2005 3010 boves,
2028 2963 2137 3018 juxta
2152 2979 2243 3012 eum

253 3010 334 3049 duo
351 3009 455 3064 signa
473 3009 653 3056 militaria.

189 3100 366 3140 Colonus
383 3115 499 3155 agens
516 3101 657 3148 boves,
686 3100 862 3142 dedustae
886 3099 1065 3142 Coloniae
1083 3100 1298 3155 symbolum
1320 3102 1383 3143 est.
1413 3102 1594 3146 Colonus
1620 3116 1743 3146 aratro
1769 3106 1992 3163 designabat
2017 3109 2148 3153 locum
2170 3114 2237 3157 ubi

135 3168 216 3198 erat
234 3156 437 3195 condenda
455 3158 565 3202 urbs,
593 3157 703 3210 quod
727 3157 914 3197 Romanis
931 3162 1016 3197 raro
1032 3157 1217 3212 contigit,
1244 3158 1292 3198 ab
1311 3158 1380 3199 illis
1399 3159 1501 3199 enim
1518 3159 1616 3214 saepe
1634 3161 1674 3200 in
1691 3161 1824 3203 urbem
1846 3164 1920 3213 jam
1937 3166 2132 3208 conditam
2150 3173 2238 3212 mit-

134 3213 314 3253 tebantur
330 3211 503 3257 Coloni,
531 3226 602 3251 nec
627 3214 741 3252 etiam
759 3212 957 3265 ‘oppidum
980 3225 1125 3252 nomen
1150 3214 1341 3260 mutabat,
1370 3225 1414 3255 ut
1429 3215 1553 3257 asserit
1568 3215 1703 3256 Strabo
1718 3217 1780 3257 lib.
1804 3231 1837 3266 ς.
1855 3234 1940 3275 pag.
1964 3226 2054 3262 216.
2086 3234 2125 3261 οἱ
2141 3228 2161 3273 ᾖ*
2176 3236 2237 3264 τως

135 3281 220 3317 pam
234 3270 469 3314 ‹anLAaCo‘v¹n<,
496 3274 518 3320 s}
536 3271 709 3316 πὲμῷοωπς
726 3275 831 3307 ἐπίκες
847 3275 998 3317 mummi,
1024 3270 1241 3314 πωεφῦλοιξων
1257 3277 1282 3325 »ὲ
1299 3273 1336 3308 τοὶ
1352 3277 1377 3308 ἓ
1393 3274 1659 3317 ωερεπυικησοίντων
1672 3275 1743 3321 Ἱῗυή.
1783 3273 1951 3315 Romani
1965 3285 2092 3319 autem
2112 3295 2236 3327 rerum

123 3326 265 3380 potiti,
293 3324 376 3363 cam
395 3323 547 3364 Colonos
562 3326 604 3364 in
628 3328 742 3364 varia
766 3325 846 3366 loca
869 3328 1106 3373 emitterent,
1135 3329 1286 3368 nomina
1313 3336 1440 3369 tamen
1463 3343 1604 3376 eornm,
1631 3331 1699 3383 qui
1713 3328 1828 3382 prins
1851 3329 1908 3369 ibi
1931 3329 2232 3388 habitaverant,

130 3380 410 3431 conservarunt.
443 3379 697 3432 Imperatores
713 3379 874 3427 deinde,
905 3380 1027 3420 modo
1046 3384 1301 3436 cognomina,
1330 3383 1451 3424 modo
1467 3387 1591 3439 gentis
1606 3384 1679 3424 suae
1697 3384 1852 3424 nomina
1868 3385 1918 3425 ad
1934 3387 1987 3427 rei
2003 3395 2229 3438 memoriam

132 3435 310 3475 Coloniis
330 3434 612 3488 imposuerunt,
641 3447 684 3476 ut
698 3436 776 3488 ipsa
800 3436 1029 3482 Antiochia,
1058 3450 1146 3490 quae
1169 3451 1388 3494 cognomen
1410 3440 1571 3494 Augusti
1598 3440 1702 3485 tulit,
1731 3443 1770 3479 &
1789 3440 1870 3479 aliae
1888 3454 1976 3495 quae
1995 3445 2168 3489 Aurelias
2188 3454 2228 3491 δε

130 3489 332 3543 Septimias
348 3490 624 3543 appellationes
638 3491 775 3532 sortitae
789 3491 883 3532 sunt.
910 3492 1027 3546 Signa
1043 3492 1216 3535 militaria
1228 3495 1337 3547 juxta
1351 3494 1576 3542 Colonum,
1605 3494 1808 3536 Veteranis
1824 3494 2031 3541 Coloniam
2048 3500 2226 3557 frequen-

129 3556 249 3586 tatam
269 3544 378 3585 fuiffe
396 3545 576 3586 indicant.

185 3633 270 3676 Hie
283 3648 454 3675 nummus
463 3638 597 3690 primae
613 3635 796 3692 molispro
813 3650 897 3677 raro
912 3634 1112 3678 notandus.

142 3999 146 4002 -
187 3970 392 4015 Tom.IL
1437 3976 1464 4025 S
1494 3990 1518 4026 2,
