2574 4214
292 211 381 264 138
855 200 1898 256 DOMITIANUs.

287 273 513 326 adaquaret.
554 271 622 313 Ob
641 270 681 312 id
700 269 918 313 Germanici
931 286 1074 314 nomen
1095 275 1135 314 in
1149 286 1313 314 nummo
1330 273 1491 328 praefert.
1536 274 1716 316 Colonus
1735 288 1853 331 agens
1873 276 2018 324 boves,
2045 274 2097 317 ad
2116 274 2289 319 dedus}ae
2306 278 2387 319 Co-

287 328 401 367 loniae
416 328 604 383 originem
620 327 775 381 spe&at.

343 404 428 446 Hic
442 419 612 446 nummus
616 404 796 457 sicundae
812 404 1088 461 magnitudinis
1096 414 1166 459 pro
1179 420 1264 446 raro
1279 416 1506 448 numeratur.

947 508 982 548 C
1008 507 1099 555 <AE
1128 507 1161 549 S
1182 508 1230 548 A
1254 507 1296 548 R
1323 508 1365 548 E
1390 510 1438 549 A
1489 509 1718 562 Palaestinae.

281 1056 297 1084 1
309 1055 346 1083 M
360 1056 392 1082 P.
424 1057 446 1083 c
459 1056 484 1082 A
497 1057 520 1082 E
533 1055 566 1081 s.
596 1055 657 1081 Do
671 1055 708 1081 M
721 1055 736 1082 1
748 1056 787 1082 r.
820 1057 847 1082 A
863 1055 888 1081 v
900 1056 939 1081 e.
970 1054 996 1080 e
1011 1054 1034 1081 E
1047 1054 1135 1081 RM.
1174 1040 1308 1094 Caput
1322 1039 1538 1081 Domitiani
1554 1040 1774 1081 laureatum.

338 1114 361 1139 c
373 1113 397 1138 o
411 1113 449 1138 L.
480 1112 501 1137 Ρ
514 1112 556 1137 R.
589 1111 613 1136 F
628 1112 665 1137 L.
699 1112 724 1137 A
741 1112 767 1137 v
782 1112 820 1137 G.
853 1112 875 1137 c
887 1111 914 1136 A
929 1110 952 1136 E
966 1110 984 1136 s
1000 1110 1026 1136 A
1040 1111 1081 1138 R.
1124 1095 1279 1137 Colonia
1299 1095 1441 1137 ‘Prima
1460 1095 1604 1138 Flavia
1620 1096 1793 1152 Augusta
1811 1096 1993 1150 Caesarea.
2031 1098 2164 1152 Caput
2189 1097 2380 1152 Serapidis

390 1167 478 1193 cum
494 1152 647 1193 calatho
664 1152 820 1208 insigne.

331 1231 398 1272 Ad
415 1231 627 1272 Caesaream
643 1231 846 1272 Palaestina:
862 1230 1028 1285 pertinet
1043 1244 1244 1279 nummus,
1273 1245 1391 1286 quam
1406 1226 1682 1286 Vespafianum
1692 1231 1899 1272 Coloniam
1912 1229 2113 1272 deduxifle
2126 1231 2166 1270 in
2178 1229 2275 1271 Tito
2286 1226 2383 1270 dixi-

276 1302 363 1329 mus
379 1314 392 1334 ,
421 1287 525 1327 unde
551 1287 603 1326 illi
631 1286 780 1327 Flaviae
804 1299 1035 1341 cognomen.
1082 1288 1159 1328 Sed
1182 1301 1250 1328 cur
1273 1287 1416 1327 Prima
1441 1287 1630 1328 vocitetur
1652 1287 1692 1326 P.
1712 1286 1936 1328 Harduinus
1956 1287 1994 1327 in
2016 1287 2134 1327 Notis
2152 1285 2202 1326 ad
2216 1285 2382 1326 Plinium

278 1344 338 1383 lib.
362 1356 395 1394 5.
418 1356 504 1397 pag.
525 1347 614 1395 567.
636 1342 753 1383 habet
772 1358 779 1382 ε
811 1342 950 1393 Prima
961 1351 1150 1390 vocatur,
1180 1341 1282 1398 quod
1292 1345 1426 1397 primae
1452 1342 1633 1398 Legionis
1658 1342 1799 1382 milites
1823 1342 1978 1382 Colonos
1997 1342 2160 1382 haberet.
2188 1340 2272 1382 'Sed
2292 1342 2383 1382 cum

275 1398 398 1454 Legio
418 1399 540 1452 prima
554 1399 593 1438 in
612 1398 820 1439 Germania
839 1396 1018 1438 inferiore
1041 1398 1090 1439 ab
1107 1398 1285 1453 Augusto
1302 1397 1506 1439 constituta
1519 1425 1531 1444 ‚
1557 1397 1597 1438 in
1614 1398 1761 1438 Italiam
1783 1397 1884 1438 bello
1901 1397 2002 1438 civili
2019 1397 2228 1439 Vitelliano
2248 1406 2383 1438 contra

275 1453 482 1494 Othonem
503 1453 661 1495 venisset
679 1482 690 1501 ,
720 1453 857 1494 eadem
881 1452 1025 1493 deinde
1050 1455 1071 1493 a
1087 1453 1323 1508 Vespasiano
1341 1452 1491 1493 devina
1504 1481 1516 1500 ‚
1545 1468 1615 1507 per
1637 1453 1827 1507 Illyricum
1852 1453 2015 1508 dispersa
2033 1452 2110 1500 est3
2137 1452 2382 1507 proindeque

266 1508 457 1559 ,credibile
474 1523 553 1549 non
571 1509 645 1555 est,
674 1509 892 1550 Veteranos
905 1508 1002 1549 illius
1020 1509 1041 1547 a
1060 1508 1296 1563 Vespafiano
1310 1510 1350 1548 in
1363 1509 1571 1558 Coloniam
1588 1507 1696 1549 fuisse
1715 1508 1903 1549 dedu&os
1918 1537 1930 1556 ,
1960 1508 2024 1549 sed
2044 1509 2174 1562 potius
2191 1509 2383 1549 Emeritos

273 1564 494 1620 Legionum
511 1578 598 1618 quae
615 1565 653 1604 in
672 1564 772 1604 bello
782 1563 951 1618 Judai'co
969 1577 1058 1604 cum
1074 1578 1123 1604 eo
1140 1565 1405 1605 militaverunt.
1440 1564 1564 1603 Prima
1577 1578 1670 1618 ergo
1687 1565 1857 1616 Caeſszrea
1876 1564 1976 1605 dieta
1995 1565 2166 1611 videtur3
2194 1563 2304 1618 quod
2320 1563 2383 1604 illa

275 1620 501 1674 metropolis
519 1620 582 1659 seu
599 1632 715 1673 caput
733 1619 936 1659 Palaestinae
955 1618 1020 1664 fit,
1047 1631 1091 1660 ut
1107 1620 1232 1659 innuit
1244 1619 1404 1660 Tacitus
1421 1618 1552 1659 histor.
1573 1619 1635 1661 lib.
1650 1633 1684 1659 2.
1715 1619 1842 1659 Haud
1856 1619 1971 1660 dubia
1987 1619 2232 1673 destinatione
2246 1618 2382 1672 difiefi

262 1674 349 1727 st’re
362 1703 373 1721 ,
403 1675 614 1714 Mucianus
627 1674 898 1720 Antiochiam,
929 1673 1176 1727 Vespasianus
1196 1674 1428 1726 Caesaream3
1455 1674 1526 1714 illa
1542 1675 1658 1717 Srriae
1667 1701 1680 1720 ,
1707 1675 1788 1714 haec
1802 1674 1952 1726 Judaeae
1968 1685 2080 1729 caput
2095 1675 2155 1728 ιβ.

331 1731 465 1785 Caput
491 1730 682 1784 Serapidis
706 1731 745 1770 in
770 1730 942 1784 plurimis
959 1729 1141 1769 Caesareae
1159 1729 1327 1769 nummis
1352 1729 1469 1783 ipfius
1492 1730 1530 1769 in
1550 1744 1596 1770 ea
1615 1731 1759 1770 cultum
1781 1731 1828 1770 ab
1844 1730 2040 1786 AEgyptiis
2058 1728 2303 1771 conterminis
2319 1743 2381 1769 ac-

275 1799 432 1841 ceptum
452 1784 576 1826 forsan
595 1786 778 1830 denotat·‚
808 1784 1031 1838 Serapidem
1049 1786 1143 1826 vero
1160 1785 1302 1840 Sinope
1322 1784 1593 1826 Alexandriam
1610 1785 1806 1826 Ptolemaei
1817 1786 1958 1827 Soteris
1973 1788 2062 1827 cura
2076 1785 2282 1827 advectum
2296 1798 2381 1825 nar-

272 1856 357 1883 rant
373 1841 533 1881 Tacitus
554 1845 593 1880 &
611 1841 847 1897 Plutarchus.
890 1841 953 1880 De
972 1839 1071 1881 illius
1092 1852 1221 1881 autern
1243 1841 1395 1882 calatho
1412 1841 1582 1895 loquitur
1601 1841 1826 1882 Macrobius
1840 1842 1988 1883 Saturn.
2007 1856 2091 1897 cap.
2106 1855 2169 1882 20.
2191 1841 2258 1882 ubi
2274 1841 2382 1881 Sera-

272 1899 341 1954 pin
359 1911 439 1937 non
456 1896 569 1936 alium
587 1895 661 1937 effe
680 1897 799 1950 quam
815 1896 942 1936 Solem
959 1894 1081 1937 tradit.
1120 1897 1240 1952 Cujus
1256 1924 1268 1943 ,
1297 1896 1426 1950 inquit
1442 1923 1455 1942 ‚
1483 1905 1621 1936 vertex
1644 1897 1843 1951 infignitus
1862 1897 2015 1938 calatho
2028 1924 2040 1942 ‚
2069 1895 2116 1941 &¹
2133 1896 2381 1937 altitudinem

257 1953 397 2006 fideris
416 1951 595 2004 monstrat
611 1980 623 1999 ,
653 1950 926 2007 &potentiam
942 1953 1174 2005 capacitatis
1190 1951 1376 2001 ostentat3
1403 1954 1493 2007 quia
1507 1952 1549 1991 in
1568 1965 1652 1991 eum
1672 1954 1797 1993 omnia
1816 1960 1966 1993 terrena
1984 1951 2140 1994 redeunt
2156 1979 2170 2000 ‚
2197 1951 2286 1993 dum
2304 1952 2380 2005 im<

271 2008 375 2062 miffo
392 2007 514 2048 calore
528 2009 771 2063 recipiuntur.

326 2087 411 2131 Hic
430 2101 603 2132 nummus
609 2086 774 2143 facundi
790 2084 840 2135 &¹
859 2086 1006 2131 minimi
1021 2084 1188 2132 moduli,
1216 2099 1284 2126 nec
1299 2098 1410 2126 rarus
1427 2099 1496 2125 nec
1514 2084 1653 2126 obvius
1667 2084 1728 2138 ιβ.

1043 2175 1612 2236 CORINTHUa

268 2728 284 2755 1
295 2726 331 2753 M
343 2726 378 2752 P.
411 2725 434 2752 c
447 2724 473 2750 A
486 2724 510 2749 E
524 2723 557 2749 s.
587 2723 614 2750 D
625 2722 650 2748 o
665 2722 701 2748 Μ
713 2722 728 2748 1
742 2721 781 2747 T.
814 2720 842 2747 A
857 2720 882 2748 v
896 2719 936 2746 G.
968 2719 994 2746 c
1008 2720 1032 2746 E
1044 2719 1085 2746 R.
1128 2704 1262 2759 Caput
1281 2702 1496 2745 Domitiani
1511 2701 1730 2743 laureatum.

321 2783 345 2808 c
357 2782 383 2807 o
397 2781 433 2807 L.
464 2779 481 2805 1
493 2779 520 2805 v
532 2781 568 2806 L.
600 2778 627 2804 A
641 2778 668 2804 v
681 2778 719 2804 G.
751 2778 774 2804 c
786 2777 812 2802 o
829 2777 870 2803 R.
910 2762 1065 2803 Colonia
1080 2759 1198 2813 Julia
1210 2760 1385 2815 Augusta
1400 2758 1619 2800 Corinthus.
1654 2755 1830 2813 Pegasus.

316 2844 462 2886 Nullos
487 2841 785 2883 Corinthiorum
816 2854 996 2881 nummos
1021 2838 1259 2894 Vespasiano
1284 2838 1346 2878 vel
1369 2837 1465 2878 Tito
1493 2835 1686 2891 percussos
1713 2833 1996 2876 observavimus
2019 2851 2032 2879 ς
2072 2846 2119 2872 an
2145 2832 2197 2873 illi
2212 2858 2225 2879 ‚
2261 2830 2373 2886 quod

198 2893 200 2896 ’
266 2901 423 2942 Achaiae
445 2898 657 2939 libertatem
675 2897 696 2936 a
711 2896 877 2936 Nerone
900 2895 1114 2936 concessam
1132 2894 1212 2947 ipse
1228 2893 1414 2933 sustulerit
1429 2919 1441 2937 ,
1470 2891 1679 2946 indignati,
1707 2890 1907 2949 Pausanias
1923 2890 1963 2928 in
1978 2886 2155 2927 Achaicis
2175 2901 2259 2946 pag.
2273 2900 2370 2939 429.

264 2959 482 2992 odewamowg
496 2954 528 2999 ᾧ
542 2954 585 2996 μζῖ
602 2955 720 2997 Νέρωνα
735 2949 895 2997 ἅςξωιπς,
923 2955 948 2986 ἐς
963 2949 1111 2996 ἐμφύλιον
1127 2948 1202 2985 §uia-w
1219 2947 1434 2992 ωοήχῇηστυι,
1458 2944 1507 2991 «9),
1523 2949 1612 2991 σφοῖς
1628 2947 1796 2982 chavren&
1812 2959 1840 2978 π
1857 2948 1943 2980 αὐθις
1960 2944 1972 2977 ὁ
1990 2941 2216 2998 Οὖεωοιι-ιοινδς
2230 2946 2296 2980 &vau
2313 2941 2370 2985 φέ-

263 3026 311 3051 ρων
326 3007 374 3053 ol
389 3006 486 3042 atatim
501 3004 659 3040 ὀκέλώσεν
674 3003 822 3050 ἠγμένος,
847 3003 1106 3049 ἓσπμεμοιθηκὲνοιι
1124 3000 1219 3042 φήσας
1235 2997 1292 3033 wlco*
1307 2998 1485 3039 {Adaffiffl‘ow
1500 2999 1530 3033 w*
1544 2997 1707 3036 Emhasaadv.
1744 2993 1854 3034 Nam
1870 2992 1954 3032 cum
1970 2991 2123 3045 Imperii
2131 2990 2370 3046 gubernacu-

263 3063 302 3102 la
314 3061 394 3115 post
411 3059 603 3100 Neronem
626 3055 870 3110 Vespafianus
889 3062 1033 3094 teneret
1050 3080 1062 3099 ‚
1089 3054 1124 3092 is
1142 3052 1292 3091 Graecos
1308 3049 1415 3105 quast
1421 3053 1552 3105 patrio
1576 3049 1699 3090 morbo
1711 3048 1902 3100 stditione
1920 3046 2132 3087 laborantes
2144 3073 2156 3093 ‚
2184 3047 2370 3094 coercuit,

265 3116 313 3161 ἔγ
326 3130 448 3156 annuo
464 3112 650 3169 veotigali
669 3109 831 3165 imposito
844 3137 856 3157 ‚
884 3110 1070 3150 Romanis
1090 3105 1386 3162 Magistratibus
1391 3116 1528 3158 parere
1531 3105 1644 3160 juffit
1656 3131 1668 3151 ,
1697 3103 1800 3160 quod
1809 3104 1949 3143 diceret
1961 3130 1986 3163 ,Ι
1999 3101 2176 3163 libertate
2189 3103 2250 3142 uti
2263 3101 2369 3143 Grae-

265 3187 327 3211 cos
338 3172 429 3226 jam
453 3169 631 3222 didiciffie.
671 3168 844 3222 Magnus
868 3166 959 3205 vero
983 3175 1232 3204 nummorum
1259 3174 1442 3201 numerus
1466 3161 1695 3201 Domitiano
1720 3158 1937 3214 percussus,
1964 3157 2143 3198 libertatis
2166 3157 2368 3204 restitutae,

265 3239 332 3267 aut
355 3226 548 3282 veffigalis
575 3223 801 3265 remissionis
822 3221 972 3263 videtur
986 3219 1127 3262 index.
1173 3218 1236 3258 De
1259 3215 1405 3272 Pegaso
1429 3217 1468 3257 in
1488 3216 1650 3277 Augusti
1669 3215 1836 3278 nummis
1850 3214 2001 3276 'dietum
2019 3213 2096 3260 est3
2123 3212 2184 3253 ille
2203 3213 2252 3253 ad
2272 3212 2367 3253 anti-

264 3282 453 3342 quitatem
474 3283 577 3322 urbis
595 3278 844 3321 indicandam
861 3277 1025 3332 fignatus
1038 3302 1052 3323 ,
1081 3286 1221 3328 utpote
1238 3272 1288 3314 ad
1306 3271 1617 3327 Bellerophonus
1638 3270 1705 3313 filu
1721 3270 1858 3312 Glauci
1880 3269 2046 3325 Ephyrae
2070 3267 2269 3324 quondam
2285 3267 2367 3308 Re-

263 3350 321 3395 gis
339 3348 512 3391 tempora
529 3337 712 3392 spestans.

320 3415 404 3457 Hic
423 3429 592 3457 nummus
611 3414 922 3470 minimaefotmae
940 3409 1079 3452 obvias
1095 3408 1154 3464 ιβ.

267 3943 330 3971 1M
343 3942 376 3968 Ρ.
407 3939 552 3967 emas,
582 3935 772 3966 υοΜιτ.
801 3935 921 3962 Ave.
952 3932 1070 3960 GER.
1112 3917 1246 3972 Caput
1261 3914 1478 3957 Domitiani
1496 3911 1720 3954 laureatum.

316 3999 340 4026 c
351 3997 376 4025 o
389 3997 429 4023 L.
457 3995 475 4022 1
487 3995 513 4022 v
525 3996 564 4022 L.
595 3994 625 4020 A
638 3993 664 4020 v
677 3991 718 4020 G.
751 3991 773 4019 c
785 3991 811 4016 0
823 3991 867 4018 R.
905 3975 1058 4017 Colonia
1071 3971 1191 4026 Julia
1207 3971 1382 4026 Augusta
1393 3965 1611 4012 Corinthus.
1649 3965 1857 4009 Chimaera:
2181 3999 2335 4059 Chimae
