2491 4219
831 97 1559 155 VALERIANUs.
2143 108 2231 157 235

199 173 415 218 Mercurius
431 176 469 216 in
488 176 564 216 hoc
575 176 785 231 Tyriorum
801 186 984 218 nummo,
1011 172 1066 211 sui
1082 170 1224 211 cultum
1242 172 1280 210 iri
1297 183 1429 210 eorum
1448 168 1541 208 urbe
1557 164 1717 211 indicat,
1746 164 1877 204 dextr-„⁸1
1895 163 2094 210 baculum,
2120 177 2240 217 quem

141 232 290 273 radium
310 233 500 285 appellant
516 247 598 285 quo
618 231 754 286 globus
774 229 964 282 tangitur,
992 227 1081 280 quia
1101 227 1313 266 Mercurius
1331 223 1614 264 Astronomiam
1632 221 1776 274 primus
1792 218 1974 259 invenisse
1992 218 2128 258 dicitur
2146 239 2158 264 ς
2186 219 2236 258 de

141 287 207 327 illo
226 286 420 326 Diodorus
439 287 500 326 lib.
520 301 551 326 1.
570 301 606 339 p.
627 301 686 325 10.
716 289 797 328 ne&
810 302 838 321 π
854 288 880 322 ‘23
896 291 921 320 ²1²
937 286 1028 328 οἴςρων
1043 288 1168 327 τάξεως,
1190 284 1237 328 '1325
1256 284 1319 319 fa&
1335 284 1362 318 ἰς
1379 287 1404 316 ‘³1²
1420 283 1545 327 φθὸγῗων
1561 283 1702 327 οἱξμονίας
1717 283 1741 329 {7
1759 280 1875 323 φάο-[ως
1889 282 1974 312 vsi-rev
1989 281 2100 312 πξῶτον
2113 276 2233 322 Ὶᾏῖεοθωῃ

141 344 365 391 παΰιτηρητίιύ.
406 342 668 390 Distribntam
696 341 871 391 astrorum
893 340 1022 388 [briem
1039 365 1051 384 ,
1087 350 1291 392 vocumque
1314 335 1530 374 harmonias
1555 333 1602 376 ὅ)
1623 341 1785 371 naturas·
1802 333 1979 385 princeps
2001 328 2236 379 observavit.

140 398 220 437 Ibis
239 397 437 437 Mercurio
460 396 584 435 dicata
609 396 688 434 avis
712 409 783 448 pro
808 408 892 447 ejus
916 395 1080 448 pedibus
1099 393 1305 446 apponitur
1321 417 1332 436 ‚
1362 390 1471 443 quod
1488 390 1550 430 ille
1569 390 1607 428 in
1623 387 1722 426 Ibirn
1742 385 1780 426 se
1798 385 2000 425 mutaverit
2017 411 2028 429 ,
2058 396 2100 424 ut
2114 395 2238 423 narrat

141 452 323 506 Hyginus
342 452 492 491 Astron.
509 451 570 490 lib.
592 464 626 489 2.
658 451 867 503 QsEngtii
880 460 1006 489 autem
1015 448 1232 499 sacerdotes
1245 474 1256 492 ,
1286 444 1333 488 ὠ
1354 444 1523 484 nonnulli
1535 445 1657 497 pok'ta’
1675 442 1828 487 dicunt,
1856 441 1940 479 ciim
1949 439 2079 492 plures
2098 438 2181 477 ‘Dii
2197 440 2240 477 in

142 508 388 561 QAEgrpttim
409 505 661 557 conveniffint
674 532 686 551 ,
713 514 860 558 repente
879 503 1019 556 veniffi'
1039 502 1161 542 eodem
1182 501 1360 556 Dphona
1381 501 1602 539 acerrimum
1619 500 1782 550 giganta
1800 522 1811 542 ‚
1839 493 1886 538 &J
1908 492 2073 534 maxim&
2090 492 2241 532 deorum

140 565 334 602 inimicum
353 576 364 599 .·
400 575 470 615 qao
495 562 627 600 timore
647 570 855 613 permotos,
891 562 932 599 in
954 559 1071 598 aliam
1082 556 1252 611 figuram
1274 555 1313 605 fi>
1337 553 1570 607 convertiffe.
1611 553 1846 591 Mercurium
1859 550 2016 603 fabium
2039 547 2108 600 effe
2129 547 2240 587 Ibim.

141 618 358 657 Mercurius
376 629 504 656 autem
520 615 722 656 Tliaautus
740 615 803 654 seu
819 615 997 654 Thautus
1016 624 1173 653 vocatur
1189 612 1211 650 a
1228 610 1475 650 Phoenicibus
1487 637 1497 654 ‚
1527 622 1569 650 ut
1588 609 1628 647 in
1645 607 1830 647 Lastantu
1847 605 2096 645 annotatione
2112 603 2240 643 osten-

141 672 200 712 dit
219 673 288 711 Lil.
315 671 506 710 Giraldus.
545 671 761 710 Mercurius
779 669 991 709 caduceum
1009 682 1081 721 pro
1101 667 1277 719 symbolo
1297 665 1405 720 gerit.
1441 664 1571 704 Palma
1593 661 1641 702 ad
1668 662 1782 714 hujus
1805 660 1948 701 arboris
1967 658 2239 699 abundantiam

134 728 238 783 *circa
258 728 389 766 urbem
407 726 647 766 indicandam
666 724 837 779 apposita
854 726 907 765 est
919 751 932 770 ,
961 723 1025 778 seu
1047 735 1090 762 ut
1105 721 1168 761 alii
1182 720 1319 760 volunt
1331 747 1344 765 ,
1371 719 1420 759 ad
1437 719 1603 760 nominis
1624 722 1722 766 φοῖνιξ
1742 715 2017 771 etymologiam
2033 712 2240 757 Phoenicia

141 782 180 822 &
196 782 335 822 Palma:
351 795 609 822 communem.
646 780 907 833 Conchylium
925 777 1078 818 solenne
1094 776 1192 831 Tyri
1207 775 1353 830 insigne
1367 775 1432 816 est.

133 897 138 901 .
194 859 278 900 Hic
293 873 463 901 nummus
479 860 674 899 mediocris
680 857 820 912 forma
833 885 845 904 ,
872 858 913 897 in
930 855 1050 908 nuiseo
1069 855 1121 895 R.
1135 855 1191 896 P.
1204 853 1249 895 de
1265 853 1305 894 la
1317 852 1457 904 Chaise
1470 853 1570 909 Regi
1584 851 1608 893 a*
1621 849 1912 905 Confeffionibus
1922 875 1934 896 ,
1948 859 2126 904 perrarus
2143 846 2206 901 cst.

139 1493 156 1527 1
168 1498 202 1525 M
215 1499 246 1525 P.
279 1500 314 1525 c.
348 1498 382 1524 P.
414 1494 438 1524 L
452 1498 465 1523 1
480 1499 513 1524 c.
548 1498 572 1522 v
585 1499 610 1525 A
625 1500 650 1524 L
663 1499 687 1523 E
700 1497 730 1525 R
743 1497 759 1523 1
773 1498 797 1525 A
813 1498 844 1524 N
856 1498 881 1524 v
893 1498 910 1524 s
945 1498 978 1523 P.
1011 1496 1047 1525 1².
1079 1499 1106 1524 A
1119 1499 1146 1525 v
1160 1498 1201 1525 G.
1239 1485 1373 1538 Caput
1386 1482 1580 1523 Valeriani
1594 1475 1792 1522 radiatum.

193 1557 216 1582 c
228 1555 254 1580 ο
268 1555 303 1580 L.
336 1555 359 1579 T
374 1554 397 1579 Y
414 1554 443 1579 iz
456 1555 493 1579 ο.
525 1553 561 1578 Μ
575 1555 597 1578 ιε
611 1554 634 1578 r
649 1554 692 1579 a.
722 1540 877 1581 Colonia
895 1539 1011 1585 Tyros
1028 1540 1260 1593 Metropolis.
1301 1539 1444 1580 Mulier
1460 1538 1619 1585 tutulata
1640 1538 1737 1578 stans
1749 1564 1761 1583 ,
1788 1535 1961 1576 dextram
1981 1533 2148 1587 imponit
2166 1540 2242 1575 ‘tro-=

245 1597 362 1650 pliaeo
374 1622 385 1640 ,
413 1595 505 1634 laeva
520 1595 749 1648 scipionem,
778 1609 850 1648 pro
868 1595 1032 1648 pedibus
1050 1595 1141 1636 hinc
1155 1596 1302 1637 Silenus
1314 1623 1326 1642 ,
1352 1594 1445 1635 inde
1463 1593 1745 1648 Conchylium:
1777 1591 1950 1633 Viuoria
1966 1590 2153 1630 columnae
2171 1590 2242 1630 im·

245 1650 369 1705 posita
386 1650 525 1690 Astarti
543 1664 727 1690 coronam
748 1651 918 1706 porrigit.

188 1729 303 1769 Occo
329 1743 416 1789 pag.
439 1733 528 1778 462.
559 1740 760 1767 nummum
788 1727 959 1782 vulgavit
982 1728 1158 1770 mutilum
1194 1743 1307 1768 cot„
1339 1742 1459 1768 TRO.
1492 1742 1515 1768 c
1528 1757 1621 1768 .....
1657 1737 1776 1781 quem
1809 1723 1859 1766 ad
1884 1722 2084 1764 Troadem
2113 1723 2241 1764 retulit

135 1786 250 1826 Com.
271 1782 550 1843 Mediobarbus
568 1797 653 1843 pag.
668 1786 759 1836 368.
781 1782 845 1824 sed
862 1783 913 1824 ad
925 1783 1076 1838 Tyrum
1090 1784 1233 1839 spestat
1244 1813 1256 1831 ‚
1284 1798 1356 1823 nec
1374 1783 1493 1838 figura
1510 1783 1679 1822 militaris
1695 1782 1750 1822 est
1763 1809 1774 1828 ,
1803 1792 1848 1821 ut
1866 1779 1927 1821 ille
1943 1791 2074 1833 putat,
2104 1792 2174 1818 nec
2186 1778 2242 1819 est

133 1840 370 1902 Imperator,
398 1852 441 1878 ut
459 1839 521 1877 hic
537 1838 722 1899 existimat
733 1866 745 1884 ,
772 1838 838 1878 sed
854 1839 996 1880 Mulier
1013 1840 1069 1880 est
1087 1839 1244 1881 tutulata
1255 1867 1266 1886 ‚
1296 1840 1446 1880 Astarte
1464 1839 1528 1879 seu
1542 1838 1676 1878 Venus
1693 1837 1815 1882 dieta,
1842 1837 1893 1876 de
1910 1849 1987 1889 qua
2003 1833 2090 1874 fuse
2106 1833 2238 1888 paffim

131 1896 299 1935 diximus
319 1909 327 1933 :
354 1894 454 1946 illam
477 1894 613 1954 Adoni
626 1894 791 1948 nupsisse
814 1894 970 1934 tradunt
986 1922 998 1941 ,
1028 1909 1144 1949 quam
1165 1895 1366 1936 Architida
1384 1907 1499 1936 vocat
1520 1893 1744 1934 Macrobius
1764 1892 1823 1931 lib.
1846 1905 1877 1931 1.
1897 1892 2044 1932 Saturn.
2066 1903 2148 1945 cap.
2170 1903 2236 1930 21.

132 1951 259 2013 FApud
266 1963 380 2004 quos,
402 1949 547 2011 inquit,
573 1949 730 1989 Veneris
747 1949 968 2004 Architidis
984 1948 1192 1993 &Adonis
1207 1953 1379 1990 maxima
1394 1950 1483 1989 o'lim
1501 1950 1697 1989 veneratio
1713 1949 1863 2002 viguit,
1884 1960 1996 2002 quam
2011 1959 2111 1986 nanc
2123 1945 2228 1985 Phoe

128 2011 235 2046 mcci
250 2014 389 2045 tenent.
428 2004 533 2046 Vide
548 2015 635 2058 quae
652 2000 701 2045 d'e
716 2004 778 2045 illa
795 2005 1154 2047 retulitBo‘chartus
1170 2006 1230 2046 lib.
1248 2019 1281 2045 2.
1295 2014 1382 2060 cap.
1402 2010 1459 2045 16.
1490 2004 1685 2046 Venerem
1703 2003 1939 2043 seminudam
1957 2001 2161 2046 exhibent,
2189 1998 2242 2040 ad

132 2059 332 2121 formosas
344 2061 517 2121 corporis
538 2062 621 2112 ejus
641 2072 768 2114 partes
785 2060 1079 2115 patefaciendas.
1119 2061 1382 2116 Geographus
1398 2073 1528 2101 autem
1547 2062 1777 2112 Anonymus
1801 2057 1871 2096 sub·
1888 2055 2122 2096 Constantio
2139 2055 2242 2096 illam

130 2115 250 2171 refert
269 2115 500 2163 Mulieribus
518 2118 693 2170 gratiam
705 2115 958 2168 formosttatis
983 2116 1082 2157 dare.
1123 2117 1307 2156 Tutulat'a
1323 2117 1378 2156 est
1398 2130 1441 2155 ur
1458 2115 1609 2154 Genius
1629 2114 1730 2152 urbis
1747 2137 1760 2156 ,
1786 2110 1855 2150 sub
1875 2111 1983 2164 cujus
2004 2110 2099 2150 Deae
2122 2111 2239 2151 tutela

132 2171 263 2226 Tyrus
280 2184 371 2211 erat.
408 2170 581 2210 Vistoria
597 2183 780 2209 coronam
798 2171 833 2208 ei
850 2171 1011 2223 porrigit
1022 2196 1035 2214 ,
1063 2171 1102 2208 in
1121 2171 1345 2209 memoriam
1361 2169 1606 2207 vietoriarum
1624 2180 1721 2219 quas
1737 2179 1783 2205 ea
1799 2166 1952 2218 auspice
1968 2165 2129 2205 retulere
2145 2166 2241 2208 olim

131 2226 338 2267 Phoenices
357 2253 368 2270 ,
399 2236 442 2264 ut
461 2224 595 2276 saepius
624 2224 801 2263 diximus.
846 2224 994 2263 Silenus
1022 2222 1078 2262 sui
1104 2224 1220 2263 etiam
1247 2224 1394 2262 cultum
1420 2224 1458 2260 in
1485 2221 1581 2260 urbe
1608 2221 1792 2264 denotat,
1821 2230 1864 2258 ut
1891 2218 1996 2258 illum
2020 2220 2042 2259 a
2065 2220 2240 2273 plurimis

130 2282 340 2322 Phoeniciae
359 2281 514 2320 urbibus
532 2279 677 2318 summa
695 2277 942 2318 veneratione
959 2277 1033 2318 coli
1048 2290 1095 2316 ex
1111 2278 1278 2316 nummis
1295 2274 1586 2316 observavimus.
1620 2273 1881 2328 Conchylium
1897 2285 2128 2328 perpetuum
2140 2275 2242 2330 Tyri

128 2337 358 2381 svmbolum.

130 2423 137 2475 j
186 2414 269 2454 Hic
288 2419 458 2453 nummus
472 2400 605 2466 primae
626 2411 909 2466 magnitudinis·
920 2424 1029 2450 rarus
1048 2409 1117 2458 esi:
1147 2409 1248 2448 hunc
1261 2408 1324 2461 Jo.
1339 2407 1450 2448 Ῥεῖν.
1465 2406 1652 2447 Bellorius
1667 2406 1885 2456 infecunda
1896 2407 2088 2461 Angeloni
2103 2408 2237 2448 editio·-

130 2479 177 2510 ηε
193 2470 376 2531 vulgavit
388 2471 478 2530 pag.
495 2472 583 2508 260.
593 2467 671 2519 si’d
670 2466 838 2521 figuram
844 2465 975 2528 solitae
986 2466 1162 2519 Astartes
1175 2463 1421 2505 Valerianum
1436 2462 1506 2515 effi,⁹
1522 2462 1779 2514 existimavit,
1807 2458 1855 2505 ὄν
1865 2472 1934 2516 pro
1947 2462 2072 2504 Sileno
2087 2462 2141 2504 ad
2153 2463 2236 2520 ‘ejus

121 2526 239 2582 pedes
255 2525 475 2579 Cupidinem
482 2523 725 2578 genuflexum
735 2521 948 2574 substituit.

184 3121 210 3147 c
222 3120 248 3145 0
262 3119 299 3146 L.
331 3116 356 3145 τ
370 3119 394 3144 Y
410 3118 493 3165 Ro.
523 3116 558 3144 M
571 3118 594 3143 E
608 3117 632 3143 1·
646 3117 690 3144 R.
719 3103 875 3167 Colania
894 3103 1011 3159 Tyros
1030 3105 1263 3167 Metropolis.
1292 3105 1438 3147 Mulier
1453 3107 1584 3149 stolata
1600 3099 1699 3149 stans
1717 3118 1806 3150 ante
1823 3120 1976 3164 portam
1992 3110 2096 3152 urbis
2116 3111 2228 3169 supra

240 3174 359 3222 quam
383 3158 515 3200 artifex
539 3173 624 3220 eam
647 3161 848 3221 construit,
877 3175 948 3222 pro
970 3160 1136 3214 pedibus
1160 3161 1355 3215 operarius
1377 3173 1513 3203 terram
1541 3164 1671 3219 ligone
1691 3165 1834 3219 aperit,
1862 3180 1967 3219 pone
1981 3180 2101 3222 quem
2118 3169 2229 3213 Con.

240 3216 408 3270 chylium
418 3241 431 3261 ,
460 3215 605 3255 Mulier
620 3214 826 3269 scipionem
841 3228 958 3270 gerit,
987 3215 1080 3256 laeva
1098 3215 1307 3272 sceptrum,
1334 3232 1439 3272 pone
1454 3232 1560 3266 eam,
1587 3220 1627 3259 in
1643 3219 1725 3260 imo
1740 3221 1868 3274 palma
1883 3221 2004 3262 arbor.
2227 3220 2229 3222 ’

162 3294 305 3359 ’Hunc
325 3305 526 3354 nummum
546 3293 568 3332 a
586 3293 714 3354 Tyriis
729 3295 768 3334 in
791 3293 984 3355 Valeriani
1003 3294 1192 3336 honorem
1211 3295 1426 3350 percussum
1443 3297 1612 3353 vulgavit
1634 3297 1852 3349 Tristanus,
1881 3300 1993 3353 cujus
2017 3312 2151 3357 typum
2175 3306 2228 3347 ad

127 3348 323 3391 historiam
343 3350 529 3411 Stratonis
545 3348 753 3402 Tyriorum
770 3349 891 3403 Regis
910 3350 931 3388 a
951 3350 1063 3403 plebe
1081 3352 1195 3392 creati
1210 3364 1366 3392 revocat
1381 3371 1393 3398 3
1420 3352 1526 3393 illum
1543 3354 1726 3408 sequutus
1742 3346 1992 3403 est”Pat1·nus‚
2019 3359 2152 3413 aitque
2210 3377 2226 3402 ι

129 3419 202 3445 non
222 3405 349 3459 placet
372 3404 756 3465 aemgmatissolutio,
773 3404 936 3465 feliiiics
947 3405 1085 3456 solvat
1107 3406 1299 3462 quispiam.
1343 3406 1420 3448 Sed
1443 3408 1662 3449 Tristanum
1685 3408 1818 3451 fefellit
1842 3410 2104 3465 Conchylium
2128 3389 2227 3470 T'yri

129 3461 366 3523 symbolum,
393 3472 501 3510 quus
519 3459 674 3520 aculeos
689 3473 761 3520 pro
779 3459 892 3499 radiis
907 3473 1024 3519 caput
1040 3460 1252 3502 humanum
1273 3462 1597 3505 circumdantibus
1612 3466 1768 3519 accepit.
1790 3465 1879 3520 Jam
1901 3466 2028 3509 similis
2050 3481 2164 3525 typus
2181 3472 2223 3512 in

128 3516 336 3576 Elagabalo
354 3518 392 3554 &
409 3513 576 3575 Otacilia
591 3514 754 3575 produt,
782 3523 900 3569 quem
916 3514 1064 3556 Didoni
1082 3518 1302 3564 tribuimus,
1329 3530 1372 3559 ut
1391 3519 1557 3561 declarat
1579 3521 1662 3573 ejus
1686 3532 1829 3560 nomen
1855 3524 1914 3563 Δε
1928 3534 2013 3562 mn
2026 3537 2055 3564 N
2080 3527 2120 3565 in
2143 3527 2223 3569 ima

129 3584 279 3611 numrm
307 3570 500 3630 Elagabali
524 3581 633 3630 parte
655 3568 848 3630 striptum.
887 3570 997 3631 Tyrii
1028 3571 1244 3614 Heroinam
1268 3573 1392 3619 suam,
1420 3574 1665 3630 Carthaginis
1679 3587 1746 3616 aut
1761 3577 1843 3629 ejus
1859 3579 1955 3620 arcis
1971 3581 2114 3620 moenia
2131 3596 2224 3623 con-

129 3626 307 3677 dentem,
334 3625 383 3665 ad
403 3636 668 3687 antiquitatem
685 3626 788 3664 urbis
805 3625 878 3666 suae
891 3626 1133 3685 indicandam
1150 3627 1471 3682 repraesentarunt.
1514 3630 1714 3671 Tristanus
1739 3635 1984 3688 cornucopiae
2007 3637 2120 3676 etiam
2148 3652 2221 3691 pro

131 3681 258 3735 palma
272 3675 406 3741 ajrbore
421 3679 580 3735 protulit
586 3707 599 3726 ,
626 3683 744 3734 quam
759 3679 869 3733 Tyrii
885 3681 933 3720 ad
952 3695 1082 3732 earum
1099 3681 1369 3724 abundantiam
1384 3684 1424 3724 in
1444 3699 1538 3740 agro
1553 3685 1622 3727 suo
1638 3685 1919 3736 denotandam,
1946 3688 2164 3743 frequenter
2177 3693 2221 3736 in

131 3745 299 3797 nummis
316 3747 517 3789 apponunt
539 3755 552 3782 ³
580 3744 622 3778 ut
640 3738 679 3775 &
700 3735 983 3789 Conchylium,
1011 3737 1064 3778 ob
1081 3737 1188 3778 usum
1205 3753 1382 3793 purpurae
1400 3740 1612 3782 inventum.

141 3854 150 3879 .·
188 3814 272 3853 Hi'c
288 3813 641 3875 nammus-fe’fundte.
655 3813 949 3868 magnitudinis,
975 3814 1000 3854 ὰ
1020 3814 1190 3868 Tristano
1207 3826 1294 3859 tom.
1319 3831 1353 3871 3.
1365 3828 1454 3873 pag,
1475 3821 1507 3859 8.
1525 3817 1574 3863 ἐν
1591 3819 1616 3860 ἁ
1632 3818 1781 3862 Patina
1793 3831 1883 3877 pag.
1900 3825 1994 3874 406.
2012 3821 2196 3879 vussatiu·
2205 3830 2222 3874 ,'

132 3879 234 3910 mter
253 3882 411 3908 rariores
426 3868 678 3920 ascribendus,
2165 3913 2168 3916 ,

187 3925 288 3968 Tam.
316 3922 380 3964 II.
889 3903 891 3906 Δ
1459 3927 1536 3984 Gg
1568 3944 1588 3973 2

2185 3362 2233 3413 ἣ
