2574 4214
301 216 395 258 194
859 196 1833 250 M-AURELI-US.

297 269 475 309 austeres
492 266 595 308 nulla
613 265 658 308 sit
674 265 821 307 mentio
839 293 851 313 ‚
884 264 1103 321 Apollinem
1120 269 1197 310 ess'e
1213 268 1446 309 arbitramur.
1478 265 1623 322 Apollo
1639 278 1770 308 autem
1785 262 1950 317 Trojam
1969 277 2083 306 muro
2098 276 2188 306 cum
2206 263 2403 321 Neptuno

297 322 454 364 cinxisse
471 323 610 364 dicitur
627 342 640 370 3
668 321 773 362 unde
792 322 973 378 Virgilius
991 322 1169 380 Georgic.
1190 324 1252 364 lib.
1275 337 1311 377 3.

1144 379 1203 419 Et
1221 377 1345 433 Trojae
1361 376 1552 430 Cynthius
1564 377 1709 418 auc‘Jor.
1859 408 1861 410 .
2132 393 2137 394 ⁷

300 433 484 490 Hyginus
504 433 578 473 fab.
603 445 617 471 1
630 444 691 484 13.
708 431 823 473 tradit
842 432 1063 487 Apollinem
1084 434 1122 473 in
1143 432 1346 473 obsidione
1362 433 1463 473 urbis
1477 433 1660 488 Trojanis
1679 433 1932 486 opitulatum,
1961 433 2000 472 δε
2021 430 2208 473 Achillem
2226 431 2295 473 sub
2316 432 2405 474 Ale-

300 491 436 529 xandri
458 487 577 542 figura
593 486 778 528 occidisse.
816 487 936 543 Apud
955 488 1196 541 Stephanum
1217 504 1225 528 2
1254 490 1350 527 Ιλιόθς
1364 494 1379 526 o‘
1395 491 1516 526 Amimuv
1532 495 1564 527 ἐν
1580 495 1684 540 Τροίᾳ.
1714 489 1835 529 Ilieus
1854 488 1990 544 Apollo
2007 490 2048 529 in
2066 489 2192 544 Yrqja.
2224 488 2405 530 Call-lma-

299 545 396 586 chus
413 544 542 598 hymn.
561 544 602 582 in
618 543 864 597 Apollinem,
891 558 1020 583 arcum
1042 547 1081 583 ὃς
1095 543 1314 598 pharetram
1332 544 1368 584 ei
1388 543 1519 584 tribuit
1535 559 1543 584 :

852 597 967 646 Χςύποι
981 603 1024 644 τῷ
1038 597 1157 633 maiman
1170 624 1180 639 ,
1204 599 1259 633 ‘nir'
1277 598 1390 638 ὀνὸητῦν
1406 598 1423 639 ἦ
1437 613 1464 633 π
1481 599 1650 647 ὃῖηπξπὶς,

853 655 878 681 Η
895 661 923 681 τε
938 647 1024 693 λύρη,
1049 645 1079 680 'ni
1091 649 1116 682 τ’
1133 647 1246 694 οἷεμμοο
1259 646 1288 681 ’ῐό
1305 647 1441 687 Λόκπον,
1465 646 1482 687 ἦ
1497 661 1525 682 τε
1541 651 1688 694 ῴαρὲτζη.

845 697 977 736 Aurea
983 694 1083 746 sunt
1100 696 1275 752 Apollini
1295 695 1622 740 &indumentum
1637 693 1813 749 &fibula
1823 722 1837 744 ‚

844 751 905 791 Et
921 750 1000 794 lyra
1011 778 1023 797 ,
1052 749 1101 794 <ly
1118 766 1230 792 arcus
1250 752 1432 804 Lyilirts,
1461 751 1508 795 &
1519 752 1714 806 pharetra.
2299 800 2302 802 q

352 806 433 846 Ara
461 805 578 860 ignita
603 817 692 847 ante
718 805 908 859 Apollinis
932 805 1192 859 simulacrum,
1221 806 1399 847 sacrificia
1424 805 1494 861 ipfi
1517 819 1588 861 pro
1613 807 1671 846 M.
1698 807 1858 848 Aurelio
1874 815 2089 861 perpetrata
2105 805 2261 848 indicat.
2288 804 2405 848 Lauri

299 875 426 903 ramus
453 861 619 917 signatus
641 862 717 907 est,
746 873 790 902 ut
822 861 993 915 Apollini
1016 862 1136 909 sacer,
1164 861 1225 902 vel
1251 863 1304 902 ob
1329 862 1412 914 ejus
1439 875 1527 917 erga
1546 862 1757 917 Daphnem
1774 863 1813 902 in
1830 862 1978 902 laurum
1995 861 2216 902 conversam
2234 876 2405 910 amores,

298 918 358 956 vel
379 918 432 957 ob
452 917 647 964 vaticinia,
676 918 764 956 cum
782 916 908 957 laurus
925 916 974 956 ad
993 917 1260 971 aspirationem
1277 920 1316 956 ὅ(
1332 916 1528 965 afflatum,
1557 920 1595 957 ὃς
1616 928 1659 959 ut
1678 918 1807 958 Graeci
1823 917 1977 965 dicunt,
2004 916 2289 959 enthufiasmon
2314 931 2407 959 con-

298 972 396 1014 ferat
403 1001 415 1021 ,
445 972 777 1028 quemadmodum
793 971 1005 1028 Sophocles
1022 973 1063 1013 in
1080 971 1291 1014 Caffimdra
1307 971 1433 1013 docet.

351 1051 523 1107 'Uterque
537 1064 710 1092 nummus
713 1051 894 1104 secundae
895 1050 1037 1106 formae
1045 1077 1059 1099 ‚
1085 1050 1109 1092 ὰ
1127 1051 1277 1105 Patina
1285 1061 1330 1106 p.
1348 1065 1368 1092 2
1377 1064 1396 1106 3
1408 1063 1441 1104 5.
1466 1051 1651 1108 vulgatus
1660 1077 1674 1100 ,
1699 1066 1767 1094 nec
1781 1064 1893 1093 rarus
1910 1064 1977 1093 nec
1993 1050 2131 1092 obvim
2150 1049 2211 1103 est.

301 1597 318 1630 1
328 1596 364 1623 M
377 1594 409 1621 Ρ.
441 1595 489 1622 M.
521 1595 550 1621 A
562 1595 604 1621 v.
637 1595 664 1621 A
677 1593 708 1620 N
722 1592 746 1620 ‘r
757 1595 783 1621 o
793 1594 823 1620 N
835 1595 850 1620 1
861 1593 890 1620 N
903 1595 929 1622 v
942 1594 976 1621 s.
1014 1582 1148 1637 Caput
1162 1582 1223 1623 M.
1242 1582 1387 1623 Aurelii
1402 1580 1628 1624 laureatum.

355 1655 378 1680 c
390 1653 417 1678 o
431 1653 465 1678 L.
502 1651 527 1676 A
543 1651 567 1676 v
582 1651 619 1677 G.
651 1651 675 1676 ‘r
691 1651 721 1676 R
733 1651 759 1676 o
769 1650 808 1676 A.
838 1637 993 1676 Colonia
1011 1638 1183 1694 Augusta
1202 1635 1433 1689 Troadenszs.
1474 1638 1615 1694 Figura
1630 1637 1754 1679 senilis
1769 1636 1874 1678 nuda
1891 1637 1992 1679 stans
2004 1664 2017 1685 ,
2044 1637 2178 1679 dextra
2193 1637 2311 1687 elata,
2337 1635 2412 1680 hu-

410 1707 519 1736 mero
536 1693 633 1732 laevo
650 1705 774 1733 utrem
795 1691 996 1732 hircinum.

352 1773 536 1827 Figuram
563 1771 716 1810 senilem
742 1784 830 1811 cum
856 1782 940 1812 utre
964 1771 1112 1812 hircino
1134 1772 1174 1812 in
1195 1770 1480 1813 Troadenfium
1497 1786 1661 1813 nummo
1677 1772 1844 1819 Panem,
1873 1773 2060 1814 existimat
2080 1772 2135 1812 Ill.
2154 1772 2412 1827 Spanhemius

298 1829 337 1870 in
356 1829 492 1881 julian.
511 1826 607 1867 Caes
626 1827 771 1866 observ.
791 1840 876 1880 pag.
899 1832 987 1879 361.
1008 1827 1072 1868 sed
1089 1828 1169 1868 Pan
1187 1828 1225 1868 in
1242 1830 1410 1868 nummis
1429 1828 1590 1870 fistulam
1610 1830 1730 1884 gerit,
1757 1832 1796 1868 &
1817 1828 1950 1883 saepius
1967 1842 2056 1869 cum
2072 1828 2225 1870 hircinis
2245 1828 2420 1883 pedibus·

298 1884 519 1935 effingitur:
548 1881 610 1921 hic
635 1884 728 1921 vero
747 1894 872 1921 utrem
898 1882 1088 1923 hircinum
1117 1884 1235 1939 gerit,
1264 1883 1356 1924 ideo
1379 1884 1550 1925 Silenum
1568 1885 1643 1925 effe
1660 1884 1902 1938 suspicamur.
1930 1886 2106 1937 Satyrum
2124 1884 2199 1924 esse
2218 1885 2413 1926 existimat

298 1939 525 2034 HolsteInius
542 1937 585 1977 N
588 1940 641 1977 ot'.
659 1938 699 1977 in
715 1936 898 1992 Stephan.
916 1952 1003 1994 pag.
1026 1952 1118 1993 331.
1147 1939 1295 1980 Silenus
1309 1938 1550 1995 paedagogus
1567 1944 1606 1980 &
1621 1940 1808 1980 nutricius
1824 1939 1966 1981 Bacchi
1982 1940 2143 1986 dicitur,
2170 1939 2266 1980 teste
2282 1939 2412 1981 Hora-

296 2005 353 2036 tlo
372 2008 412 2034 m
462 2004 541 2034 oet.

620 2048 689 2088 An
707 2047 823 2101 custos
839 2047 1078 2104 famulusque
1093 2050 1183 2090 Dei
1202 2049 1353 2090 Silenus
1369 2049 1526 2092 alumni.

306 2142 310 2146 .
352 2105 422 2146 Ille
438 2116 562 2146 utrem
577 2104 789 2150 hircinum,
818 2103 857 2143 in
874 2117 957 2157 quo
974 2105 1108 2146 vinum
1124 2106 1405 2159 reponebatur,
1432 2106 1493 2146 vel
1513 2117 1553 2147 ut
1569 2106 1663 2147 vino
1678 2105 1883 2161 indulgens
1902 2104 2023 2162 gestat
2041 2125 2054 2153 3
2071 2105 2194 2148 velut
2212 2103 2415 2148 Maximus

297 2160 444 2216 Tyrius
477 2160 568 2200 Diss.
604 2173 664 2214 30.
690 2160 780 2200 cum
804 2166 928 2198 Φίλοινον
954 2171 1090 2207 vocat,
1117 2159 1228 2215 quod
1252 2161 1349 2201 vites
1371 2160 1534 2201 coluerit
1561 2175 1569 2201 ε
1597 2162 1676 2202 illas
1701 2173 1829 2202 autem
1857 2162 1987 2202 Sileno
2006 2161 2178 2203 attribuit
2195 2161 2415 2216 Neptunus

298 2217 404 2272 apud
420 2216 617 2272 Julianum
638 2216 677 2256 in
697 2216 835 2257 Caesar.
864 2220 947 2268 Τπές
962 2224 988 2255 '1²
1006 2221 1130 2254 inani-{i
1144 2234 1183 2254 wi
1197 2219 1230 2265 ᾧ
1246 2217 1279 2254 ἔν
1291 2221 1437 2266 ἀμπέλων
1451 2224 1580 2267 μίίὶλον,
1606 2220 1622 2259 ἦ
1636 2225 1662 2256 ‘'i-⁹·
1680 2225 1753 2267 ἐμῶν
1768 2225 1890 2268 πηγῶν,
1915 2222 1996 2264 ἱέξιόν
2011 2221 2064 2260 {siv
2080 2237 2119 2256 aa
2136 2220 2272 2257 δεδὶένω.
2314 2218 2408 2260 Tap}

299 2274 419 2328 agitur
438 2281 475 2311 te
493 2274 622 2312 vineis
635 2272 748 2328 qudm
764 2286 822 2313 me
836 2273 1115 2328 meisfhntibus
1136 2275 1267 2314 timere
1285 2275 1409 2329 magis
1425 2275 1614 2314 convenit.
1654 2274 1803 2315 Silenus
1820 2288 1976 2316 manum
1993 2274 2122 2316 versus
2139 2274 2261 2317 fidera
2277 2275 2418 2331 erigit,

301 2342 419 2384 quem
435 2328 533 2369 inter
548 2328 628 2383 ipsa
645 2328 804 2370 relatum
823 2329 938 2371 tradit
956 2331 1118 2377 Aratus,
1146 2329 1256 2384 quod
1271 2328 1475 2370 confirmat
1491 2329 1627 2386 Virgil.
1643 2330 1685 2370 in
1709 2330 1839 2372 Bucol.

610 2387 611 2390 ’
631 2383 763 2424 Sidera
782 2387 998 2441 quipetit't,
1027 2387 1153 2425 nutrit
1174 2384 1322 2425 Silenus
1337 2384 1530 2425 Iacchum.

299 2410 469 2536 {uenum
485 2439 645 2480 Troade
662 2441 809 2482 cultum
827 2441 970 2482 indicat
983 2441 1047 2482 hic
1065 2441 1123 2483 M.
1144 2441 1292 2482 Aurelii
1306 2454 1489 2482 nummus
1508 2460 1521 2489 ς
1547 2440 1614 2482 sed
1629 2441 1884 2484 consulendus
1901 2442 1994 2485 alter
2008 2443 2186 2499 egregius
2196 2441 2410 2486 Alexandri

328 2509 428 2535 everi
450 2508 577 2550 typus.

354 2568 438 2615 Hic
453 2586 627 2614 nummus
641 2575 951 2631 minimaeformae
961 2603 972 2622 ,
999 2574 1048 2617 ab
1065 2574 1127 2616 Ill.
1146 2574 1372 2642 Spanhemio
1387 2577 1429 2617 in
1445 2572 1601 2630 Julian.
1623 2577 1761 2630 Caesar,
1769 2587 1860 2634 pag.
1881 2582 1972 2633 362.
1988 2577 2183 2634 vulgatus.

1223 2919 1479 2961 Ὄξῇἢῦῖἒῇἣ
