2491 4219
590 101 1194 161 ‘PHILIP-PUS
1279 102 1695 153 SENIOR,
2145 112 2231 159 175

136 168 246 210 Dido
263 168 580 226 ichnographiam
602 171 703 211 urbis
719 168 879 224 porrigit
895 168 978 208 viro
993 167 1173 221 primario
1191 168 1311 209 tribus
1330 168 1410 208 aliis
1428 168 1588 220 stipato,
1616 166 1666 206 de
1684 180 1762 220 qua
1772 164 1955 226 Justinus.
1984 164 2129 220 Fugam
2145 168 2242 226 tati<

137 223 178 270 te
202 224 374 272 molitur,
401 224 596 280 affitmptis
621 223 842 280 quibusdam
866 222 1120 276 ‘Princtjoibus
1142 224 1431 275 insacietatem.
1461 222 1597 261 Nemo
1623 233 1752 261 autem
1774 219 1891 260 neseit
1907 219 2008 282 lllam
2027 221 2049 260 ὲ
2070 220 2180 275 Tyro
2198 233 2240 266 m

137 278 299 332 Libyam
317 280 528 334 navigasse,
557 285 595 320 ὃς
613 279 891 333 Carthaginem
908 279 1139 326 condidisse,
1167 279 1228 321 alii
1245 278 1395 319 tantum
1418 276 1573 330 Byrsam
1591 276 1693 317 urbis
1718 289 1843 325 arcem
1862 274 2063 318 extruxisse
2081 287 2241 321 conten,

136 333 256 380 dunt,
284 335 378 381 teste
395 335 545 376 Ovidio
561 336 601 376 in
618 333 738 388 Epist.

613 400 771 440 struxit
789 400 1047 455 Carthaginis
1061 415 1179 441 arces.

136 466 247 520 Tyrii
264 468 432 509 Didonis
449 469 582 509 urbem
597 468 762 509 condere
781 469 1002 511 meditantis
1018 471 1243 514 memoriam
1265 468 1389 510 forsan
1408 469 1449 508 in
1476 466 1642 508 nummis
1670 480 1926 516 renovarunt,
1952 468 2135 530 Philippo
2151 468 2242 517 allus'

136 522 294 582 dentes,
323 524 392 576 qui
407 524 709 578 Philippopolim
735 525 868 564 urbem
893 539 973 565 non
997 525 1115 582 longe
1135 527 1183 571 ab
1205 525 1294 582 ipfis
1310 537 1500 567 remotam
1515 522 1632 565 condi
1642 522 1822 578 jusserat:
1849 525 1975 567 nullus
1997 538 2100 575 emm
2127 536 2244 581 typus

135 591 175 624 in
193 579 359 618 nummis
375 578 454 618 sine
470 579 639 632 quadam
654 579 801 620 ratione
817 580 980 621 caelatur.
1035 623 1037 625 ,
2149 585 2152 588 ’
2173 585 2176 590 ’

191 667 276 714 Hic
289 682 460 716 nummus
476 670 631 726 majoris
634 669 774 724 formae
791 659 1070 722 rz‘zrtffi'mu's-ess³

120 1325 240 1402 {tim-1».
272 1364 324 1392 M.
355 1364 371 1392 1
383 1366 411 1393 v
422 1364 461 1395 n.
492 1365 515 1392 Ρ
527 1368 556 1394 u
567 1365 583 1392 1
593 1364 620 1393 ι,
632 1364 680 1393 11³
692 1365 714 1392 p
725 1364 753 1391 v
767 1364 801 1391 a.
831 1365 867 1392 p,
898 1365 936 1392 F.
969 1366 996 1393 A
1009 1365 1037 1392 v
1049 1365 1089 1394 G.
1119 1354 1254 1407 Caput
1271 1354 1440 1408 Philippi
1459 1352 1681 1395 laureatum.

121 1436 132 1457 c
181 1423 290 1450 con.
321 1420 347 1447 ‘r
359 1420 384 1447 Y
397 1422 429 1449 R
440 1423 467 1449 ο
495 1422 531 1448 Μ
545 1423 568 1448 E
581 1422 606 1448 τ
619 1421 663 1449 R.
693 1406 851 1449 Colonia
872 1407 987 1459 Tyros
1006 1408 1240 1463 Metropolt‘s.
1269 1410 1414 1449 Mulier
1433 1410 1532 1450 stans
1551 1409 1683 1449 dextra
1700 1406 1964 1455 acrostolium‚
1992 1407 2086 1451 laeva
2102 1409 2237 1455 stolam

237 1463 438 1509 collectam
460 1476 587 1511 tenet,
613 1477 687 1518 pro
703 1462 873 1517 'pedibus
893 1463 985 1504 hinc
1003 1464 1188 1511 triremis,
1217 1465 1309 1506 inde
1329 1465 1572 1520 conchylium
1598 1468 1636 1503 δε
1654 1464 1779 1519 palma
1799 1464 1923 1505 arbor.

117 1546 144 1576 ²*
166 1555 288 1605 >Cum
305 1553 442 1599 mulier
458 1562 576 1610 quam
597 1567 778 1598 nummus
800 1553 977 1601 exhibet,
1006 1553 1147 1595 eodem
1167 1555 1305 1596 vestitu
1325 1570 1407 1611 quo
1424 1555 1532 1595 Dido
1548 1555 1590 1596 in
1615 1554 1798 1609 superiori
1824 1567 1987 1595 nummo
2007 1567 2140 1597 ornata
2164 1556 2235 1606 fit,

120 1609 328 1673 ipsammet,
345 1609 438 1659 efl'et
454 1610 737 1656 existimamus:
766 1610 849 1650 haec
869 1609 1025 1656 stolam,
1053 1621 1239 1664 tanquam
1256 1611 1435 1665 Princeps
1456 1610 1616 1651 foemina
1642 1610 1759 1666 gerit,
1786 1609 1901 1650 altera
1929 1624 2042 1651 manu
2066 1613 2234 1654 acrosto-

120 1664 216 1706 hum
237 1681 245 1705 :
263 1665 502 1707 ‘Dido-'enim
528 1666 817 1722 Pygmalionem
839 1664 992 1707 fratrem
1011 1665 1145 1722 fugere
1165 1665 1374 1712 meditans,
1403 1681 1470 1721 per
1489 1681 1594 1708 mare
1611 1667 1711 1707 viam
1729 1679 1899 1720 quaerere
1913 1667 2065 1708 videtur
2081 1688 2093 1714 ;
2120 1668 2232 1710 idcir-

120 1723 172 1774 Jc'o
196 1721 382 1767 triremis,
409 1736 527 1776 quam
553 1737 643 1764 mox
664 1721 914 1764 conscensura
934 1722 1010 1767 est,
1036 1721 1146 1774 juxta
1170 1736 1254 1763 eam
1274 1722 1396 1778 posita
1415 1722 1481 1762 est.
1521 1722 1632 1778 Tyrii
1659 1721 1858 1762 Didonem
1884 1722 2100 1766 Heroinam
2126 1724 2233 1766 suam

119 1777 172 1825 {ad
190 1777 292 1818 urbis
309 1774 574 1832 antiquitatem
596 1777 862 1832 repraesentare
878 1778 1083 1819 voluerunt
1099 1789 1143 1819 ut
1159 1777 1521 1836 Carthaginenfium
1536 1776 1791 1819 fundatricem
1802 1804 1814 1824 ,
1843 1791 1959 1832 quam
1976 1778 2029 1819 illi
2046 1792 2230 1834 tanquam

119 1831 251 1874 Deam
266 1833 480 1874 coluerunt.
513 1834 574 1875 De
596 1833 713 1888 ipfius
732 1833 837 1888 apud
863 1833 1184 1888 Carthaginenses
1207 1834 1311 1875 cultu
1336 1845 1459 1875 narrat
1476 1833 1651 1889 Justinus
1678 1832 1742 1875 lib.
1773 1836 1834 1874 18.
1857 1840 1942 1887 cap.
1968 1841 2003 1874 6.
2035 1835 2230 1890 Qandito

119 1888 318 1943 Carthago
337 1891 485 1929 munita
487 1888 600 1943 fuit,
623 1901 692 1944 pro
710 1889 807 1928 Dea
822 1889 928 1929 culta
948 1889 1009 1940 est.
1037 1889 1300 1944 Conchylium
1318 1894 1356 1937 ὃ(
1374 1890 1499 1944 palma
1523 1889 1658 1935 arbor,
1686 1889 1787 1930 urbis
1811 1889 1907 1943 Tyri
1934 1889 2090 1945 insignia
2114 1890 2200 1933 sunt
2219 1907 2229 1931 :

117 1943 368 1997 conchylium
387 1958 595 1999 purpuram
611 1944 717 2000 apud
738 1945 880 1999 Tyrios
896 1945 1208 1986 commendatam
1233 1946 1375 2001 arguit,
1404 1945 1513 1999 cujus
1541 1945 1715 1987 meminit
1744 1945 1943 1985 Vitruvius
1965 1961 1972 1984 :
2002 1946 2228 1999 Purpuras,

109 2008 184 2056 pro
189 1998 268 2049 soli
282 2004 512 2053 proprietate
531 2001 649 2041 alium
665 2009 781 2056 atque
799 2001 918 2041 alium
934 2000 1071 2041 habere
1092 2000 1270 2048 colorem,
1299 2000 1347 2044 ὠ
1367 2001 1471 2055 apud
1485 2001 1605 2053 Tyron
1621 2000 1770 2057 quidem
1787 1998 1938 2040 rubrum
1949 2027 1960 2047 ,
1988 2003 2090 2041 circa
2116 2002 2230 2055 Afri-

118 2067 204 2096 cam
223 2063 351 2094 autem
363 2058 563 2108 puniceum
573 2058 731 2107 succum
746 2057 940 2104 emittere,
967 2069 1040 2111 quo
1060 2054 1109 2100 ὠ
1117 2066 1288 2111 purpura
1301 2056 1488 2109 tingitur,
1517 2070 1629 2110 quam
1644 2054 1852 2095 violaceam
1866 2055 2068 2109 appellant.
2100 2056 2228 2099 Palma

115 2111 251 2156 arbor,
279 2124 410 2152 earum
435 2111 476 2151 in
501 2112 574 2152 hac
600 2112 759 2165 regione
782 2111 1058 2153 abundantiam
1078 2110 1260 2160 denotat,
1286 2122 1353 2152 aut
1370 2110 1420 2150 ad
1437 2111 1632 2151 Phoenicis
1648 2110 1924 2171 etymologiam
1940 2109 2090 2166 spectat.
2123 2111 2226 2163 Vide

118 2165 357 2211 Bochartum
374 2178 470 2221 part.
490 2179 525 2206 2.
542 2166 605 2206 lib.
632 2180 665 2205 1.
684 2180 767 2219 cap.
790 2179 823 2205 1.

172 2256 258 2302 Hic
271 2271 443 2305 nummus
450 2259 585 2312 primae
604 2256 883 2315 magnitudinis
900 2257 1003 2298 inter
1010 2254 1290 2309 praestantiores
1309 2254 1573 2303 numerandus.

116 2952 133 2981 ι
145 2951 181 2978 Μ
193 2951 226 2978 P.
254 2950 305 2978 M.
335 2951 351 2976 1
362 2951 389 2978 v
401 2951 440 2978 ι.
471 2950 493 2977 P
505 2952 533 2978 u
545 2951 595 2978 IL
608 2950 654 2977 ιι)
667 2951 689 2977 Ρ
701 2951 729 2978 ο
742 2950 761 2977 s
793 2952 816 2979 c
829 2927 856 2978 A*
867 2952 891 2978 E
905 2951 924 2978 s
938 2952 1021 2979 AR.
1051 2938 1185 2994 Caput
1203 2937 1370 2992 Philippi
1386 2938 1583 2980 radiatum.

170 3007 279 3035 σοι.
308 3006 345 3033 Μ
358 3007 380 3032 E
395 3007 419 3032 T
432 3007 460 3033 R
473 3007 499 3032 o
512 3007 533 3033 P
544 3007 570 3033 o
584 3007 622 3036 L.
654 3007 679 3033 1·
694 3007 718 3034 Y
732 3007 762 3033 R
774 3008 809 3034 o.
849 2993 1005 3036 Colonia
1029 2993 1253 3049 Metropolis
1277 2993 1402 3048 Tyros.
1441 2995 1603 3036 Corona
1628 3007 1813 3049 quercea,
1847 2995 1888 3035 in
1915 3009 1992 3049 qua
2016 3010 2042 3036 A
2057 3011 2082 3038 K
2098 3012 2122 3039 T
2137 3015 2153 3041 1
2165 3004 2212 3042 a?

224 3062 510 3092 KAICAPIA.

164 3140 276 3180 Auia
292 3140 497 3181 certamina
516 3141 537 3180 a
553 3139 682 3194 Tyriis
697 3141 876 3182 videntur
891 3142 930 3181 in
948 3141 1112 3197 Augusti
1128 3141 1317 3182 honorem
1339 3141 1440 3182 edita
1461 3142 1513 3181 ob
1533 3142 1742 3181 libertatem
1762 3156 1879 3196 quam
1902 3141 1990 3194 ipfis
2005 3145 2204 3197 quondam

106 3195 325 3241 ademerat,
352 3196 400 3234 ab
425 3195 565 3236 eodem
589 3196 657 3236 fibi
681 3197 889 3236 restitutam
919 3212 927 3236 :
956 3210 1044 3236 nam
1074 3196 1154 3236 Dio
1182 3197 1396 3251 Augustum
1420 3197 1549 3250 Tyriis
1574 3198 1671 3235 illam
1704 3197 1880 3238 ademisse
1908 3210 2031 3238 narrat
2053 3199 2115 3240 lib.
2141 3216 2200 3256 54.

105 3266 193 3305 pag.
220 3264 309 3301 525.
329 3252 417 3290 cum
435 3250 495 3291 ille
512 3265 615 3291 anno
632 3251 685 3291 U.
702 3252 751 3291 C.
770 3265 861 3304 734.
883 3250 1041 3292 veniffet
1059 3252 1098 3291 in
1117 3251 1262 3305 Syriam
1284 3268 1291 3291 :
1320 3256 1377 3291 τές
1391 3270 1419 3290 τε
1437 3257 1600 3303 Kugm'w-*c
1619 3284 1625 3290 .
1653 3256 1693 3291 ἔνη
1713 3263 1842 3291 vwaxtgc
1858 3257 1952 3296 mac,
1979 3262 2009 3292 ἐν
2025 3258 2088 3297 {ded
2102 3278 2198 3308 μοις,-

105 3306 268 3352 yw‘owznc,
293 3307 486 3344 οἱπὲκτεινακ,
511 3305 698 3340 ἐδελόῧσατυ·
723 3305 771 3350 223)
788 3310 855 3339 τέπ
871 3308 894 3355 23⁸7
913 3306 965 3342 τές
979 3304 1107 3346 Τυρλες,
1130 3306 1182 3342 'rest
1197 3322 1225 3341 π
1243 3309 1378 3343 Σιδωνίὸς
1394 3308 1457 3353 ,Ἂζθὶ
1471 3310 1522 3343 ‘mir
1538 3308 1625 3344 ςυῖσετς
1642 3312 1756 3344 {nona-zv
1776 3335 1782 3343 ,
1811 3312 1842 3342 όν
1859 3313 1896 3351 τῇ
1913 3312 2012 3354 Συρίᾳ
2024 3313 2196 3357 ᾗέμᾶζυῶ...

104 3354 312 3399 'Cyzicenos
325 3381 336 3399 ‚
365 3353 467 3408 quod
477 3355 519 3393 in
535 3353 895 3408 quadamseditione
914 3354 1106 3394 nonnullos
1130 3355 1463 3409 Romanos-flagris
1487 3356 1597 3405 caefos
1614 3356 1798 3407 necassent
1809 3383 1819 3401 ,
1846 3371 1886 3396 m
1892 3358 2126 3409 servitutem
2141 3378 2197 3404 νει.

103 3410 208 3463 degit
224 3424 237 3447 .·
262 3408 431 3464 idemque
447 3411 487 3448 in
505 3408 535 3448 S
536 3410 650 3454 yriam
666 3408 752 3448 ciam
768 3408 999 3460 adveniſjet,
1028 3409 1068 3448 T
1065 3411 1152 3452 rriis
1168 3409 1216 3453 (ἔγ
1233 3409 1397 3450 Sidonizs
1402 3420 1555 3465 propter
1570 3412 1753 3460 factiones
1765 3412 1985 3464 supplicium
1998 3416 2195 3471 irrogavit.

101 3464 137 3504 F
140 3476 343 3518 requentes
371 3463 457 3504 sunt
479 3464 593 3504 etiam
616 3464 861 3504 Sidoniorum
884 3464 1031 3504 nummi
1055 3465 1095 3503 in
1121 3466 1282 3520 Augusti
1306 3465 1491 3506 honorem
1519 3467 1571 3506 ob
1597 3466 1742 3506 veniam
1758 3480 1844 3506 curn
1863 3467 1989 3522 Tyriis
2007 3471 2053 3511 ab
2071 3487 2119 3514 eo
2135 3488 2194 3514 ac‘

99 3531 254 3572 ceptam
280 3518 439 3574 percuffi
488 3520 648 3563 Corona
673 3532 836 3579 quercea
860 3519 1012 3560 vistoris
1034 3520 1234 3573 praemium
1257 3520 1331 3561 effe
1349 3520 1518 3569 videtur,
1545 3521 1628 3564 haec
1646 3522 1821 3567 aSenatu
1839 3523 1891 3569 ob
1906 3524 2007 3566 cives
2025 3525 2192 3577 servatos

102 3574 281 3629 Augusto
301 3573 485 3615 concessa.

156 3666 240 3712 Hic
254 3681 425 3712 nummus
441 3669 594 3725 majoris
603 3668 763 3723 formae,
791 3668 832 3708 in
852 3667 1040 3720 Thesauro
1057 3667 1177 3725 Regio
1185 3696 1198 3716 ‚
1224 3669 1424 3722 rariffimus
1438 3669 1500 3725 ιβ.
