<?xml version="1.0" encoding="UTF-8"?>
<!DOCTYPE html PUBLIC "-//W3C//DTD XHTML 1.0 Transitional//EN"
    "http://www.w3.org/TR/xhtml1/DTD/xhtml1-transitional.dtd">
<html xmlns="http://www.w3.org/1999/xhtml" xml:lang="en" lang="en">
 <head>
  <title>
</title>
<meta http-equiv="Content-Type" content="text/html;charset=utf-8" />
  <meta name='ocr-system' content='tesseract 3.04.00' />
  <meta name='ocr-capabilities' content='ocr_page ocr_carea ocr_par ocr_line ocrx_word'/>
</head>
<body>
  <div class='ocr_page' id='page_1' title='image "./numismatareaim00foyv_0169.png"; bbox 0 0 2574 4214; ppageno 0'>
   <div class='ocr_carea' id='block_1_1' title="bbox 0 221 28 3924">
    <p class='ocr_par' dir='ltr' id='par_1_1' title="bbox 0 221 28 3924">
     <span class='ocr_line' id='line_1_1' title="bbox 0 221 28 3924; baseline 0 0"><span class='ocrx_word' id='word_1_1' title='bbox 0 221 28 3924; x_wconf 95' lang='lat' dir='ltr'> </span> 
     </span>
    </p>
   </div>
   <div class='ocr_carea' id='block_1_2' title="bbox 153 186 2248 419">
    <p class='ocr_par' dir='ltr' id='par_1_2' title="bbox 153 183 2248 419">
     <span class='ocr_line' id='line_1_2' title="bbox 718 186 2173 243; baseline -0.003 0"><span class='ocrx_word' id='word_1_2' title='bbox 718 195 764 243; x_wconf 93' lang='lat' dir='ltr'>D</span> <span class='ocrx_word' id='word_1_3' title='bbox 832 195 878 241; x_wconf 90' lang='lat' dir='ltr'>O</span> <span class='ocrx_word' id='word_1_4' title='bbox 947 188 1003 241; x_wconf 83' lang='lat' dir='ltr'>M</span> <span class='ocrx_word' id='word_1_5' title='bbox 1071 190 1091 240; x_wconf 90' lang='grc' dir='ltr'>Ῐ</span> <span class='ocrx_word' id='word_1_6' title='bbox 1162 189 1204 239; x_wconf 81' lang='lat' dir='ltr'>T</span> <span class='ocrx_word' id='word_1_7' title='bbox 1273 187 1292 239; x_wconf 80' lang='grc' dir='ltr'>Ϊ</span> <span class='ocrx_word' id='word_1_8' title='bbox 1362 186 1403 238; x_wconf 85' lang='grc' dir='ltr'><strong>Α</strong></span> <span class='ocrx_word' id='word_1_9' title='bbox 1473 187 1521 239; x_wconf 78' lang='lat' dir='ltr'>N</span> <span class='ocrx_word' id='word_1_10' title='bbox 1592 191 1637 238; x_wconf 85' lang='lat' dir='ltr'>U</span> <span class='ocrx_word' id='word_1_11' title='bbox 1707 194 1747 239; x_wconf 43' lang='grc' dir='ltr'>ἕρ</span> <span class='ocrx_word' id='word_1_12' title='bbox 2158 211 2173 239; x_wconf 78' lang='lat' dir='ltr'>x</span> 
     </span>
     <span class='ocr_line' id='line_1_3' title="bbox 153 201 2241 313; baseline -0.005 -8"><span class='ocrx_word' id='word_1_13' title='bbox 153 277 220 309; x_wconf 62' lang='lat' dir='ltr'>JM</span> <span class='ocrx_word' id='word_1_14' title='bbox 232 263 269 305; x_wconf 72' lang='lat'>1³.¹</span> <span class='ocrx_word' id='word_1_15' title='bbox 301 277 324 304; x_wconf 93' lang='lat' dir='ltr'>c</span> <span class='ocrx_word' id='word_1_16' title='bbox 339 277 365 303; x_wconf 80' lang='lat' dir='ltr'>A</span> <span class='ocrx_word' id='word_1_17' title='bbox 379 277 403 303; x_wconf 83' lang='lat' dir='ltr'><strong>E</strong></span> <span class='ocrx_word' id='word_1_18' title='bbox 416 274 447 303; x_wconf 86' lang='lat' dir='ltr'>s.</span> <span class='ocrx_word' id='word_1_19' title='bbox 477 271 503 303; x_wconf 80' lang='lat' dir='ltr'>D</span> <span class='ocrx_word' id='word_1_20' title='bbox 514 275 540 301; x_wconf 94' lang='lat' dir='ltr'>o</span> <span class='ocrx_word' id='word_1_21' title='bbox 553 274 590 302; x_wconf 88' lang='lat' dir='ltr'><strong>M</strong></span> <span class='ocrx_word' id='word_1_22' title='bbox 601 274 617 302; x_wconf 92' lang='lat'>1</span> <span class='ocrx_word' id='word_1_23' title='bbox 630 273 670 302; x_wconf 75' lang='grc' dir='ltr'>τ,</span> <span class='ocrx_word' id='word_1_24' title='bbox 700 276 727 302; x_wconf 86' lang='lat' dir='ltr'>G</span> <span class='ocrx_word' id='word_1_25' title='bbox 740 277 764 301; x_wconf 85' lang='lat' dir='ltr'>E</span> <span class='ocrx_word' id='word_1_26' title='bbox 776 274 807 301; x_wconf 77' lang='lat' dir='ltr'>R</span> <span class='ocrx_word' id='word_1_27' title='bbox 818 274 868 301; x_wconf 87' lang='lat' dir='ltr'>M.</span> <span class='ocrx_word' id='word_1_28' title='bbox 899 275 926 301; x_wconf 83' lang='lat' dir='ltr'>A</span> <span class='ocrx_word' id='word_1_29' title='bbox 941 275 967 300; x_wconf 88' lang='lat' dir='ltr'>v</span> <span class='ocrx_word' id='word_1_30' title='bbox 980 274 1020 300; x_wconf 88' lang='lat' dir='ltr'>G.</span> <span class='ocrx_word' id='word_1_31' title='bbox 1057 259 1191 313; x_wconf 86' lang='lat' dir='ltr'>Caput</span> <span class='ocrx_word' id='word_1_32' title='bbox 1209 259 1420 299; x_wconf 76' lang='lat' dir='ltr'>Domitiani</span> <span class='ocrx_word' id='word_1_33' title='bbox 1439 258 1659 311; x_wconf 74' lang='lat' dir='ltr'>laureatum.</span> <span class='ocrx_word' id='word_1_34' title='bbox 1728 302 1730 305; x_wconf 19' lang='lat'><strong>¹</strong></span> <span class='ocrx_word' id='word_1_35' title='bbox 2185 201 2241 258; x_wconf 43' lang='lat'>43</span> 
     </span>
     <span class='ocr_line' id='line_1_4' title="bbox 209 310 2248 370; baseline -0.003 -9"><span class='ocrx_word' id='word_1_36' title='bbox 209 335 237 361; x_wconf 87' lang='lat' dir='ltr'>D</span> <span class='ocrx_word' id='word_1_37' title='bbox 249 334 264 360; x_wconf 94' lang='lat'>1</span> <span class='ocrx_word' id='word_1_38' title='bbox 279 333 304 358; x_wconf 85' lang='lat' dir='ltr'>A</span> <span class='ocrx_word' id='word_1_39' title='bbox 318 332 350 358; x_wconf 87' lang='lat' dir='ltr'>N</span> <span class='ocrx_word' id='word_1_40' title='bbox 365 333 392 358; x_wconf 86' lang='lat' dir='ltr'>A</span> <span class='ocrx_word' id='word_1_41' title='bbox 423 331 488 359; x_wconf 80' lang='lat' dir='ltr'>LA</span> <span class='ocrx_word' id='word_1_42' title='bbox 502 331 523 356; x_wconf 88' lang='lat' dir='ltr'>P</span> <span class='ocrx_word' id='word_1_43' title='bbox 535 332 563 357; x_wconf 88' lang='lat' dir='ltr'>H</span> <span class='ocrx_word' id='word_1_44' title='bbox 577 331 618 357; x_wconf 74' lang='lat' dir='ltr'>R.</span> <span class='ocrx_word' id='word_1_45' title='bbox 648 317 791 358; x_wconf 82' lang='lat' dir='ltr'>Diana</span> <span class='ocrx_word' id='word_1_46' title='bbox 811 316 994 370; x_wconf 76' lang='lat' dir='ltr'>Laphria.</span> <span class='ocrx_word' id='word_1_47' title='bbox 1034 315 1160 355; x_wconf 90' lang='lat' dir='ltr'>Diana</span> <span class='ocrx_word' id='word_1_48' title='bbox 1177 314 1377 355; x_wconf 83' lang='lat' dir='ltr'>venatricis</span> <span class='ocrx_word' id='word_1_49' title='bbox 1397 313 1530 354; x_wconf 82' lang='lat' dir='ltr'>habitu</span> <span class='ocrx_word' id='word_1_50' title='bbox 1551 314 1650 354; x_wconf 84' lang='lat' dir='ltr'>stans</span> <span class='ocrx_word' id='word_1_51' title='bbox 1665 331 1678 359; x_wconf 60' lang='lat'>3</span> <span class='ocrx_word' id='word_1_52' title='bbox 1710 312 1842 353; x_wconf 55' lang='lat' dir='ltr'>dextra</span> <span class='ocrx_word' id='word_1_53' title='bbox 1867 310 1916 352; x_wconf 86' lang='lat' dir='ltr'>ad</span> <span class='ocrx_word' id='word_1_54' title='bbox 1933 311 2028 355; x_wconf 83' lang='lat' dir='ltr'>latus</span> <span class='ocrx_word' id='word_1_55' title='bbox 2050 313 2248 367; x_wconf 56' lang='lat' dir='ltr'>opposui,</span> 
     </span>
     <span class='ocr_line' id='line_1_5' title="bbox 266 370 1168 419; baseline -0.007 -4"><span class='ocrx_word' id='word_1_56' title='bbox 266 374 408 414; x_wconf 70' lang='lat' dir='ltr'>finistra</span> <span class='ocrx_word' id='word_1_57' title='bbox 428 372 532 413; x_wconf 87' lang='lat' dir='ltr'>arcui</span> <span class='ocrx_word' id='word_1_58' title='bbox 547 373 675 412; x_wconf 87' lang='lat' dir='ltr'>innixa</span> <span class='ocrx_word' id='word_1_59' title='bbox 687 392 700 419; x_wconf 87' lang='lat'>;</span> <span class='ocrx_word' id='word_1_60' title='bbox 726 373 766 412; x_wconf 90' lang='lat' dir='ltr'>in</span> <span class='ocrx_word' id='word_1_61' title='bbox 785 370 865 412; x_wconf 84' lang='lat' dir='ltr'>aliis</span> <span class='ocrx_word' id='word_1_62' title='bbox 881 371 985 411; x_wconf 89' lang='lat' dir='ltr'>canis</span> <span class='ocrx_word' id='word_1_63' title='bbox 1000 375 1040 411; x_wconf 74' lang='grc' dir='ltr'>δε</span> <span class='ocrx_word' id='word_1_64' title='bbox 1056 370 1168 410; x_wconf 83' lang='lat' dir='ltr'>arula.</span> 
     </span>
    </p>
   </div>
   <div class='ocr_carea' id='block_1_3' title="bbox 154 444 2250 892">
    <p class='ocr_par' dir='ltr' id='par_1_3' title="bbox 154 444 2250 892">
     <span class='ocr_line' id='line_1_6' title="bbox 208 444 2249 506; baseline -0.004 -13"><span class='ocrx_word' id='word_1_65' title='bbox 208 452 374 493; x_wconf 83' lang='lat' dir='ltr'>Dianam</span> <span class='ocrx_word' id='word_1_66' title='bbox 390 451 624 506; x_wconf 87' lang='lat' dir='ltr'>cognomine</span> <span class='ocrx_word' id='word_1_67' title='bbox 642 448 866 503; x_wconf 85' lang='lat' dir='ltr'>Laphriam‚</span> <span class='ocrx_word' id='word_1_68' title='bbox 894 449 916 489; x_wconf 74' lang='lat' dir='ltr'>a</span> <span class='ocrx_word' id='word_1_69' title='bbox 932 446 1170 490; x_wconf 72' lang='lat' dir='ltr'>Patrensibus</span> <span class='ocrx_word' id='word_1_70' title='bbox 1187 446 1325 489; x_wconf 83' lang='lat' dir='ltr'>cultam</span> <span class='ocrx_word' id='word_1_71' title='bbox 1337 475 1349 494; x_wconf 84' lang='lat'>,</span> <span class='ocrx_word' id='word_1_72' title='bbox 1378 447 1416 487; x_wconf 90' lang='lat' dir='ltr'>in</span> <span class='ocrx_word' id='word_1_73' title='bbox 1429 446 1592 487; x_wconf 89' lang='lat' dir='ltr'>Nerone</span> <span class='ocrx_word' id='word_1_74' title='bbox 1610 445 1794 491; x_wconf 46' lang='lat' dir='ltr'>diximus,</span> <span class='ocrx_word' id='word_1_75' title='bbox 1827 445 1973 500; x_wconf 77' lang='lat' dir='ltr'>iignum</span> <span class='ocrx_word' id='word_1_76' title='bbox 1991 444 2074 497; x_wconf 79' lang='lat' dir='ltr'>ejus</span> <span class='ocrx_word' id='word_1_77' title='bbox 2090 457 2169 485; x_wconf 75' lang='lat' dir='ltr'>erat</span> <span class='ocrx_word' id='word_1_78' title='bbox 2184 460 2249 485; x_wconf 82' lang='lat' dir='ltr'>ve-</span> 
     </span>
     <span class='ocr_line' id='line_1_7' title="bbox 156 503 2249 559; baseline -0.007 -11"><span class='ocrx_word' id='word_1_79' title='bbox 156 508 305 549; x_wconf 85' lang='lat' dir='ltr'>natricis</span> <span class='ocrx_word' id='word_1_80' title='bbox 324 506 478 551; x_wconf 82' lang='lat' dir='ltr'>habitu,</span> <span class='ocrx_word' id='word_1_81' title='bbox 506 518 550 547; x_wconf 92' lang='lat' dir='ltr'>ut</span> <span class='ocrx_word' id='word_1_82' title='bbox 566 505 681 546; x_wconf 88' lang='lat' dir='ltr'><strong>refert</strong></span> <span class='ocrx_word' id='word_1_83' title='bbox 699 504 899 545; x_wconf 84' lang='lat' dir='ltr'>Pausanias</span> <span class='ocrx_word' id='word_1_84' title='bbox 916 505 955 545; x_wconf 90' lang='lat' dir='ltr'>in</span> <span class='ocrx_word' id='word_1_85' title='bbox 975 504 1151 545; x_wconf 85' lang='lat' dir='ltr'>Achaicis</span> <span class='ocrx_word' id='word_1_86' title='bbox 1171 519 1256 559; x_wconf 81' lang='lat' dir='ltr'>pag.</span> <span class='ocrx_word' id='word_1_87' title='bbox 1271 517 1362 558; x_wconf 85' lang='lat'><em>433.</em></span> <span class='ocrx_word' id='word_1_88' title='bbox 1392 506 1432 541; x_wconf 68' lang='lat' dir='ltr'>To*</span> <span class='ocrx_word' id='word_1_89' title='bbox 1447 503 1500 551; x_wconf 63' lang='grc' dir='ltr'>,ιὸρὲ</span> <span class='ocrx_word' id='word_1_90' title='bbox 1515 506 1550 544; x_wconf 61' lang='grc' dir='ltr'>δὴ</span> <span class='ocrx_word' id='word_1_91' title='bbox 1567 509 1662 554; x_wconf 51' lang='grc' dir='ltr'><strong><em>χῆμαι</em></strong></span> <span class='ocrx_word' id='word_1_92' title='bbox 1676 503 1697 542; x_wconf 67' lang='grc' dir='ltr'><strong><em>ξ</em></strong></span> <span class='ocrx_word' id='word_1_93' title='bbox 1711 504 1900 547; x_wconf 46' lang='lat' dir='ltr'>dydimam,</span> <span class='ocrx_word' id='word_1_94' title='bbox 1926 503 2068 549; x_wconf 55' lang='grc' dir='ltr'>Βκρὲμοσά</span> <span class='ocrx_word' id='word_1_95' title='bbox 2084 508 2157 540; x_wconf 44' lang='grc' dir='ltr'>ἐῢν,</span> <span class='ocrx_word' id='word_1_96' title='bbox 2183 506 2249 538; x_wconf 64' lang='grc' dir='ltr'>ἑλέ-</span> 
     </span>
     <span class='ocr_line' id='line_1_8' title="bbox 156 554 2250 616; baseline -0.002 -16"><span class='ocrx_word' id='word_1_97' title='bbox 156 573 286 608; x_wconf 64' lang='grc' dir='ltr'>φωντςῷ·</span> <span class='ocrx_word' id='word_1_98' title='bbox 301 567 333 600; x_wconf 70' lang='grc' dir='ltr'>δὲ</span> <span class='ocrx_word' id='word_1_99' title='bbox 349 568 372 616; x_wconf 63' lang='lat'>²}</span> <span class='ocrx_word' id='word_1_100' title='bbox 389 567 488 613; x_wconf 58' lang='lat' dir='ltr'>242ch</span> <span class='ocrx_word' id='word_1_101' title='bbox 503 560 680 608; x_wconf 57' lang='grc' dir='ltr'>πεποιημᾶἰῦη,</span> <span class='ocrx_word' id='word_1_102' title='bbox 715 559 1038 614; x_wconf 77' lang='lat' dir='ltr'>Praefirtfignum</span> <span class='ocrx_word' id='word_1_103' title='bbox 1054 562 1264 600; x_wconf 76' lang='lat' dir='ltr'>venatricis</span> <span class='ocrx_word' id='word_1_104' title='bbox 1278 559 1473 606; x_wconf 76' lang='lat' dir='ltr'>habitum,</span> <span class='ocrx_word' id='word_1_105' title='bbox 1488 574 1537 599; x_wconf 84' lang='lat' dir='ltr'>ex</span> <span class='ocrx_word' id='word_1_106' title='bbox 1552 559 1653 599; x_wconf 72' lang='lat' dir='ltr'>ebore</span> <span class='ocrx_word' id='word_1_107' title='bbox 1666 556 1754 598; x_wconf 70' lang='lat' dir='ltr'>veri)</span> <span class='ocrx_word' id='word_1_108' title='bbox 1775 554 1821 600; x_wconf 60' lang='grc' dir='ltr'><strong>ὠ</strong></span> <span class='ocrx_word' id='word_1_109' title='bbox 1838 569 1927 595; x_wconf 79' lang='lat' dir='ltr'>auro</span> <span class='ocrx_word' id='word_1_110' title='bbox 1945 555 2250 607; x_wconf 76' lang='lat' dir='ltr'>eslfhbricatmn.</span> 
     </span>
     <span class='ocr_line' id='line_1_9' title="bbox 154 611 2249 669; baseline -0.004 -11"><span class='ocrx_word' id='word_1_111' title='bbox 154 619 290 659; x_wconf 80' lang='lat' dir='ltr'>Dianae</span> <span class='ocrx_word' id='word_1_112' title='bbox 304 615 595 657; x_wconf 87' lang='lat' dir='ltr'>anniversarium</span> <span class='ocrx_word' id='word_1_113' title='bbox 613 615 756 656; x_wconf 85' lang='lat' dir='ltr'>sacrum</span> <span class='ocrx_word' id='word_1_114' title='bbox 773 616 898 669; x_wconf 87' lang='lat' dir='ltr'>patrio</span> <span class='ocrx_word' id='word_1_115' title='bbox 914 616 1009 661; x_wconf 86' lang='lat' dir='ltr'>ritu,</span> <span class='ocrx_word' id='word_1_116' title='bbox 1039 616 1148 667; x_wconf 79' lang='lat' dir='ltr'>cujus</span> <span class='ocrx_word' id='word_1_117' title='bbox 1164 614 1459 668; x_wconf 79' lang='lat' dir='ltr'>descriptionem</span> <span class='ocrx_word' id='word_1_118' title='bbox 1476 616 1565 655; x_wconf 90' lang='lat' dir='ltr'>loco</span> <span class='ocrx_word' id='word_1_119' title='bbox 1586 615 1702 653; x_wconf 84' lang='lat' dir='ltr'>citato</span> <span class='ocrx_word' id='word_1_120' title='bbox 1718 612 1848 651; x_wconf 84' lang='lat' dir='ltr'>videre</span> <span class='ocrx_word' id='word_1_121' title='bbox 1871 612 1922 650; x_wconf 81' lang='lat' dir='ltr'>est</span> <span class='ocrx_word' id='word_1_122' title='bbox 1937 638 1948 657; x_wconf 84' lang='lat'>‚</span> <span class='ocrx_word' id='word_1_123' title='bbox 1978 611 2173 651; x_wconf 77' lang='lat' dir='ltr'>patrenses</span> <span class='ocrx_word' id='word_1_124' title='bbox 2193 611 2249 650; x_wconf 75' lang='lat' dir='ltr'>fa-</span> 
     </span>
     <span class='ocr_line' id='line_1_10' title="bbox 154 666 2249 725; baseline -0.002 -12"><span class='ocrx_word' id='word_1_125' title='bbox 154 673 313 713; x_wconf 86' lang='lat' dir='ltr'>ciebant.</span> <span class='ocrx_word' id='word_1_126' title='bbox 344 672 410 711; x_wconf 82' lang='lat' dir='ltr'>Illa</span> <span class='ocrx_word' id='word_1_127' title='bbox 427 671 495 710; x_wconf 92' lang='lat' dir='ltr'>sub</span> <span class='ocrx_word' id='word_1_128' title='bbox 513 670 662 711; x_wconf 86' lang='lat' dir='ltr'>diverso</span> <span class='ocrx_word' id='word_1_129' title='bbox 675 674 908 725; x_wconf 85' lang='lat' dir='ltr'>cognomine</span> <span class='ocrx_word' id='word_1_130' title='bbox 924 670 1059 710; x_wconf 87' lang='lat' dir='ltr'>eadem</span> <span class='ocrx_word' id='word_1_131' title='bbox 1076 683 1163 723; x_wconf 83' lang='lat' dir='ltr'>quae</span> <span class='ocrx_word' id='word_1_132' title='bbox 1172 669 1359 710; x_wconf 78' lang='lat' dir='ltr'>venatrix</span> <span class='ocrx_word' id='word_1_133' title='bbox 1373 670 1563 723; x_wconf 67' lang='lat' dir='ltr'>Smyrnae,</span> <span class='ocrx_word' id='word_1_134' title='bbox 1579 682 1621 709; x_wconf 88' lang='lat' dir='ltr'>ut</span> <span class='ocrx_word' id='word_1_135' title='bbox 1633 670 1671 707; x_wconf 91' lang='lat' dir='ltr'>in</span> <span class='ocrx_word' id='word_1_136' title='bbox 1683 668 1847 706; x_wconf 86' lang='lat' dir='ltr'>nummis</span> <span class='ocrx_word' id='word_1_137' title='bbox 1859 666 1986 706; x_wconf 75' lang='lat' dir='ltr'>visitur</span> <span class='ocrx_word' id='word_1_138' title='bbox 1996 694 2006 711; x_wconf 87' lang='lat'>‚</span> <span class='ocrx_word' id='word_1_139' title='bbox 2025 680 2068 709; x_wconf 84' lang='lat' dir='ltr'>ut</span> <span class='ocrx_word' id='word_1_140' title='bbox 2080 669 2132 707; x_wconf 85' lang='lat' dir='ltr'>ait</span> <span class='ocrx_word' id='word_1_141' title='bbox 2144 667 2249 708; x_wconf 76' lang='lat' dir='ltr'>idem</span> 
     </span>
     <span class='ocr_line' id='line_1_11' title="bbox 155 725 2244 781; baseline -0.005 -13"><span class='ocrx_word' id='word_1_142' title='bbox 155 728 353 768; x_wconf 84' lang='lat' dir='ltr'>Pausanias</span> <span class='ocrx_word' id='word_1_143' title='bbox 369 728 408 766; x_wconf 91' lang='lat' dir='ltr'>in</span> <span class='ocrx_word' id='word_1_144' title='bbox 424 725 640 767; x_wconf 80' lang='lat' dir='ltr'>Meffenicis</span> <span class='ocrx_word' id='word_1_145' title='bbox 657 741 743 781; x_wconf 87' lang='lat' dir='ltr'>pag.</span> <span class='ocrx_word' id='word_1_146' title='bbox 762 739 853 778; x_wconf 83' lang='lat'>275.</span> <span class='ocrx_word' id='word_1_147' title='bbox 884 729 926 764; x_wconf 75' lang='grc' dir='ltr'>τδ</span> <span class='ocrx_word' id='word_1_148' title='bbox 939 725 992 773; x_wconf 48' lang='lat' dir='ltr'>usp)</span> <span class='ocrx_word' id='word_1_149' title='bbox 1007 727 1042 764; x_wconf 67' lang='grc' dir='ltr'>δὴ</span> <span class='ocrx_word' id='word_1_150' title='bbox 1059 727 1086 763; x_wconf 59' lang='grc' dir='ltr'>αἳ</span> <span class='ocrx_word' id='word_1_151' title='bbox 1103 728 1251 768; x_wconf 59' lang='grc' dir='ltr'>Λαφωίως</span> <span class='ocrx_word' id='word_1_152' title='bbox 1265 729 1390 772; x_wconf 68' lang='grc' dir='ltr'><em>άφίκεπ</em></span> <span class='ocrx_word' id='word_1_153' title='bbox 1408 727 1498 772; x_wconf 62' lang='grc' dir='ltr'>ἔνωμα</span> <span class='ocrx_word' id='word_1_154' title='bbox 1514 729 1539 763; x_wconf 70' lang='grc' dir='ltr'>’ές</span> <span class='ocrx_word' id='word_1_155' title='bbox 1554 741 1582 761; x_wconf 75' lang='grc' dir='ltr'>π</span> <span class='ocrx_word' id='word_1_156' title='bbox 1600 727 1770 762; x_wconf 48' lang='grc' dir='ltr'>Μεωῐωίες</span> <span class='ocrx_word' id='word_1_157' title='bbox 1786 743 1808 776; x_wconf 55' lang='lat'><em>0</em></span> <span class='ocrx_word' id='word_1_158' title='bbox 1828 730 1853 758; x_wconf 64' lang='lat' dir='ltr'>{r</span> <span class='ocrx_word' id='word_1_159' title='bbox 1870 729 1994 762; x_wconf 65' lang='grc' dir='ltr'>Πωτςέις</span> <span class='ocrx_word' id='word_1_160' title='bbox 2011 730 2130 771; x_wconf 37' lang='lat' dir='ltr'>Ansam</span> <span class='ocrx_word' id='word_1_161' title='bbox 2144 725 2244 771; x_wconf 49' lang='lat' dir='ltr'>pbm.</span> 
     </span>
     <span class='ocr_line' id='line_1_12' title="bbox 155 777 2249 833; baseline -0.002 -13"><span class='ocrx_word' id='word_1_162' title='bbox 155 788 289 830; x_wconf 65' lang='grc' dir='ltr'>Ἐφεσίων</span> <span class='ocrx_word' id='word_1_163' title='bbox 305 787 325 831; x_wconf 60' lang='lat'>5*</span> <span class='ocrx_word' id='word_1_164' title='bbox 341 795 463 833; x_wconf 67' lang='grc' dir='ltr'>Αςτεμιν</span> <span class='ocrx_word' id='word_1_165' title='bbox 478 783 567 821; x_wconf 58' lang='grc' dir='ltr'><em>πέλας</em></span> <span class='ocrx_word' id='word_1_166' title='bbox 582 785 610 819; x_wconf 66' lang='grc' dir='ltr'>π’</span> <span class='ocrx_word' id='word_1_167' title='bbox 626 785 795 832; x_wconf 56' lang='grc' dir='ltr'>ὀνομάζων</span> <span class='ocrx_word' id='word_1_168' title='bbox 811 786 840 820; x_wconf 75' lang='lat' dir='ltr'>ou‘</span> <span class='ocrx_word' id='word_1_169' title='bbox 854 786 955 826; x_wconf 54' lang='lat' dir='ltr'>mla-aq.</span> <span class='ocrx_word' id='word_1_170' title='bbox 983 779 1042 819; x_wconf 77' lang='lat' dir='ltr'>Et</span> <span class='ocrx_word' id='word_1_171' title='bbox 1060 787 1151 818; x_wconf 86' lang='lat' dir='ltr'>tunc</span> <span class='ocrx_word' id='word_1_172' title='bbox 1165 779 1314 832; x_wconf 81' lang='lat' dir='ltr'>quidem</span> <span class='ocrx_word' id='word_1_173' title='bbox 1324 777 1499 829; x_wconf 77' lang='lat' dir='ltr'>Meffenii</span> <span class='ocrx_word' id='word_1_174' title='bbox 1509 805 1520 824; x_wconf 84' lang='lat'>‚</span> <span class='ocrx_word' id='word_1_175' title='bbox 1539 778 1585 821; x_wconf 55' lang='grc' dir='ltr'>ὠ</span> <span class='ocrx_word' id='word_1_176' title='bbox 1597 793 1645 818; x_wconf 76' lang='lat' dir='ltr'>ex</span> <span class='ocrx_word' id='word_1_177' title='bbox 1656 778 1813 818; x_wconf 54' lang='lat' dir='ltr'>Achfeis</span> <span class='ocrx_word' id='word_1_178' title='bbox 1827 777 2035 825; x_wconf 61' lang='lat' dir='ltr'>&#39;&#39;Patrenlbs</span> <span class='ocrx_word' id='word_1_179' title='bbox 2052 779 2249 818; x_wconf 67' lang='lat' dir='ltr'>duntaxai</span> 
     </span>
     <span class='ocr_line' id='line_1_13' title="bbox 156 833 2250 892; baseline -0.003 -13"><span class='ocrx_word' id='word_1_180' title='bbox 156 838 336 892; x_wconf 78' lang='lat' dir='ltr'>Laphriae</span> <span class='ocrx_word' id='word_1_181' title='bbox 348 851 477 878; x_wconf 85' lang='lat' dir='ltr'>nomen</span> <span class='ocrx_word' id='word_1_182' title='bbox 490 838 714 892; x_wconf 78' lang='lat' dir='ltr'>usurparunt</span> <span class='ocrx_word' id='word_1_183' title='bbox 726 852 737 876; x_wconf 93' lang='grc'><em>;</em></span> <span class='ocrx_word' id='word_1_184' title='bbox 747 835 943 890; x_wconf 73' lang='lat' dir='ltr'>Ephefiam</span> <span class='ocrx_word' id='word_1_185' title='bbox 950 833 1100 890; x_wconf 78' lang='lat' dir='ltr'>quidem</span> <span class='ocrx_word' id='word_1_186' title='bbox 1109 833 1291 873; x_wconf 79' lang='lat' dir='ltr'>‘Dianam</span> <span class='ocrx_word' id='word_1_187' title='bbox 1298 833 1409 872; x_wconf 82' lang='lat' dir='ltr'>urbes</span> <span class='ocrx_word' id='word_1_188' title='bbox 1409 834 1526 888; x_wconf 56' lang='lat' dir='ltr'>prope?</span> <span class='ocrx_word' id='word_1_189' title='bbox 1539 835 1681 875; x_wconf 59' lang='lat' dir='ltr'>curtc‘z‘ae</span> <span class='ocrx_word' id='word_1_190' title='bbox 1691 834 1813 873; x_wconf 62' lang='lat' dir='ltr'>eodem</span> <span class='ocrx_word' id='word_1_191' title='bbox 1826 833 2016 873; x_wconf 59' lang='lat' dir='ltr'>celebrant*</span> <span class='ocrx_word' id='word_1_192' title='bbox 2028 834 2250 885; x_wconf 63' lang='lat' dir='ltr'>c0gmmine0</span> 
     </span>
    </p>
   </div>
   <div class='ocr_carea' id='block_1_4' title="bbox 209 911 1545 1053">
    <p class='ocr_par' dir='ltr' id='par_1_4' title="bbox 209 911 1545 1053">
     <span class='ocr_line' id='line_1_14' title="bbox 209 911 1320 968; baseline -0.005 -11"><span class='ocrx_word' id='word_1_193' title='bbox 209 917 291 957; x_wconf 85' lang='lat' dir='ltr'>Hic</span> <span class='ocrx_word' id='word_1_194' title='bbox 305 930 475 958; x_wconf 82' lang='lat' dir='ltr'>nummus</span> <span class='ocrx_word' id='word_1_195' title='bbox 475 914 637 968; x_wconf 83' lang='lat' dir='ltr'>secundi</span> <span class='ocrx_word' id='word_1_196' title='bbox 651 914 791 957; x_wconf 86' lang='lat' dir='ltr'>moduli</span> <span class='ocrx_word' id='word_1_197' title='bbox 805 917 907 955; x_wconf 82' lang='lat' dir='ltr'>inter</span> <span class='ocrx_word' id='word_1_198' title='bbox 921 926 1026 954; x_wconf 78' lang='lat' dir='ltr'>raros</span> <span class='ocrx_word' id='word_1_199' title='bbox 1040 911 1320 962; x_wconf 78' lang='lat' dir='ltr'>adscribendus.</span> 
     </span>
     <span class='ocr_line' id='line_1_15' title="bbox 861 1008 1545 1053; baseline -0.004 -1"><span class='ocrx_word' id='word_1_200' title='bbox 861 1012 904 1053; x_wconf 78' lang='lat' dir='ltr'><em>P</em></span> <span class='ocrx_word' id='word_1_201' title='bbox 960 1011 1012 1051; x_wconf 92' lang='lat' dir='ltr'><em>H</em></span> <span class='ocrx_word' id='word_1_202' title='bbox 1061 1011 1090 1050; x_wconf 95' lang='grc' dir='ltr'><em>Ι</em></span> <span class='ocrx_word' id='word_1_203' title='bbox 1141 1009 1180 1050; x_wconf 88' lang='lat' dir='ltr'><em>L</em></span> <span class='ocrx_word' id='word_1_204' title='bbox 1236 1010 1266 1050; x_wconf 95' lang='lat' dir='ltr'><em>I</em></span> <span class='ocrx_word' id='word_1_205' title='bbox 1314 1008 1358 1050; x_wconf 79' lang='lat' dir='ltr'><em>P</em></span> <span class='ocrx_word' id='word_1_206' title='bbox 1414 1008 1458 1050; x_wconf 77' lang='lat' dir='ltr'><em>P</em></span> <span class='ocrx_word' id='word_1_207' title='bbox 1513 1009 1545 1051; x_wconf 63' lang='lat' dir='ltr'>I⁴</span> 
     </span>
    </p>
   </div>
   <div class='ocr_carea' id='block_1_5' title="bbox 1030 1110 1402 1475">
    <p class='ocr_par' dir='ltr' id='par_1_5' title="bbox 1030 1110 1402 1475">
     <span class='ocr_line' id='line_1_16' title="bbox 1030 1110 1402 1475; baseline 0 2739"><span class='ocrx_word' id='word_1_208' title='bbox 1030 1110 1402 1475; x_wconf 95' lang='lat' dir='ltr'> </span> 
     </span>
    </p>
   </div>
   <div class='ocr_carea' id='block_1_6' title="bbox 153 1596 2253 1764">
    <p class='ocr_par' dir='ltr' id='par_1_6' title="bbox 153 1596 2253 1764">
     <span class='ocr_line' id='line_1_17' title="bbox 153 1596 1969 1653; baseline -0.001 -14"><span class='ocrx_word' id='word_1_209' title='bbox 153 1608 261 1640; x_wconf 77' lang='grc' dir='ltr'><strong>ῙΜΡ.</strong></span> <span class='ocrx_word' id='word_1_210' title='bbox 294 1613 316 1639; x_wconf 90' lang='lat' dir='ltr'>c</span> <span class='ocrx_word' id='word_1_211' title='bbox 330 1612 357 1638; x_wconf 81' lang='lat' dir='ltr'>A</span> <span class='ocrx_word' id='word_1_212' title='bbox 369 1613 393 1639; x_wconf 78' lang='lat' dir='ltr'>E</span> <span class='ocrx_word' id='word_1_213' title='bbox 407 1613 440 1639; x_wconf 85' lang='lat' dir='ltr'>s.</span> <span class='ocrx_word' id='word_1_214' title='bbox 468 1613 495 1639; x_wconf 87' lang='lat' dir='ltr'>D</span> <span class='ocrx_word' id='word_1_215' title='bbox 507 1613 533 1638; x_wconf 94' lang='lat' dir='ltr'>o</span> <span class='ocrx_word' id='word_1_216' title='bbox 547 1612 582 1638; x_wconf 89' lang='lat' dir='ltr'>M</span> <span class='ocrx_word' id='word_1_217' title='bbox 595 1612 610 1638; x_wconf 89' lang='lat'>1</span> <span class='ocrx_word' id='word_1_218' title='bbox 622 1608 660 1652; x_wconf 67' lang='lat' dir='ltr'>T·</span> <span class='ocrx_word' id='word_1_219' title='bbox 693 1611 721 1638; x_wconf 85' lang='lat' dir='ltr'>A</span> <span class='ocrx_word' id='word_1_220' title='bbox 735 1612 761 1639; x_wconf 86' lang='lat' dir='ltr'>v</span> <span class='ocrx_word' id='word_1_221' title='bbox 775 1611 812 1638; x_wconf 84' lang='lat' dir='ltr'>G.</span> <span class='ocrx_word' id='word_1_222' title='bbox 844 1611 906 1638; x_wconf 83' lang='lat' dir='ltr'>GE</span> <span class='ocrx_word' id='word_1_223' title='bbox 922 1611 951 1638; x_wconf 64' lang='lat' dir='ltr'>t&lt;</span> <span class='ocrx_word' id='word_1_224' title='bbox 964 1607 1014 1638; x_wconf 82' lang='grc' dir='ltr'>Μ.</span> <span class='ocrx_word' id='word_1_225' title='bbox 1046 1613 1070 1639; x_wconf 89' lang='lat' dir='ltr'>c</span> <span class='ocrx_word' id='word_1_226' title='bbox 1082 1612 1108 1637; x_wconf 94' lang='lat' dir='ltr'>o</span> <span class='ocrx_word' id='word_1_227' title='bbox 1122 1611 1153 1638; x_wconf 86' lang='lat' dir='ltr'>s.</span> <span class='ocrx_word' id='word_1_228' title='bbox 1186 1612 1212 1638; x_wconf 81' lang='lat' dir='ltr'>x</span> <span class='ocrx_word' id='word_1_229' title='bbox 1227 1609 1242 1638; x_wconf 90' lang='lat'>1</span> <span class='ocrx_word' id='word_1_230' title='bbox 1261 1612 1277 1638; x_wconf 91' lang='lat'>1</span> <span class='ocrx_word' id='word_1_231' title='bbox 1297 1612 1330 1638; x_wconf 89' lang='lat'>1.</span> <span class='ocrx_word' id='word_1_232' title='bbox 1368 1597 1498 1653; x_wconf 88' lang='lat' dir='ltr'>Caput</span> <span class='ocrx_word' id='word_1_233' title='bbox 1513 1597 1730 1639; x_wconf 84' lang='lat' dir='ltr'>Domitiani</span> <span class='ocrx_word' id='word_1_234' title='bbox 1744 1596 1969 1638; x_wconf 81' lang='lat' dir='ltr'>laureatum.</span> 
     </span>
     <span class='ocr_line' id='line_1_18' title="bbox 206 1651 2253 1709; baseline -0 -14"><span class='ocrx_word' id='word_1_235' title='bbox 206 1670 229 1696; x_wconf 93' lang='lat' dir='ltr'>c</span> <span class='ocrx_word' id='word_1_236' title='bbox 239 1669 265 1694; x_wconf 94' lang='lat'>0</span> <span class='ocrx_word' id='word_1_237' title='bbox 278 1669 316 1694; x_wconf 87' lang='lat' dir='ltr'>L.</span> <span class='ocrx_word' id='word_1_238' title='bbox 350 1668 366 1694; x_wconf 88' lang='lat'>1</span> <span class='ocrx_word' id='word_1_239' title='bbox 378 1670 404 1695; x_wconf 92' lang='lat' dir='ltr'>v</span> <span class='ocrx_word' id='word_1_240' title='bbox 418 1670 455 1695; x_wconf 86' lang='lat' dir='ltr'>L.</span> <span class='ocrx_word' id='word_1_241' title='bbox 489 1668 516 1693; x_wconf 88' lang='lat' dir='ltr'>A</span> <span class='ocrx_word' id='word_1_242' title='bbox 530 1669 557 1694; x_wconf 88' lang='lat' dir='ltr'>v</span> <span class='ocrx_word' id='word_1_243' title='bbox 571 1668 612 1694; x_wconf 86' lang='lat' dir='ltr'>G.</span> <span class='ocrx_word' id='word_1_244' title='bbox 643 1668 663 1692; x_wconf 86' lang='lat' dir='ltr'>P</span> <span class='ocrx_word' id='word_1_245' title='bbox 674 1668 702 1693; x_wconf 84' lang='lat' dir='ltr'>H</span> <span class='ocrx_word' id='word_1_246' title='bbox 715 1668 730 1693; x_wconf 93' lang='lat'>1</span> <span class='ocrx_word' id='word_1_247' title='bbox 742 1669 767 1694; x_wconf 85' lang='lat' dir='ltr'>L</span> <span class='ocrx_word' id='word_1_248' title='bbox 780 1668 795 1694; x_wconf 93' lang='lat'>1</span> <span class='ocrx_word' id='word_1_249' title='bbox 807 1667 828 1692; x_wconf 82' lang='lat' dir='ltr'>P</span> <span class='ocrx_word' id='word_1_250' title='bbox 839 1667 874 1692; x_wconf 82' lang='lat' dir='ltr'>P.</span> <span class='ocrx_word' id='word_1_251' title='bbox 905 1654 1061 1694; x_wconf 75' lang='lat' dir='ltr'>Colonia</span> <span class='ocrx_word' id='word_1_252' title='bbox 1072 1653 1190 1707; x_wconf 82' lang='lat' dir='ltr'>Julia</span> <span class='ocrx_word' id='word_1_253' title='bbox 1207 1653 1382 1709; x_wconf 76' lang='lat' dir='ltr'>Augusta</span> <span class='ocrx_word' id='word_1_254' title='bbox 1400 1654 1660 1709; x_wconf 68' lang='lat' dir='ltr'>Philippenfis.</span> <span class='ocrx_word' id='word_1_255' title='bbox 1690 1655 1791 1695; x_wconf 80' lang='lat' dir='ltr'>Duae</span> <span class='ocrx_word' id='word_1_256' title='bbox 1809 1653 1940 1709; x_wconf 66' lang='lat' dir='ltr'>figurae</span> <span class='ocrx_word' id='word_1_257' title='bbox 1959 1651 2035 1694; x_wconf 76' lang='lat' dir='ltr'>basi</span> <span class='ocrx_word' id='word_1_258' title='bbox 2052 1651 2253 1708; x_wconf 40' lang='lat' dir='ltr'>imposita&amp;</span> 
     </span>
     <span class='ocr_line' id='line_1_19' title="bbox 261 1708 1632 1764; baseline 0.001 -15"><span class='ocrx_word' id='word_1_259' title='bbox 261 1724 422 1764; x_wconf 89' lang='lat' dir='ltr'>quarum</span> <span class='ocrx_word' id='word_1_260' title='bbox 439 1710 553 1751; x_wconf 88' lang='lat' dir='ltr'>altera</span> <span class='ocrx_word' id='word_1_261' title='bbox 570 1708 760 1751; x_wconf 88' lang='lat' dir='ltr'>muliebris</span> <span class='ocrx_word' id='word_1_262' title='bbox 772 1736 784 1756; x_wconf 88' lang='lat'>,</span> <span class='ocrx_word' id='word_1_263' title='bbox 814 1709 911 1749; x_wconf 90' lang='lat' dir='ltr'>virili</span> <span class='ocrx_word' id='word_1_264' title='bbox 927 1710 1033 1751; x_wconf 89' lang='lat' dir='ltr'>alteri</span> <span class='ocrx_word' id='word_1_265' title='bbox 1050 1710 1241 1764; x_wconf 71' lang='lat' dir='ltr'>paiudatae</span> <span class='ocrx_word' id='word_1_266' title='bbox 1256 1724 1438 1750; x_wconf 87' lang='lat' dir='ltr'>coronam</span> <span class='ocrx_word' id='word_1_267' title='bbox 1454 1711 1632 1764; x_wconf 89' lang='lat' dir='ltr'>imponit.</span> 
     </span>
    </p>
   </div>
   <div class='ocr_carea' id='block_1_7' title="bbox 147 1785 2254 2199">
    <p class='ocr_par' dir='ltr' id='par_1_7' title="bbox 147 1785 2254 2120">
     <span class='ocr_line' id='line_1_20' title="bbox 201 1785 2254 1843; baseline 0.001 -15"><span class='ocrx_word' id='word_1_268' title='bbox 201 1787 465 1843; x_wconf 85' lang='lat' dir='ltr'>Philippenses</span> <span class='ocrx_word' id='word_1_269' title='bbox 483 1787 725 1829; x_wconf 63' lang='lat' dir='ltr'>Macedoniae</span> <span class='ocrx_word' id='word_1_270' title='bbox 738 1801 919 1828; x_wconf 89' lang='lat' dir='ltr'>nummos</span> <span class='ocrx_word' id='word_1_271' title='bbox 936 1801 978 1829; x_wconf 92' lang='lat' dir='ltr'>ut</span> <span class='ocrx_word' id='word_1_272' title='bbox 994 1786 1252 1842; x_wconf 68' lang='lat' dir='ltr'>Vespasianm·</span> <span class='ocrx_word' id='word_1_273' title='bbox 1282 1788 1332 1828; x_wconf 85' lang='lat' dir='ltr'>fic</span> <span class='ocrx_word' id='word_1_274' title='bbox 1349 1788 1576 1830; x_wconf 86' lang='lat' dir='ltr'>Domitiano</span> <span class='ocrx_word' id='word_1_275' title='bbox 1594 1802 1681 1828; x_wconf 90' lang='lat' dir='ltr'>cum</span> <span class='ocrx_word' id='word_1_276' title='bbox 1700 1785 1840 1828; x_wconf 85' lang='lat' dir='ltr'>codem</span> <span class='ocrx_word' id='word_1_277' title='bbox 1859 1800 1956 1842; x_wconf 87' lang='lat' dir='ltr'>typo</span> <span class='ocrx_word' id='word_1_278' title='bbox 1973 1790 2254 1843; x_wconf 67' lang='lat' dir='ltr'>percusscrunt,</span> 
     </span>
     <span class='ocr_line' id='line_1_21' title="bbox 149 1843 2254 1900; baseline 0 -16"><span class='ocrx_word' id='word_1_279' title='bbox 149 1845 238 1884; x_wconf 70' lang='lat' dir='ltr'>cnm</span> <span class='ocrx_word' id='word_1_280' title='bbox 265 1843 324 1883; x_wconf 82' lang='lat' dir='ltr'>ille</span> <span class='ocrx_word' id='word_1_281' title='bbox 346 1843 599 1885; x_wconf 87' lang='lat' dir='ltr'>Consulatum</span> <span class='ocrx_word' id='word_1_282' title='bbox 619 1857 643 1883; x_wconf 84' lang='lat' dir='ltr'><strong>x</strong></span> <span class='ocrx_word' id='word_1_283' title='bbox 657 1858 672 1883; x_wconf 94' lang='lat'>1</span> <span class='ocrx_word' id='word_1_284' title='bbox 692 1857 707 1882; x_wconf 93' lang='lat'>1</span> <span class='ocrx_word' id='word_1_285' title='bbox 726 1857 758 1882; x_wconf 91' lang='lat'>1.</span> <span class='ocrx_word' id='word_1_286' title='bbox 788 1847 825 1883; x_wconf 69' lang='grc' dir='ltr'>ὃς</span> <span class='ocrx_word' id='word_1_287' title='bbox 845 1844 1102 1884; x_wconf 89' lang='lat' dir='ltr'>Tribunitiam</span> <span class='ocrx_word' id='word_1_288' title='bbox 1119 1844 1347 1898; x_wconf 84' lang='lat' dir='ltr'>potestatem</span> <span class='ocrx_word' id='word_1_289' title='bbox 1368 1859 1401 1883; x_wconf 86' lang='lat' dir='ltr'>V.</span> <span class='ocrx_word' id='word_1_290' title='bbox 1421 1856 1548 1900; x_wconf 85' lang='lat' dir='ltr'>ageret</span> <span class='ocrx_word' id='word_1_291' title='bbox 1566 1870 1578 1891; x_wconf 85' lang='lat'>‚</span> <span class='ocrx_word' id='word_1_292' title='bbox 1608 1845 1646 1883; x_wconf 88' lang='lat' dir='ltr'>in</span> <span class='ocrx_word' id='word_1_293' title='bbox 1669 1858 1745 1897; x_wconf 89' lang='lat' dir='ltr'>qua</span> <span class='ocrx_word' id='word_1_294' title='bbox 1768 1843 1819 1883; x_wconf 89' lang='lat' dir='ltr'>de</span> <span class='ocrx_word' id='word_1_295' title='bbox 1839 1844 1964 1884; x_wconf 80' lang='lat' dir='ltr'>Cattis</span> <span class='ocrx_word' id='word_1_296' title='bbox 1986 1849 2024 1883; x_wconf 66' lang='grc' dir='ltr'>ὃς</span> <span class='ocrx_word' id='word_1_297' title='bbox 2046 1846 2254 1886; x_wconf 86' lang='lat' dir='ltr'>Germanis</span> 
     </span>
     <span class='ocr_line' id='line_1_22' title="bbox 149 1898 2252 1954; baseline 0 -14"><span class='ocrx_word' id='word_1_298' title='bbox 149 1899 420 1952; x_wconf 86' lang='lat' dir='ltr'>triumphavit,</span> <span class='ocrx_word' id='word_1_299' title='bbox 448 1899 517 1953; x_wconf 86' lang='lat' dir='ltr'>ipfi</span> <span class='ocrx_word' id='word_1_300' title='bbox 534 1898 638 1938; x_wconf 92' lang='lat' dir='ltr'>haud</span> <span class='ocrx_word' id='word_1_301' title='bbox 654 1898 772 1938; x_wconf 70' lang='lat' dir='ltr'>dubie</span> <span class='ocrx_word' id='word_1_302' title='bbox 789 1913 873 1939; x_wconf 87' lang='lat' dir='ltr'>eam</span> <span class='ocrx_word' id='word_1_303' title='bbox 890 1900 943 1939; x_wconf 91' lang='lat' dir='ltr'>ob</span> <span class='ocrx_word' id='word_1_304' title='bbox 959 1913 1039 1939; x_wconf 91' lang='lat' dir='ltr'>rem</span> <span class='ocrx_word' id='word_1_305' title='bbox 1056 1900 1308 1954; x_wconf 84' lang='lat' dir='ltr'>gratulantes;</span> <span class='ocrx_word' id='word_1_306' title='bbox 1337 1900 1402 1940; x_wconf 88' lang='lat' dir='ltr'>sed</span> <span class='ocrx_word' id='word_1_307' title='bbox 1418 1901 1579 1954; x_wconf 80' lang='lat' dir='ltr'>Augusti</span> <span class='ocrx_word' id='word_1_308' title='bbox 1592 1900 1774 1952; x_wconf 89' lang='lat' dir='ltr'>Principis</span> <span class='ocrx_word' id='word_1_309' title='bbox 1793 1914 1881 1954; x_wconf 82' lang='lat' dir='ltr'>erga</span> <span class='ocrx_word' id='word_1_310' title='bbox 1901 1899 1936 1939; x_wconf 90' lang='lat' dir='ltr'>se</span> <span class='ocrx_word' id='word_1_311' title='bbox 1954 1900 2252 1941; x_wconf 69' lang='lat' dir='ltr'>munificentissi-</span> 
     </span>
     <span class='ocr_line' id='line_1_23' title="bbox 150 1953 2253 2008; baseline 0 -14"><span class='ocrx_word' id='word_1_312' title='bbox 150 1955 206 1994; x_wconf 89' lang='lat' dir='ltr'>mi</span> <span class='ocrx_word' id='word_1_313' title='bbox 220 1953 380 1994; x_wconf 85' lang='lat' dir='ltr'>statuam</span> <span class='ocrx_word' id='word_1_314' title='bbox 398 1965 442 1995; x_wconf 90' lang='lat' dir='ltr'>ut</span> <span class='ocrx_word' id='word_1_315' title='bbox 459 1969 538 1994; x_wconf 86' lang='lat' dir='ltr'>rem</span> <span class='ocrx_word' id='word_1_316' title='bbox 555 1954 633 1994; x_wconf 87' lang='lat' dir='ltr'>aliis</span> <span class='ocrx_word' id='word_1_317' title='bbox 653 1953 955 2006; x_wconf 87' lang='lat' dir='ltr'>Imperatoribus</span> <span class='ocrx_word' id='word_1_318' title='bbox 971 1955 1040 2008; x_wconf 91' lang='lat' dir='ltr'>qui</span> <span class='ocrx_word' id='word_1_319' title='bbox 1060 1955 1107 1994; x_wconf 86' lang='lat' dir='ltr'>ab</span> <span class='ocrx_word' id='word_1_320' title='bbox 1127 1955 1193 1994; x_wconf 89' lang='lat' dir='ltr'>illo</span> <span class='ocrx_word' id='word_1_321' title='bbox 1212 1954 1376 2008; x_wconf 86' lang='lat' dir='ltr'>Augusti</span> <span class='ocrx_word' id='word_1_322' title='bbox 1393 1967 1537 1994; x_wconf 87' lang='lat' dir='ltr'>nomen</span> <span class='ocrx_word' id='word_1_323' title='bbox 1557 1965 1787 2007; x_wconf 88' lang='lat' dir='ltr'>acceperunt</span> <span class='ocrx_word' id='word_1_324' title='bbox 1800 1981 1811 1999; x_wconf 90' lang='lat'>‚</span> <span class='ocrx_word' id='word_1_325' title='bbox 1838 1966 1983 2008; x_wconf 82' lang='lat' dir='ltr'>gratam</span> <span class='ocrx_word' id='word_1_326' title='bbox 2004 1956 2183 1996; x_wconf 81' lang='lat' dir='ltr'>exhibere</span> <span class='ocrx_word' id='word_1_327' title='bbox 2196 1956 2253 1995; x_wconf 89' lang='lat' dir='ltr'>vi-</span> 
     </span>
     <span class='ocr_line' id='line_1_24' title="bbox 148 2008 2249 2065; baseline 0.001 -16"><span class='ocrx_word' id='word_1_328' title='bbox 148 2009 311 2050; x_wconf 82' lang='lat' dir='ltr'>dentur:</span> <span class='ocrx_word' id='word_1_329' title='bbox 340 2009 387 2049; x_wconf 92' lang='lat' dir='ltr'>ab</span> <span class='ocrx_word' id='word_1_330' title='bbox 405 2010 580 2065; x_wconf 87' lang='lat' dir='ltr'>Augusto</span> <span class='ocrx_word' id='word_1_331' title='bbox 597 2008 700 2049; x_wconf 90' lang='lat' dir='ltr'>enirn</span> <span class='ocrx_word' id='word_1_332' title='bbox 716 2008 971 2062; x_wconf 74' lang='lat' dir='ltr'>Philippensis</span> <span class='ocrx_word' id='word_1_333' title='bbox 983 2009 1152 2049; x_wconf 82' lang='lat' dir='ltr'>Colonia</span> <span class='ocrx_word' id='word_1_334' title='bbox 1166 2009 1262 2063; x_wconf 82' lang='lat' dir='ltr'>J&#39;uris</span> <span class='ocrx_word' id='word_1_335' title='bbox 1277 2009 1398 2050; x_wconf 89' lang='lat' dir='ltr'>Italici</span> <span class='ocrx_word' id='word_1_336' title='bbox 1416 2008 1515 2050; x_wconf 67' lang='lat' dir='ltr'>fasta</span> <span class='ocrx_word' id='word_1_337' title='bbox 1529 2009 1584 2049; x_wconf 85' lang='lat' dir='ltr'>est</span> <span class='ocrx_word' id='word_1_338' title='bbox 1596 2035 1609 2056; x_wconf 85' lang='lat'>,</span> <span class='ocrx_word' id='word_1_339' title='bbox 1637 2008 1747 2061; x_wconf 91' lang='lat' dir='ltr'>cujus</span> <span class='ocrx_word' id='word_1_340' title='bbox 1764 2009 1940 2050; x_wconf 81' lang='lat' dir='ltr'>meminit</span> <span class='ocrx_word' id='word_1_341' title='bbox 1955 2009 2091 2052; x_wconf 84' lang='lat' dir='ltr'>Celsus</span> <span class='ocrx_word' id='word_1_342' title='bbox 2105 2011 2165 2051; x_wconf 88' lang='lat' dir='ltr'>lib.</span> <span class='ocrx_word' id='word_1_343' title='bbox 2184 2018 2202 2050; x_wconf 76' lang='lat'>2</span> <span class='ocrx_word' id='word_1_344' title='bbox 2214 2023 2249 2063; x_wconf 75' lang='grc' dir='ltr'>ς,</span> 
     </span>
     <span class='ocr_line' id='line_1_25' title="bbox 147 2063 1828 2120; baseline -0.004 -13"><span class='ocrx_word' id='word_1_345' title='bbox 147 2063 294 2120; x_wconf 84' lang='lat' dir='ltr'>Digest.</span> <span class='ocrx_word' id='word_1_346' title='bbox 325 2064 479 2106; x_wconf 87' lang='lat' dir='ltr'><em>Colonia</em></span> <span class='ocrx_word' id='word_1_347' title='bbox 499 2063 751 2118; x_wconf 75' lang='lat' dir='ltr'>Philippenfis</span> <span class='ocrx_word' id='word_1_348' title='bbox 756 2064 869 2118; x_wconf 85' lang='lat' dir='ltr'>juris</span> <span class='ocrx_word' id='word_1_349' title='bbox 885 2063 1021 2103; x_wconf 85' lang='lat' dir='ltr'>Italici</span> <span class='ocrx_word' id='word_1_350' title='bbox 1035 2064 1098 2115; x_wconf 73' lang='lat' dir='ltr'>cst.</span> <span class='ocrx_word' id='word_1_351' title='bbox 1405 2070 1407 2074; x_wconf 82' lang='grc'>’</span> <span class='ocrx_word' id='word_1_352' title='bbox 1726 2063 1729 2066; x_wconf 68' lang='grc'>’</span> <span class='ocrx_word' id='word_1_353' title='bbox 1826 2065 1828 2068; x_wconf 76' lang='grc'>’</span> 
     </span>
    </p>

    <p class='ocr_par' dir='ltr' id='par_1_8' title="bbox 149 2135 1938 2199">
     <span class='ocr_line' id='line_1_26' title="bbox 149 2135 1938 2199; baseline -0.001 -17"><span class='ocrx_word' id='word_1_354' title='bbox 149 2150 161 2155; x_wconf 71' lang='grc'>·’</span> <span class='ocrx_word' id='word_1_355' title='bbox 199 2141 283 2183; x_wconf 88' lang='lat' dir='ltr'>Hic</span> <span class='ocrx_word' id='word_1_356' title='bbox 302 2155 472 2184; x_wconf 84' lang='lat' dir='ltr'>nummus</span> <span class='ocrx_word' id='word_1_357' title='bbox 485 2142 702 2189; x_wconf 78' lang='lat' dir='ltr'>mediocris,</span> <span class='ocrx_word' id='word_1_358' title='bbox 729 2139 753 2182; x_wconf 73' lang='grc' dir='ltr'><em>ὰ</em></span> <span class='ocrx_word' id='word_1_359' title='bbox 771 2140 920 2181; x_wconf 78' lang='lat' dir='ltr'>Patina</span> <span class='ocrx_word' id='word_1_360' title='bbox 929 2150 1022 2196; x_wconf 81' lang='lat' dir='ltr'>pag.</span> <span class='ocrx_word' id='word_1_361' title='bbox 1039 2143 1125 2193; x_wconf 86' lang='lat'><em>163.</em></span> <span class='ocrx_word' id='word_1_362' title='bbox 1145 2136 1353 2194; x_wconf 49' lang='lat' dir='ltr'>vagatus,</span> <span class='ocrx_word' id='word_1_363' title='bbox 1380 2153 1448 2181; x_wconf 86' lang='lat' dir='ltr'>nec</span> <span class='ocrx_word' id='word_1_364' title='bbox 1464 2152 1576 2182; x_wconf 81' lang='lat' dir='ltr'>rarus</span> <span class='ocrx_word' id='word_1_365' title='bbox 1590 2151 1658 2182; x_wconf 83' lang='lat' dir='ltr'>nec</span> <span class='ocrx_word' id='word_1_366' title='bbox 1670 2135 1808 2191; x_wconf 75' lang='lat' dir='ltr'>obvius</span> <span class='ocrx_word' id='word_1_367' title='bbox 1824 2139 1886 2193; x_wconf 71' lang='lat' dir='ltr'>est,</span> <span class='ocrx_word' id='word_1_368' title='bbox 1935 2195 1938 2199; x_wconf 13' lang='grc' dir='ltr'>ὓ</span> 
     </span>
    </p>
   </div>
   <div class='ocr_carea' id='block_1_8' title="bbox 995 2225 1405 2270">
    <p class='ocr_par' dir='ltr' id='par_1_9' title="bbox 995 2225 1405 2270">
     <span class='ocr_line' id='line_1_27' title="bbox 995 2225 1405 2270; baseline 0.002 -3"><span class='ocrx_word' id='word_1_369' title='bbox 995 2225 1405 2270; x_wconf 75' lang='lat' dir='ltr'><em>STOBL</em></span> 
     </span>
    </p>
   </div>
   <div class='ocr_carea' id='block_1_9' title="bbox 1000 2321 1386 2708">
    <p class='ocr_par' dir='ltr' id='par_1_10' title="bbox 1000 2321 1386 2708">
     <span class='ocr_line' id='line_1_28' title="bbox 1000 2321 1386 2708; baseline 0 1506"><span class='ocrx_word' id='word_1_370' title='bbox 1000 2321 1386 2708; x_wconf 95' lang='lat' dir='ltr'> </span> 
     </span>
    </p>
   </div>
   <div class='ocr_carea' id='block_1_10' title="bbox 148 2776 2246 2946">
    <p class='ocr_par' dir='ltr' id='par_1_11' title="bbox 148 2776 2246 2946">
     <span class='ocr_line' id='line_1_29' title="bbox 148 2776 1757 2833; baseline 0.002 -11"><span class='ocrx_word' id='word_1_371' title='bbox 148 2797 165 2823; x_wconf 86' lang='lat'>1</span> <span class='ocrx_word' id='word_1_372' title='bbox 176 2795 212 2822; x_wconf 87' lang='lat' dir='ltr'>M</span> <span class='ocrx_word' id='word_1_373' title='bbox 226 2795 256 2821; x_wconf 75' lang='lat' dir='ltr'>p.</span> <span class='ocrx_word' id='word_1_374' title='bbox 288 2794 311 2820; x_wconf 94' lang='lat' dir='ltr'>c</span> <span class='ocrx_word' id='word_1_375' title='bbox 324 2793 350 2820; x_wconf 83' lang='lat' dir='ltr'>A</span> <span class='ocrx_word' id='word_1_376' title='bbox 364 2793 388 2819; x_wconf 79' lang='lat' dir='ltr'>E</span> <span class='ocrx_word' id='word_1_377' title='bbox 401 2791 435 2819; x_wconf 84' lang='lat' dir='ltr'>s.</span> <span class='ocrx_word' id='word_1_378' title='bbox 465 2793 526 2819; x_wconf 85' lang='lat' dir='ltr'>Do</span> <span class='ocrx_word' id='word_1_379' title='bbox 538 2791 575 2818; x_wconf 88' lang='lat' dir='ltr'>M</span> <span class='ocrx_word' id='word_1_380' title='bbox 587 2792 602 2818; x_wconf 89' lang='lat'>1</span> <span class='ocrx_word' id='word_1_381' title='bbox 614 2791 638 2818; x_wconf 83' lang='lat' dir='ltr'>T</span> <span class='ocrx_word' id='word_1_382' title='bbox 651 2790 666 2817; x_wconf 88' lang='lat'>1</span> <span class='ocrx_word' id='word_1_383' title='bbox 679 2790 706 2817; x_wconf 79' lang='lat' dir='ltr'>A</span> <span class='ocrx_word' id='word_1_384' title='bbox 719 2790 764 2818; x_wconf 78' lang='lat' dir='ltr'>N.</span> <span class='ocrx_word' id='word_1_385' title='bbox 794 2791 821 2817; x_wconf 82' lang='lat' dir='ltr'>A</span> <span class='ocrx_word' id='word_1_386' title='bbox 836 2790 863 2818; x_wconf 88' lang='lat' dir='ltr'><strong>v</strong></span> <span class='ocrx_word' id='word_1_387' title='bbox 875 2788 914 2818; x_wconf 75' lang='lat' dir='ltr'>G.</span> <span class='ocrx_word' id='word_1_388' title='bbox 947 2791 974 2818; x_wconf 70' lang='lat' dir='ltr'>c,</span> <span class='ocrx_word' id='word_1_389' title='bbox 986 2793 1009 2818; x_wconf 85' lang='lat' dir='ltr'>E</span> <span class='ocrx_word' id='word_1_390' title='bbox 1023 2792 1054 2819; x_wconf 71' lang='lat' dir='ltr'>R</span> <span class='ocrx_word' id='word_1_391' title='bbox 1065 2791 1113 2818; x_wconf 87' lang='grc' dir='ltr'>Μ.</span> <span class='ocrx_word' id='word_1_392' title='bbox 1154 2776 1288 2833; x_wconf 90' lang='lat' dir='ltr'>Caput</span> <span class='ocrx_word' id='word_1_393' title='bbox 1303 2778 1517 2823; x_wconf 86' lang='lat' dir='ltr'>Domitiani</span> <span class='ocrx_word' id='word_1_394' title='bbox 1533 2781 1757 2825; x_wconf 83' lang='lat' dir='ltr'>laureatum.</span> 
     </span>
     <span class='ocr_line' id='line_1_30' title="bbox 201 2833 2246 2901; baseline 0.006 -26"><span class='ocrx_word' id='word_1_395' title='bbox 201 2851 239 2878; x_wconf 84' lang='lat' dir='ltr'>M</span> <span class='ocrx_word' id='word_1_396' title='bbox 252 2849 277 2876; x_wconf 90' lang='lat' dir='ltr'><strong>v</strong></span> <span class='ocrx_word' id='word_1_397' title='bbox 289 2848 320 2875; x_wconf 85' lang='lat' dir='ltr'>N</span> <span class='ocrx_word' id='word_1_398' title='bbox 334 2849 383 2896; x_wconf 36' lang='lat'>1¹0</span> <span class='ocrx_word' id='word_1_399' title='bbox 396 2849 410 2875; x_wconf 92' lang='lat'>1</span> <span class='ocrx_word' id='word_1_400' title='bbox 422 2848 454 2874; x_wconf 86' lang='lat' dir='ltr'>P.</span> <span class='ocrx_word' id='word_1_401' title='bbox 486 2848 505 2874; x_wconf 89' lang='lat' dir='ltr'>s</span> <span class='ocrx_word' id='word_1_402' title='bbox 520 2848 543 2874; x_wconf 84' lang='lat' dir='ltr'>T</span> <span class='ocrx_word' id='word_1_403' title='bbox 558 2848 583 2873; x_wconf 94' lang='lat' dir='ltr'>o</span> <span class='ocrx_word' id='word_1_404' title='bbox 596 2848 618 2874; x_wconf 80' lang='lat' dir='ltr'>B</span> <span class='ocrx_word' id='word_1_405' title='bbox 629 2848 652 2873; x_wconf 78' lang='lat' dir='ltr'>F,</span> <span class='ocrx_word' id='word_1_406' title='bbox 664 2847 694 2873; x_wconf 86' lang='lat' dir='ltr'>N</span> <span class='ocrx_word' id='word_1_407' title='bbox 708 2847 741 2874; x_wconf 76' lang='lat' dir='ltr'>s,</span> <span class='ocrx_word' id='word_1_408' title='bbox 770 2833 1026 2889; x_wconf 81' lang='lat' dir='ltr'>Municipium</span> <span class='ocrx_word' id='word_1_409' title='bbox 1045 2833 1076 2875; x_wconf 90' lang='lat' dir='ltr'><em>S</em></span> <span class='ocrx_word' id='word_1_410' title='bbox 1075 2834 1284 2888; x_wconf 83' lang='lat' dir='ltr'>tobenstum.</span> <span class='ocrx_word' id='word_1_411' title='bbox 1319 2836 1530 2894; x_wconf 89' lang='lat' dir='ltr'>Templum</span> <span class='ocrx_word' id='word_1_412' title='bbox 1555 2851 1724 2893; x_wconf 85' lang='lat' dir='ltr'>quatuor</span> <span class='ocrx_word' id='word_1_413' title='bbox 1750 2840 2015 2883; x_wconf 87' lang='lat' dir='ltr'>columnarum</span> <span class='ocrx_word' id='word_1_414' title='bbox 2029 2868 2042 2891; x_wconf 81' lang='lat'>‚</span> <span class='ocrx_word' id='word_1_415' title='bbox 2070 2843 2110 2884; x_wconf 91' lang='lat' dir='ltr'>in</span> <span class='ocrx_word' id='word_1_416' title='bbox 2135 2845 2195 2901; x_wconf 89' lang='lat' dir='ltr'>cuj</span> <span class='ocrx_word' id='word_1_417' title='bbox 2202 2858 2246 2889; x_wconf 82' lang='lat' dir='ltr'>us</span> 
     </span>
     <span class='ocr_line' id='line_1_31' title="bbox 253 2888 845 2946; baseline -0.003 -15"><span class='ocrx_word' id='word_1_418' title='bbox 253 2890 384 2931; x_wconf 81' lang='lat' dir='ltr'>med10</span> <span class='ocrx_word' id='word_1_419' title='bbox 406 2889 524 2946; x_wconf 86' lang='lat' dir='ltr'>figura</span> <span class='ocrx_word' id='word_1_420' title='bbox 541 2888 722 2944; x_wconf 87' lang='lat' dir='ltr'>paludata</span> <span class='ocrx_word' id='word_1_421' title='bbox 734 2888 845 2930; x_wconf 79' lang='lat' dir='ltr'>stans.</span> 
     </span>
    </p>
   </div>
   <div class='ocr_carea' id='block_1_11' title="bbox 138 2956 2242 3346">
    <p class='ocr_par' dir='ltr' id='par_1_12' title="bbox 141 2956 2242 3133">
     <span class='ocr_line' id='line_1_32' title="bbox 198 2956 2242 3023; baseline 0.003 -22"><span class='ocrx_word' id='word_1_422' title='bbox 198 2960 327 3007; x_wconf 88' lang='lat' dir='ltr'>Stobi,</span> <span class='ocrx_word' id='word_1_423' title='bbox 353 2959 442 3000; x_wconf 87' lang='lat' dir='ltr'>urbs</span> <span class='ocrx_word' id='word_1_424' title='bbox 459 2958 674 3014; x_wconf 83' lang='lat' dir='ltr'>Pelagoniae</span> <span class='ocrx_word' id='word_1_425' title='bbox 689 2957 854 3013; x_wconf 86' lang='lat' dir='ltr'>regionis</span> <span class='ocrx_word' id='word_1_426' title='bbox 872 2958 912 2998; x_wconf 90' lang='lat' dir='ltr'>in</span> <span class='ocrx_word' id='word_1_427' title='bbox 930 2956 1166 2999; x_wconf 85' lang='lat' dir='ltr'>Macedonia</span> <span class='ocrx_word' id='word_1_428' title='bbox 1184 2958 1240 2999; x_wconf 88' lang='lat' dir='ltr'>est</span> <span class='ocrx_word' id='word_1_429' title='bbox 1256 2985 1268 3006; x_wconf 88' lang='lat'>‚</span> <span class='ocrx_word' id='word_1_430' title='bbox 1298 2959 1407 3014; x_wconf 91' lang='lat' dir='ltr'>cujus</span> <span class='ocrx_word' id='word_1_431' title='bbox 1423 2962 1598 3004; x_wconf 89' lang='lat' dir='ltr'>meminit</span> <span class='ocrx_word' id='word_1_432' title='bbox 1617 2963 1748 3005; x_wconf 85' lang='lat' dir='ltr'>Livius</span> <span class='ocrx_word' id='word_1_433' title='bbox 1767 2966 1902 3007; x_wconf 85' lang='lat' dir='ltr'>Decad</span> <span class='ocrx_word' id='word_1_434' title='bbox 1928 2981 1965 3019; x_wconf 88' lang='lat'>4.</span> <span class='ocrx_word' id='word_1_435' title='bbox 1984 2969 2043 3010; x_wconf 83' lang='lat' dir='ltr'>h&#39;b.</span> <span class='ocrx_word' id='word_1_436' title='bbox 2062 2982 2096 3023; x_wconf 82' lang='lat'>3.</span> <span class='ocrx_word' id='word_1_437' title='bbox 2128 2972 2242 3014; x_wconf 76' lang='lat' dir='ltr'>Circa,</span> 
     </span>
     <span class='ocr_line' id='line_1_33' title="bbox 142 3013 2242 3076; baseline 0.006 -20"><span class='ocrx_word' id='word_1_438' title='bbox 142 3016 275 3058; x_wconf 85' lang='lat' dir='ltr'><em>Stobos</em></span> <span class='ocrx_word' id='word_1_439' title='bbox 296 3015 514 3069; x_wconf 69' lang='lat' dir='ltr'>Pelagonia&gt;</span> <span class='ocrx_word' id='word_1_440' title='bbox 535 3013 736 3068; x_wconf 71' lang='lat' dir='ltr'>improvisi&gt;</span> <span class='ocrx_word' id='word_1_441' title='bbox 760 3013 877 3066; x_wconf 88' lang='lat' dir='ltr'>hostes</span> <span class='ocrx_word' id='word_1_442' title='bbox 903 3013 1079 3068; x_wconf 78' lang='lat' dir='ltr'>oppreffit.</span> <span class='ocrx_word' id='word_1_443' title='bbox 1119 3014 1322 3057; x_wconf 88' lang='lat' dir='ltr'>Stobenses</span> <span class='ocrx_word' id='word_1_444' title='bbox 1346 3019 1440 3058; x_wconf 81' lang='lat' dir='ltr'>vero</span> <span class='ocrx_word' id='word_1_445' title='bbox 1467 3018 1604 3059; x_wconf 75' lang='lat' dir='ltr'>Flavia:</span> <span class='ocrx_word' id='word_1_446' title='bbox 1632 3022 1738 3075; x_wconf 80' lang='lat' dir='ltr'>genti</span> <span class='ocrx_word' id='word_1_447' title='bbox 1766 3022 2018 3064; x_wconf 83' lang='lat' dir='ltr'>studiofissimi</span> <span class='ocrx_word' id='word_1_448' title='bbox 2042 3026 2242 3076; x_wconf 80' lang='lat' dir='ltr'>videntur,</span> 
     </span>
     <span class='ocr_line' id='line_1_34' title="bbox 141 3067 2237 3133; baseline 0.006 -22"><span class='ocrx_word' id='word_1_449' title='bbox 141 3071 287 3125; x_wconf 89' lang='lat' dir='ltr'>quippe</span> <span class='ocrx_word' id='word_1_450' title='bbox 301 3069 536 3124; x_wconf 87' lang='lat' dir='ltr'>Vespafiano</span> <span class='ocrx_word' id='word_1_451' title='bbox 555 3069 673 3123; x_wconf 84' lang='lat' dir='ltr'>patri,</span> <span class='ocrx_word' id='word_1_452' title='bbox 701 3067 819 3116; x_wconf 90' lang='lat' dir='ltr'>Tito,</span> <span class='ocrx_word' id='word_1_453' title='bbox 850 3073 889 3109; x_wconf 87' lang='lat'>&amp;</span> <span class='ocrx_word' id='word_1_454' title='bbox 905 3070 1133 3110; x_wconf 90' lang='lat' dir='ltr'>Domitiano</span> <span class='ocrx_word' id='word_1_455' title='bbox 1149 3085 1330 3113; x_wconf 90' lang='lat' dir='ltr'>nummos</span> <span class='ocrx_word' id='word_1_456' title='bbox 1347 3073 1614 3127; x_wconf 68' lang='lat' dir='ltr'>percusserunt.</span> <span class='ocrx_word' id='word_1_457' title='bbox 1651 3075 1864 3131; x_wconf 84' lang='lat' dir='ltr'>Templum</span> <span class='ocrx_word' id='word_1_458' title='bbox 1876 3081 2050 3133; x_wconf 86' lang='lat' dir='ltr'>Augusto</span> <span class='ocrx_word' id='word_1_459' title='bbox 2065 3081 2237 3126; x_wconf 86' lang='lat' dir='ltr'>dicatum</span> 
     </span>
    </p>

    <p class='ocr_par' dir='ltr' id='par_1_13' title="bbox 138 3124 2240 3346">
     <span class='ocr_line' id='line_1_35' title="bbox 169 3124 2238 3191; baseline 0.004 -25"><span class='ocrx_word' id='word_1_460' title='bbox 169 3127 270 3167; x_wconf 77' lang='lat' dir='ltr'>otius</span> <span class='ocrx_word' id='word_1_461' title='bbox 288 3126 404 3180; x_wconf 70' lang='lat' dir='ltr'>quam</span> <span class='ocrx_word' id='word_1_462' title='bbox 414 3125 648 3180; x_wconf 78' lang='lat' dir='ltr'>Vespasiano</span> <span class='ocrx_word' id='word_1_463' title='bbox 665 3124 909 3172; x_wconf 85' lang='lat' dir='ltr'>arbitramur,</span> <span class='ocrx_word' id='word_1_464' title='bbox 925 3126 1014 3165; x_wconf 74' lang='lat' dir='ltr'>cum</span> <span class='ocrx_word' id='word_1_465' title='bbox 1031 3125 1201 3179; x_wconf 87' lang='lat' dir='ltr'>plurimae</span> <span class='ocrx_word' id='word_1_466' title='bbox 1216 3127 1269 3166; x_wconf 80' lang='lat' dir='ltr'>illi</span> <span class='ocrx_word' id='word_1_467' title='bbox 1285 3142 1356 3182; x_wconf 88' lang='lat' dir='ltr'>per</span> <span class='ocrx_word' id='word_1_468' title='bbox 1372 3139 1507 3169; x_wconf 79' lang='lat' dir='ltr'>omnes</span> <span class='ocrx_word' id='word_1_469' title='bbox 1525 3131 1741 3183; x_wconf 77' lang='lat' dir='ltr'>provincias</span> <span class='ocrx_word' id='word_1_470' title='bbox 1756 3133 1887 3173; x_wconf 65' lang='lat' dir='ltr'>erenae</span> <span class='ocrx_word' id='word_1_471' title='bbox 1905 3133 1976 3174; x_wconf 65' lang='lat' dir='ltr'>tint·</span> <span class='ocrx_word' id='word_1_472' title='bbox 1993 3135 2114 3182; x_wconf 66' lang='lat' dir='ltr'>aedes,</span> <span class='ocrx_word' id='word_1_473' title='bbox 2132 3139 2238 3191; x_wconf 86' lang='lat' dir='ltr'>apud</span> 
     </span>
     <span class='ocr_line' id='line_1_36' title="bbox 140 3141 2235 3243; baseline 0.004 -22"><span class='ocrx_word' id='word_1_474' title='bbox 140 3141 355 3222; x_wconf 53' lang='lat' dir='ltr'>Plistoricos</span> <span class='ocrx_word' id='word_1_475' title='bbox 372 3202 384 3228; x_wconf 91' lang='lat'>·‚</span> <span class='ocrx_word' id='word_1_476' title='bbox 412 3180 500 3221; x_wconf 91' lang='lat' dir='ltr'>huic</span> <span class='ocrx_word' id='word_1_477' title='bbox 515 3181 608 3221; x_wconf 79' lang='lat' dir='ltr'>vero</span> <span class='ocrx_word' id='word_1_478' title='bbox 624 3179 687 3220; x_wconf 91' lang='lat' dir='ltr'>seu</span> <span class='ocrx_word' id='word_1_479' title='bbox 707 3180 738 3219; x_wconf 89' lang='lat' dir='ltr'>F</span> <span class='ocrx_word' id='word_1_480' title='bbox 740 3179 846 3221; x_wconf 82' lang='lat' dir='ltr'>laviae</span> <span class='ocrx_word' id='word_1_481' title='bbox 864 3181 970 3236; x_wconf 86' lang='lat' dir='ltr'>genti</span> <span class='ocrx_word' id='word_1_482' title='bbox 991 3183 1012 3220; x_wconf 76' lang='lat' dir='ltr'>a</span> <span class='ocrx_word' id='word_1_483' title='bbox 1030 3180 1259 3222; x_wconf 91' lang='lat' dir='ltr'>Domitiano</span> <span class='ocrx_word' id='word_1_484' title='bbox 1274 3210 1287 3229; x_wconf 89' lang='lat'>‚</span> <span class='ocrx_word' id='word_1_485' title='bbox 1317 3184 1422 3238; x_wconf 91' lang='lat' dir='ltr'>apud</span> <span class='ocrx_word' id='word_1_486' title='bbox 1439 3185 1665 3226; x_wconf 80' lang='lat' dir='ltr'>Suetonium</span> <span class='ocrx_word' id='word_1_487' title='bbox 1686 3187 1723 3226; x_wconf 91' lang='lat' dir='ltr'>in</span> <span class='ocrx_word' id='word_1_488' title='bbox 1742 3187 1824 3235; x_wconf 77' lang='lat' dir='ltr'>ejus</span> <span class='ocrx_word' id='word_1_489' title='bbox 1842 3189 1918 3228; x_wconf 82' lang='lat' dir='ltr'>vita</span> <span class='ocrx_word' id='word_1_490' title='bbox 1934 3203 2013 3243; x_wconf 83' lang='lat' dir='ltr'>cap.</span> <span class='ocrx_word' id='word_1_491' title='bbox 2038 3203 2071 3240; x_wconf 87' lang='lat'>5.</span> <span class='ocrx_word' id='word_1_492' title='bbox 2097 3193 2235 3236; x_wconf 81' lang='lat' dir='ltr'>Romae</span> 
     </span>
     <span class='ocr_line' id='line_1_37' title="bbox 138 3234 2240 3307; baseline 0.002 -30"><span class='ocrx_word' id='word_1_493' title='bbox 138 3237 296 3277; x_wconf 90' lang='lat' dir='ltr'>unicum</span> <span class='ocrx_word' id='word_1_494' title='bbox 312 3236 542 3276; x_wconf 71' lang='lat' dir='ltr'>exstrustum</span> <span class='ocrx_word' id='word_1_495' title='bbox 559 3235 624 3276; x_wconf 85' lang='lat' dir='ltr'>fit:</span> <span class='ocrx_word' id='word_1_496' title='bbox 653 3234 814 3275; x_wconf 89' lang='lat' dir='ltr'>Novam</span> <span class='ocrx_word' id='word_1_497' title='bbox 829 3243 956 3275; x_wconf 88' lang='lat' dir='ltr'>autem</span> <span class='ocrx_word' id='word_1_498' title='bbox 968 3237 1165 3276; x_wconf 79' lang='lat' dir='ltr'>excitavit</span> <span class='ocrx_word' id='word_1_499' title='bbox 1180 3236 1295 3277; x_wconf 85' lang='lat' dir='ltr'>aedem</span> <span class='ocrx_word' id='word_1_500' title='bbox 1310 3237 1353 3278; x_wconf 77' lang='lat' dir='ltr'>in</span> <span class='ocrx_word' id='word_1_501' title='bbox 1370 3240 1576 3294; x_wconf 71' lang='lat' dir='ltr'>Capitolio,</span> <span class='ocrx_word' id='word_1_502' title='bbox 1606 3241 1754 3294; x_wconf 81' lang='lat' dir='ltr'>Custodi</span> <span class='ocrx_word' id='word_1_503' title='bbox 1762 3235 1869 3295; x_wconf 82' lang='lat' dir='ltr'>Jovi</span> <span class='ocrx_word' id='word_1_504' title='bbox 1878 3267 1891 3289; x_wconf 86' lang='lat'><strong><em>,</em></strong></span> <span class='ocrx_word' id='word_1_505' title='bbox 1921 3242 1968 3288; x_wconf 66' lang='lat' dir='ltr'>(y</span> <span class='ocrx_word' id='word_1_506' title='bbox 1985 3243 2121 3287; x_wconf 68' lang='lat' dir='ltr'>Forum</span> <span class='ocrx_word' id='word_1_507' title='bbox 2136 3250 2240 3307; x_wconf 68' lang='lat' dir='ltr'>quod</span> 
     </span>
     <span class='ocr_line' id='line_1_38' title="bbox 138 3289 1230 3346; baseline 0 -14"><span class='ocrx_word' id='word_1_508' title='bbox 138 3305 238 3332; x_wconf 85' lang='lat' dir='ltr'>nunc</span> <span class='ocrx_word' id='word_1_509' title='bbox 257 3291 396 3332; x_wconf 82' lang='lat' dir='ltr'>Nerva</span> <span class='ocrx_word' id='word_1_510' title='bbox 416 3300 584 3331; x_wconf 87' lang='lat' dir='ltr'>vocatur.</span> <span class='ocrx_word' id='word_1_511' title='bbox 620 3290 721 3331; x_wconf 83' lang='lat' dir='ltr'>Item</span> <span class='ocrx_word' id='word_1_512' title='bbox 735 3289 885 3330; x_wconf 82' lang='lat' dir='ltr'>Flaviae</span> <span class='ocrx_word' id='word_1_513' title='bbox 901 3290 1078 3344; x_wconf 85' lang='lat' dir='ltr'>templum</span> <span class='ocrx_word' id='word_1_514' title='bbox 1090 3294 1230 3346; x_wconf 81' lang='lat' dir='ltr'>gentis.</span> 
     </span>
    </p>
   </div>
   <div class='ocr_carea' id='block_1_12' title="bbox 190 3358 1300 3414">
    <p class='ocr_par' dir='ltr' id='par_1_14' title="bbox 190 3358 1300 3414">
     <span class='ocr_line' id='line_1_39' title="bbox 190 3358 1300 3414; baseline 0.001 -15"><span class='ocrx_word' id='word_1_515' title='bbox 190 3359 273 3401; x_wconf 86' lang='lat' dir='ltr'>Hic</span> <span class='ocrx_word' id='word_1_516' title='bbox 287 3373 458 3401; x_wconf 82' lang='lat' dir='ltr'>nummus</span> <span class='ocrx_word' id='word_1_517' title='bbox 475 3358 748 3414; x_wconf 83' lang='lat' dir='ltr'>mediaeformae</span> <span class='ocrx_word' id='word_1_518' title='bbox 763 3359 864 3399; x_wconf 82' lang='lat' dir='ltr'>inter</span> <span class='ocrx_word' id='word_1_519' title='bbox 878 3360 1037 3399; x_wconf 81' lang='lat' dir='ltr'>rariores</span> <span class='ocrx_word' id='word_1_520' title='bbox 1053 3358 1300 3400; x_wconf 84' lang='lat' dir='ltr'>collocandus.</span> 
     </span>
    </p>
   </div>
   <div class='ocr_carea' id='block_1_13' title="bbox 674 3462 1664 3890">
    <p class='ocr_par' dir='ltr' id='par_1_15' title="bbox 674 3462 1664 3890">
     <span class='ocr_line' id='line_1_40' title="bbox 768 3462 1572 3507; baseline 0.002 -3"><span class='ocrx_word' id='word_1_521' title='bbox 768 3462 896 3504; x_wconf 93' lang='lat' dir='ltr'>IMP.</span> <span class='ocrx_word' id='word_1_522' title='bbox 936 3462 1373 3505; x_wconf 91' lang='lat' dir='ltr'>DOMITIANVS</span> <span class='ocrx_word' id='word_1_523' title='bbox 1407 3465 1572 3507; x_wconf 85' lang='lat' dir='ltr'>VESP.</span> 
     </span>
     <span class='ocr_line' id='line_1_41' title="bbox 795 3517 1539 3559; baseline 0.004 -3"><span class='ocrx_word' id='word_1_524' title='bbox 795 3517 967 3557; x_wconf 89' lang='lat' dir='ltr'><strong>CAES.</strong></span> <span class='ocrx_word' id='word_1_525' title='bbox 998 3517 1146 3558; x_wconf 90' lang='lat' dir='ltr'>AVG.</span> <span class='ocrx_word' id='word_1_526' title='bbox 1176 3520 1379 3559; x_wconf 85' lang='lat' dir='ltr'><strong>GERM.</strong></span> <span class='ocrx_word' id='word_1_527' title='bbox 1409 3520 1449 3559; x_wconf 89' lang='lat' dir='ltr'>P.</span> <span class='ocrx_word' id='word_1_528' title='bbox 1480 3521 1539 3559; x_wconf 89' lang='lat' dir='ltr'>M.</span> 
     </span>
     <span class='ocr_line' id='line_1_42' title="bbox 742 3571 1595 3626; baseline 0.001 -13"><span class='ocrx_word' id='word_1_529' title='bbox 742 3571 916 3613; x_wconf 89' lang='lat' dir='ltr'>OPVS.</span> <span class='ocrx_word' id='word_1_530' title='bbox 946 3572 1228 3613; x_wconf 87' lang='lat' dir='ltr'>PATERN.</span> <span class='ocrx_word' id='word_1_531' title='bbox 1259 3573 1595 3626; x_wconf 74' lang='lat' dir='ltr'>NEQVITIA</span> 
     </span>
     <span class='ocr_line' id='line_1_43' title="bbox 740 3626 1593 3669; baseline 0 -1"><span class='ocrx_word' id='word_1_532' title='bbox 740 3626 1193 3669; x_wconf 88' lang='lat' dir='ltr'>PVBLICANOR.</span> <span class='ocrx_word' id='word_1_533' title='bbox 1233 3628 1593 3668; x_wconf 89' lang='lat' dir='ltr'>INFECTVM</span> 
     </span>
     <span class='ocr_line' id='line_1_44' title="bbox 674 3680 1664 3726; baseline 0.003 -3"><span class='ocrx_word' id='word_1_534' title='bbox 674 3682 767 3723; x_wconf 94' lang='lat' dir='ltr'>EA.</span> <span class='ocrx_word' id='word_1_535' title='bbox 797 3680 1036 3722; x_wconf 87' lang='lat' dir='ltr'>GENTE.</span> <span class='ocrx_word' id='word_1_536' title='bbox 1067 3682 1259 3722; x_wconf 84' lang='lat' dir='ltr'>MALE.</span> <span class='ocrx_word' id='word_1_537' title='bbox 1288 3683 1664 3726; x_wconf 82' lang='lat' dir='ltr'>MVLCTATA</span> 
     </span>
     <span class='ocr_line' id='line_1_45' title="bbox 770 3736 1590 3779; baseline 0.002 -2"><span class='ocrx_word' id='word_1_538' title='bbox 770 3736 1590 3779; x_wconf 81' lang='lat' dir='ltr'>ET.OMN1.1N.POSTERVM</span> 
     </span>
     <span class='ocr_line' id='line_1_46' title="bbox 755 3791 1598 3837; baseline -0.001 -1"><span class='ocrx_word' id='word_1_539' title='bbox 755 3791 1053 3836; x_wconf 81' lang='lat' dir='ltr'>MVNERE.</span> <span class='ocrx_word' id='word_1_540' title='bbox 1094 3791 1392 3833; x_wconf 90' lang='lat' dir='ltr'>PVBLICO.</span> <span class='ocrx_word' id='word_1_541' title='bbox 1433 3793 1598 3837; x_wconf 79' lang='lat' dir='ltr'>PRIV,</span> 
     </span>
     <span class='ocr_line' id='line_1_47' title="bbox 900 3847 1452 3890; baseline -0.002 -1"><span class='ocrx_word' id='word_1_542' title='bbox 900 3847 1193 3890; x_wconf 91' lang='lat' dir='ltr'>CONFICI.</span> <span class='ocrx_word' id='word_1_543' title='bbox 1230 3847 1452 3889; x_wconf 90' lang='lat' dir='ltr'>IVSSIT.</span> 
     </span>
    </p>
   </div>
   <div class='ocr_carea' id='block_1_14' title="bbox 1210 3912 1797 3970">
    <p class='ocr_par' dir='ltr' id='par_1_16' title="bbox 1210 3912 1797 3970">
     <span class='ocr_line' id='line_1_48' title="bbox 1210 3912 1797 3970; baseline 0.005 -14"><span class='ocrx_word' id='word_1_544' title='bbox 1210 3912 1393 3956; x_wconf 70' lang='lat' dir='ltr'>Emeritae</span> <span class='ocrx_word' id='word_1_545' title='bbox 1412 3914 1517 3970; x_wconf 85' lang='lat' dir='ltr'>apud</span> <span class='ocrx_word' id='word_1_546' title='bbox 1529 3914 1639 3958; x_wconf 84' lang='lat' dir='ltr'>Grut.</span> <span class='ocrx_word' id='word_1_547' title='bbox 1657 3927 1673 3957; x_wconf 92' lang='lat'>1</span> <span class='ocrx_word' id='word_1_548' title='bbox 1685 3928 1746 3970; x_wconf 83' lang='lat'>55.</span> <span class='ocrx_word' id='word_1_549' title='bbox 1766 3930 1797 3959; x_wconf 72' lang='lat'>1,</span> 
     </span>
    </p>
   </div>
  </div>
 </body>
</html>
