2491 4219
735 234 1555 284 SEPT.·SEVERUS.
2164 256 2197 299 7

85 774 205 820 CEn.
229 772 555 822 CEOTHPOC.
586 787 693 820 IOT.
715 778 937 820 AOMNA.
964 783 1106 837 Capita
1135 784 1238 837 Sept.
1268 782 1395 824 Severi
1418 788 1455 823 δε
1478 785 1590 839 ,ῐιιὶὶκ
1611 785 1694 838 ejus
1716 786 1843 826 uxoris
1863 785 2026 827 adversa.

140 841 263 874 KOA·
298 840 478 873 KAPPH
490 841 534 873 N·
559 842 705 876 Κολωνίοις
730 841 890 885 Καρῖηνῶν.
932 839 1095 880 Colomae
1115 839 1404 880 Carrhenorum.
1442 843 1577 894 Caput
1602 841 1807 881 Caracallae
1819 869 1831 888 ,
1861 856 1907 882 ex
1924 841 2082 882 adverso
2099 842 2193 884 cress

193 906 283 935 cens
301 894 411 934 Luna
429 893 468 933 in
486 896 564 947 qua
580 894 731 933 astrum.
1689 905 1692 908 '

111 972 301 1015 Carrheni
310 971 350 1012 in
359 971 436 1011 hoc
449 983 611 1011 nummo
627 966 863 1025 imperialem
874 968 1056 1013 familiam
1071 973 1278 1028 signarunt,
1290 974 1328 1014 in
1341 975 1394 1015 r'ei
1405 974 1507 1016 forte}
1517 971 1742 1015 memoriam
1754 974 1863 1028 quod
1877 975 2039 1015 Severus
2057 976 2093 1015 i'n
2105 976 2193 1020 Me,

82 1028 334 1084 sopotamiam
344 1034 489 1067 'contra
501 1027 731 1068 Parthorum
740 1027 896 1083 Regem
905 1028 1195 1081 profectusnuia
1206 1030 1402 1083 cumJulia
1410 1045 1532 1070 uxore
1543 1035 1582 1070 ὃ(
1591 1030 1787 1071 Caracalla
1802 1030 1880 1071 filio
1890 1032 1929 1070 in
1942 1031 2076 1071 urbem
2087 1033 2194 1073 suarn-

81 1085 248 1130 venerit;
266 1083 327 1124 vel
348 1082 473 1122 forsan
483 1083 678 1125 Caracalla
688 1084 727 1122 in
737 1083 864 1123 aversa
879 1095 986 1137 parte
998 1083 1165 1139 fignatus
1182 1086 1255 1132 est,
1284 1086 1395 1138 quod
1409 1086 1547 1126 milites
1564 1086 1669 1125 illum
1686 1086 1738 1126 ob
1757 1085 1972 1127 Parthicam
1993 1088 2194 1128 vistoriam

80 1140 236 1196 Imperii
250 1139 476 1193 participem
495 1139 740 1193 appellarint,
760 1150 803 1178 ut
820 1139 1042 1192 Spartianus
1060 1141 1186 1181 innuit
1201 1142 1241 1181 in
1257 1141 1334 1181 vita
1346 1141 1474 1181 Severi
1486 1141 1805 1194 QAEstatetgitur
1811 1143 1902 1197 jam
1911 1149 2074 1182 exeunte
2083 1143 2193 1183 Par-

81 1196 204 1236 thiam
222 1194 403 1250 ingrefflts
415 1221 427 1241 ,
456 1194 728 1248 Ctesiphontem
734 1193 846 1248 pulso
861 1195 965 1249 Rege
970 1198 1157 1249 pervenit
1177 1193 1226 1240 ἄν
1242 1199 1380 1250 cepit...
1392 1195 1439 1239 ὅ]
1451 1197 1688 1245 Parthicum
1705 1211 1836 1236 nomen
1851 1200 2000 1237 meruit.
2042 1198 2104 1237 Ob
2124 1197 2193 1251 hoc

79 1250 332 1303 etiamfilium
341 1250 424 1305 ejus
433 1250 650 1301 Baffianum
662 1252 924 1296 Antoninum,
953 1253 1020 1305 qui
1032 1251 1159 1303 Caesar
1179 1251 1401 1307 appellatus.
1402 1256 1487 1305 jam
1492 1251 1632 1305 fiterat
1642 1280 1653 1299 ,
1673 1266 1814 1292 annum
1833 1254 2194 1294 decimum-tertium

77 1315 250 1361 agentem
267 1333 278 1352 ,
301 1308 526 1360 participem
555 1307 711 1357 Imperii
736 1306 919 1345 dixerunt
938 1305 1094 1345 milites.
1124 1307 1311 1347 Crescens
1325 1307 1437 1347 Luna
1462 1313 1551 1348 cum
1569 1308 1735 1349 astroad
1746 1308 1823 1349 Dei
1836 1309 1938 1349 Luni
1955 1309 2123 1356 cultum,
2142 1309 2192 1350 de

78 1372 160 1417 quo
179 1363 221 1402 in
239 1362 300 1402 M.
315 1361 644 1403 Aurelio&Vero
660 1362 807 1403 distum
829 1361 904 1408 est,
933 1361 1087 1416 speetat.

132 1440 215 1481 Hic
233 1453 406 1482 nummus
415 1443 562 1482 minimi
571 1440 712 1482 moduli
727 1439 932 1492 rariffimns
941 1439 1004 1492 est.

806 1520 844 1560 C
869 1520 915 1560 A
940 1519 972 1560 S
997 1518 1030 1560 S
1055 1518 1103 1559 A
1127 1517 1180 1558 N
1201 1518 1253 1559 D
1283 1518 1324 1560 R
1354 1518 1383 1558 I
1406 1519 1462 1559 A.

8 2071 14 2076 ·
71 2050 182 2094 uiti.
214 2051 254 2093 12.
286 2065 389 2092 ser.
429 2061 562 2092 sevi:
578 2064 623 2092 R.
711 2048 847 2104 Caput
863 2049 994 2092 Severi
1010 2044 1235 2094 laureatum,
1271 2041 1276 2047 ¹
1332 2103 1353 2106 Ἡ
1473 2090 1476 2094 .
1605 2100 1606 2103 ¹
1763 2105 1765 2108 Ι
1812 2105 1816 2107 Δ
2077 2100 2078 2103 Ἴ
2158 2100 2168 2108 „

124 2123 235 2150 COL.
267 2121 296 2148 1.
327 2121 355 2147 A
369 2121 396 2147 v
410 2121 450 2147 G.
480 2122 503 2147 c
518 2121 545 2146 A
560 2121 579 2146 s
595 2121 630 2147 ε.
659 2106 700 2146 in
716 2105 799 2147 aliis
830 2122 866 2148 c.
896 2120 914 2147 1
926 2121 1002 2148 vL.
1027 2121 1055 2147 A
1068 2122 1104 2149 v.
1137 2123 1160 2150 c
1173 2122 1202 2148 A
1216 2123 1236 2149 s
1250 2122 1270 2150 s
1286 2123 1314 2149 A
1327 2115 1373 2151 Ν.
1405 2107 1562 2151 Colonia
1572 2108 1689 2166 Julia
1710 2109 1884 2166 Angusta
1911 2110 2190 2166 Caffiindretfir

178 2164 313 2218 Caput
323 2163 437 2219 Jovis
454 2162 674 2209 Ammonis.
698 2198 701 2199 γ

77 2235 82 2241 ’
121 2240 346 2284 Cassandria
355 2239 444 2283 urbs
456 2241 510 2282 est
520 2240 788 2289 Macedoniae,
809 2234 861 2282 de
871 2255 947 2296 qua
956 2239 1089 2283 Livius
1100 2241 1196 2283 Dec.
1220 2255 1253 2297 5.
1271 2238 1335 2284 lib.
1347 2255 1386 2296 4.
1417 2230 1644 2299 Conditaest
1661 2244 1685 2285 ιὶ
1702 2244 1908 2300 Caffandro‘
1930 2242 2035 2302 Rege
2051 2247 2093 2287 in
2104 2246 2188 2302 {ost}

56 2290 245 2351 faucibus
252 2311 335 2354 quae
347 2296 649 2349 Pallenensema
693 2311 755 2337 um
764 2306 910 2338 caeterae
925 2297 1168 2338 Macedonia
1197 2299 1352 2355 ‘ungunt
1361 2327 1373 2346 ,
1386 2298 1478 2340 hinc
1486 2297 1708 2348 Toronaico,
1720 2301 1811 2342 hinc
1825 2303 2071 2344 Macedonico
2069 2304 2185 2358 septa

14 2383 16 2386 >
67 2356 177 2394 mari.
210 2353 538 2409 Eminetssnamque
553 2356 596 2394 in
610 2311 734 2395 aigun
750 2352 806 2394 lin
831 2367 882 2392 ua
904 2355 946 2394 in
955 2367 1032 2411 qua
1032 2352 1116 2406 fita
1127 2313 1455 2410 est'sOpportunus
1470 2355 1602 2410 itaque
1613 2355 1752 2397 fitusin
1764 2358 1872 2399 causa
1882 2357 2009 2398 forsan
2022 2357 2107 2405 fuit,
2119 2373 2187 2400 cur

27 2411 34 2424 ³
58 2406 186 2464 Julius
194 2408 328 2459 ;Caesar
344 2409 478 2450 urbem
496 2409 735 2450 constituerit
745 2367 1012 2456 Goioniamssc
1021 2411 1218 2466 Angustus
1231 2423 1318 2451 eam
1326 2412 1438 2452 novis
1447 2411 1586 2452 iterum
1595 2411 1849 2468 frequentarit
1863 2414 2050 2461 Colonis,
2080 2414 2187 2456 unde

65 2464 119 2505 illi
128 2463 252 2518 Juliae
264 2469 303 2506 &
319 2464 500 2520 Augustae
517 2466 685 2506 nomina.
743 2465 843 2505 Haec
863 2465 1007 2505 Severo
1015 2465 1197 2507 nummos
1207 2466 1338 2507 cufifl'e
1347 2467 1502 2508 videtur
1510 2467 1559 2508 ad
1569 2467 1798 2522 obsequium
1818 2469 1887 2525 ipfi
1902 2470 1940 2509 in
1961 2469 2063 2511 bello
2085 2471 2186 2512 civili

66 2518 318 2561 indicandum
331 2536 339 2560 :
356 2535 445 2561 nam
455 2521 517 2561 ille
526 2522 566 2561 in
575 2520 792 2574 provincias
804 2520 998 2576 proximas
1009 2521 1150 2563 milites
1160 2522 1310 2563 miserat
1319 2549 1331 2569 ,
1361 2537 1412 2564 ne
1421 2537 1485 2563 eas
1495 2523 1725 2565 Pescennius
1734 2525 1933 2567 invaderet
1944 2553 1956 2572 ,
1970 2524 2065 2566 teste
2074 2526 2185 2580 Spar-

28 2594 31 2597 ·
65 2576 174 2616 tiano
182 2577 222 2617 in
239 2576 368 2617 Severi
376 2576 464 2616 vita.
496 2575 663 2623 Miserat
661 2575 762 2629 sane
774 2576 980 2631 Legionem
988 2590 1071 2634 quae
1083 2578 1272 2618 Graeciam
1280 2577 1558 2634 Thraciamque
1558 2582 1780 2634 praeriperet
1789 2609 1801 2628 ,
1816 2595 1863 2622 ne
1875 2586 1940 2621 eas
1948 2581 2186 2629 Pescennius

66 2631 366 2686 occuparettsed
364 2633 459 2688 jam
473 2631 715 2677 Byzantium
733 2630 860 2686 Niger
869 2631 1036 2672 tenebat.
1096 2634 1160 2674 De
1176 2633 1290 2688 Jovis
1315 2635 1523 2675 Ammonis
1540 2635 1578 2675 in
1598 2635 1867 2677 Caffimdrenfi
1885 2636 2054 2677 Colonia
2076 2635 2183 2678 cultu?

68 2687 158 2727 vide
174 2687 332 2727 Claudii
348 2691 386 2726 ὃ(
405 2686 578 2728 Neronis
598 2701 790 2728 nummos.

6 2753 13 2769 '
65 2765 153 2814 ¹Hic
169 2779 342 2805 nummus
358 2768 528 2807 minutus
537 2776 610 2821 pro
620 2779 705 2807 raro
721 2765 922 2807 notandus.

828 2844 1401 2887 CORINTHUS.

73 3381 113 3434 ip.
140 3394 254 3424 supr.
283 3381 368 3423 sev.
391 3388 520 3423 PERT.
553 3381 654 3424 Avo.
686 3388 783 3423 mr.
819 3396 907 3423 111.
939 3371 1074 3437 Caput
1091 3372 1225 3424 Severi
1238 3384 1461 3426 laureatum.
1536 3422 1538 3425 ,
1703 3420 1705 3423 .

126 3454 161 3480 c.
181 3453 220 3478 L.
244 3452 276 3478 1.
298 3452 321 3478 c
333 3452 359 3478 o
373 3451 418 3478 R.
476 3437 632 3479 Colonia
646 3438 756 3479 Laus
772 3438 890 3492 Julia
907 3439 1124 3479 Corinthus.
1153 3437 1369 3486 Hercules,
1399 3439 1543 3480 finistra
1552 3439 1660 3480 axilla
1673 3439 1986 3494 clavaeimpofita.·

124 3516 170 3555 In
179 3515 278 3556 civili
296 3515 398 3557 bello'
413 3516 542 3557 Severi
561 3528 694 3558 contra
701 3517 952 3558 Pescennium
961 3543 974 3562 ,
995 3517 1146 3556 Graecia
1158 3517 1295 3570 prioris
1303 3516 1474 3571 partibus
1483 3517 1640 3558 adhaefit
1649 3546 1660 3564 ,
1690 3518 1982 3574 Corinthusque
1993 3523 2175 3564 nummos

71 3570 140 3625 ipfi
162 3571 374 3618 dedicavit,
403 3575 440 3612 &
458 3571 564 3613 hunc
577 3573 770 3628 praecipue
787 3587 875 3613 cum
885 3572 998 3613 titulo
1007 3572 1253 3626 Imperatoris
1262 3574 1416 3612 tertium
1427 3600 1437 3619 ,
1472 3582 1591 3626 quem
1600 3573 1768 3614 exercitu
1780 3573 1976 3616 Pescennii
1987 3577 2026 3616 in
2040 3577 2154 3631 Bithy
2163 3602 2178 3609 -

71 3627 134 3666 nia
143 3626 272 3667 deleto
281 3628 500 3681 reportavit.
529 3628 726 3669 Corinthii
736 3628 835 3669 inter
842 3628 1030 3683 plurimos
1039 3641 1139 3681 quos
1151 3639 1423 3667 venerarentur
1436 3629 1545 3668 Deos
1554 3655 1565 3674 ,
1595 3628 1808 3669 Herculem
1816 3630 1856 3671 in
1865 3631 1992 3671 aversa
2004 3644 2110 3685 parte
2128 3632 2173 3672 fi-·

36 3712 39 3716 .
72 3680 201 3738 gnasse
219 3680 418 3729 videntur,
434 3684 577 3724 Severo
587 3684 827 3725 blandientes
841 3711 852 3730 ‚
873 3683 984 3738 quod
999 3682 1061 3722 ille
1073 3690 1163 3722 eum
1183 3683 1378 3736 praecipue
1396 3684 1544 3724 coleret
1554 3698 1567 3729 ς
1592 3684 1702 3737 cujus
1718 3684 1829 3726 testes
1846 3685 1932 3727 sunt
1948 3687 2043 3726 illius
2061 3701 2175 3737 num-

73 3737 126 3777 mi
145 3737 181 3776 S.
195 3737 245 3776 C.
293 3736 443 3785 ercuffi,
459 3739 498 3779 in
514 3740 654 3793 quibus
673 3741 756 3781 haec
772 3739 1002 3795 epigraphe,
1021 3753 1048 3778 D
1064 3752 1078 3778 1
1098 3750 1113 3777 1
1130 3751 1149 3778 s
1180 3751 1207 3777 A
1219 3751 1244 3777 v
1255 3751 1274 3776 s
1288 3751 1310 3776 P
1323 3751 1339 3776 1
1351 3752 1374 3778 c
1385 3752 1401 3778 1
1412 3753 1436 3779 B
1447 3753 1473 3780 v
1484 3753 1502 3778 s
1515 3766 1526 3785 ‚
1555 3752 1644 3779 cum
1652 3739 1821 3787 Hercule
1832 3745 1869 3780 &
1880 3742 2033 3781 Baccho
2043 3768 2054 3787 ‚
2065 3739 2175 3794 quod

72 3791 256 3832 confirma
272 3792 506 3847 'Xiphilinus
515 3795 553 3835 in
563 3796 759 3850 EpDion.
769 3796 809 3835 in
820 3796 903 3849 ejus
912 3796 989 3835 vita
1002 3808 1089 3849 pag.
1099 3806 1150 3845 42
1156 3807 1194 3846 4.
1222 3797 1278 3834 Koa*
1293 3797 1437 3843 nands-12⁴>
1446 3799 1631 3844 ῳιωδομικώς
1643 3801 1912 3846 &numismati
1928 3806 1951 3850 »ὲ
1964 3800 2175 3839 &tendam-lc?

72 3846 139 3894 ἕςγ.
157 3850 181 3898 »37
195 3848 238 3892 ἐῷ
252 3847 374 3894 Διονύσῳ
405 3851 429 3900 ‚35
453 3848 499 3893 τῷ
519 3855 657 3896 neque-T
676 3854 739 3886 νέων
761 3848 1191 3899 ωεςμεφέῢηξῷνεδσμῆσαν·
1220 3849 1343 3890 Nova
1354 3852 1513 3904 aedificia
1521 3855 1719 3900 extruxit,
1736 3863 1869 3893 vetera
1877 3856 2037 3895 restituit
2049 3869 2056 3892 τ
2068 3859 2177 3909 qm‘pa‘

66 3910 117 3953 pe
137 3899 306 3950 Baccho⁴
322 3899 371 3945 ὁ*
397 3902 564 3943 Herculi
588 3904 765 3959 tenplum
780 3907 989 3945 maximum
1009 3904 1232 3958 aedficavit.
1289 3905 1393 3947 Vide
1426 3921 1512 3961 quae
1537 3907 1586 3948 de
1607 3907 1799 3962 Neptuno
1820 3909 1858 3949 in
1877 3909 2174 3951 Corinthiorum

75 3956 242 3996 nummis
257 3955 318 3996 M.
337 3957 498 3999 Aurelio
517 3959 651 4001 dicatis
667 3960 845 4000 diximus.

131 4032 215 4074 Hic
235 4046 410 4075 nummus
421 4034 598 4087 ficundae
611 4034 659 4082 &
672 4039 835 4080 minimae
852 4038 1130 4092 magnitudinis
1144 4049 1215 4093 pro
1237 4053 1319 4079 raro
1339 4039 1545 4080 habendae„
