2574 4214
243 240 2239 387 aaaesesaaeaaaaaeaaaaaaeaaa}a=

1536 442 1578 526 h-d

1679 438 1772 519 'C

1871 441 1951 527 gn

2173 228 2312 379 {i}
2224 134 2311 198 »Ξῖ

351 1109 381 1126 m,
468 1118 475 1126 „
517 1071 550 1113 L
565 1087 592 1113 A
609 1086 639 1112 U
653 1089 679 1115 D
694 1089 709 1115 1
724 1088 753 1115 υ
769 1089 788 1115 s
820 1076 857 1115 in
876 1075 1055 1116 omnibus
1071 1070 1190 1115 Orbis
1205 1073 1375 1129 partibus
1388 1099 1401 1120 ‚
1430 1073 1586 1129 Europa
1598 1101 1611 1121 ,
1638 1072 1789 1119 Africa,
1818 1074 1857 1112 δε
1874 1070 1963 1113 Afia
1982 1070 2170 1112 colonias
2186 1070 2323 1113 constiss=

262 1128 284 1154 ⁹*
311 1149 315 1158 >
336 1138 341 1146 ‘
388 1127 449 1173 ἷῑὲῑ(
474 1142 481 1161 =÷
519 1129 618 1174 tuit,
647 1145 743 1185 quas
763 1130 827 1171 hic
843 1132 1034 1175 receniere
1058 1131 1097 1169 in
1122 1131 1281 1186 gratiam
1298 1129 1471 1171 Leetoris
1494 1145 1574 1170 non
1594 1128 1848 1183 injucundum
1865 1127 1947 1168 fore
1965 1128 2205 1182 putavimus,
2233 1127 2324 1168 licet

255 1188 269 1197 ”
297 1186 300 1193 ‘
336 1221 358 1235 ψ
389 1190 443 1220 ιι”
461 1185 479 1229 ξ
518 1198 564 1224 ex
584 1184 653 1226 illis
677 1187 787 1226 unica
810 1188 959 1227 tantum
985 1188 1023 1226 in
1048 1186 1121 1228 hac
1145 1199 1392 1226 nummorum
1412 1185 1504 1226 serie
1517 1185 1719 1240 designata
1738 1184 1849 1224 nobis
1869 1182 2049 1237 superfit,
2079 1182 2320 1236 alphabetico

231 1261 233 1264 ·
262 1232 298 1287 '2
316 1280 320 1285 ,
372 1243 393 1282 ἒ
433 1287 441 1293 χ
463 1234 479 1296 ³,
518 1239 653 1281 ordine
673 1255 735 1282 eas
756 1256 827 1296 pro
847 1256 953 1282 more
973 1242 1379 1296 nostro'exponimus3
1404 1244 1537 1295 Apron
1556 1242 1595 1280 in
1611 1241 1817 1280 Thraciam
1832 1267 1844 1286 ,
1874 1237 2096 1278 Archelaim
2113 1237 2321 1289 Caesaream

248 1300 250 1324 ²
266 1301 275 1317 ⁴
322 1292 378 1338 ῗὶῑ
399 1305 402 1325 ³
423 1296 440 1310 ⁹*
514 1294 550 1334 1¹2:
567 1296 880 1351 Cappadociam,
909 1300 1116 1346 Caesaream
1132 1297 1172 1336 in
1189 1296 1463 1337 Mauritaniam
1480 1295 1748 1336 Caesariensem
1760 1323 1772 1342 ,
1801 1294 2098 1336 Camulodunum
2114 1293 2154 1332 in
2172 1293 2320 1333 Britan-

507 1365 535 1395 xx
542 1352 638 1399 iam,
667 1353 865 1393 Claudiam
883 1351 1165 1407 Lugdunensem
1182 1352 1219 1392 in
1238 1352 1402 1394 Galliam
1415 1379 1426 1398 ,
1448 1351 1717 1406 Claudtopolim
1731 1352 1771 1391 in
1788 1351 1962 1390 Isauriam
1973 1376 1984 1396 ,
2004 1349 2134 1388 Lixon
2151 1349 2189 1387 in
2202 1347 2316 1388 Mau-

217 1408 392 1450 ritaniam
413 1409 666 1463 Tingitanam
678 1435 691 1454 ,
723 1409 938 1448 Londinum
961 1409 1000 1448 in
1023 1407 1252 1447 Britanniam
1271 1435 1283 1454 ,
1310 1407 1374 1446 Pr
1387 1421 1413 1446 o
1427 1422 1451 1447 L
1465 1421 1487 1446 E
1500 1421 1537 1447 Μ
1551 1421 1578 1446 A
1591 1421 1607 1446 1
1617 1422 1642 1447 D
1655 1421 1678 1446 E
1690 1421 1727 1446 Μ
1755 1407 1795 1446 in
1807 1405 2043 1446 Phoeniciam
2060 1403 2292 1444 Palaestinam
2301 1429 2316 1450 ‚

217 1463 473 1513 Rulucurium
489 1466 528 1505 in
549 1464 819 1504 Mauritaniam
838 1463 1105 1504 Caesariensem
1123 1491 1135 1510 ‚
1164 1463 1317 1503 civitate
1333 1461 1569 1503 honoratum
1582 1490 1594 1508 ‚
1624 1461 1810 1501 Sabarum
1826 1462 1867 1500 in
1886 1460 2078 1500 Noricum
2096 1486 2109 1505 ,
2137 1457 2314 1499 Salonam

209 1518 256 1574 jn
268 1519 509 1567 Liburniam,
529 1519 717 1572 Saepinum
733 1521 771 1559 in
787 1520 982 1560 Samnium
994 1547 1007 1566 ‚
1023 1523 1060 1559 &
1073 1518 1305 1559 Traduft'am
1316 1517 1471 1570 Juliam
1486 1518 1526 1558 in
1539 1517 1810 1558 Mauritaniam
1820 1516 2071 1571 Tingitanam
2087 1512 2260 1554 deduxit.

213 1634 215 1637 .
270 1597 344 1638 CL
355 1611 380 1638 A
397 1611 460 1640 un
471 1612 487 1639 1
497 1612 513 1639 1
539 1599 680 1640 nummi
688 1599 825 1652 primae
832 1598 973 1654 farmae
991 1612 1064 1639 non
1081 1597 1328 1650 observantur
1337 1614 1352 1641 ,-
1373 1595 1549 1647 secunda
1568 1594 1615 1643 ὠ
1629 1596 1792 1636 minimae
1804 1621 1817 1642 ‚
1845 1593 1950 1635 obvit
1966 1590 2014 1637 ὠ
2029 1591 2218 1646 vulgares.

1045 1682 1476 1728 BABBA.

210 2212 239 2266 ft
250 2226 280 2255 1.
309 2212 370 2255 c'L
381 2226 407 2253 A
422 2227 499 2255 vn.
531 2226 556 2254 c
569 2226 595 2253 A
608 2226 632 2253 E
647 2225 665 2252 s
679 2225 706 2252 A
722 2212 767 2253 κζ
797 2226 825 2252 A
838 2225 866 2252 v
877 2226 917 2253 G.
955 2211 1093 2267 Caput
1109 2210 1268 2254 Claudii
1282 2204 1511 2254 laureatum.¹
2261 2257 2263 2260 ,

255 2284 300 2312 .c.
322 2285 357 2311 c.
381 2283 409 2309 1.
433 2284 467 2310 B.
497 2284 522 2309 D
536 2284 573 2309 D.
604 2283 625 2308 P
638 2282 664 2309 v
677 2283 700 2309 B
711 2283 747 2309 L.
781 2268 938 2309 Colonia
953 2269 1174 2324 Campestrzs
1187 2267 1306 2321 Julia
1322 2268 1460 2310 Babba
1473 2295 1488 2316 ‚
1516 2266 1690 2308 Decreta
1705 2267 1973 2309 ‘Decurionum
1979 2264 2134 2323 publico
2145 2291 2159 2315 ,
2188 2266 2227 2308 in
2246 2266 2312 2310 coi}

317 2339 412 2366 rona
430 2339 606 2380 quercea.

258 2403 367 2444 Cum
381 2403 486 2443 hunc
502 2414 704 2444 nummum
721 2403 790 2456 Eq.
809 2402 965 2443 Patinus
985 2416 1069 2458 pag.
1093 2416 1180 2448 100.
1209 2397 1366 2458 Cibyrae
1379 2397 1419 2442 in
1436 2401 1633 2458 Lycaonia
1651 2399 1854 2449 tribuisset,
1883 2415 2001 2456 quam
2019 2400 2225 2442 Coloniam
2241 2405 2313 2444 nel

178 2456 182 2461 ’
207 2458 275 2499 mo
289 2459 424 2499 dixerit
439 2488 451 2506 ,
480 2462 518 2498 δε
535 2459 643 2511 cujus
664 2458 749 2499 sunt
769 2460 916 2498 nummi
935 2473 1023 2499 cum
1043 2459 1159 2515 epigr.
1190 2469 1486 2502 ΚΙΒΥ--ΡΑΤΩΝ,
1514 2458 1643 2498 similis
1661 2457 1783 2499 Patini
1800 2472 1980 2497 nummus
2001 2471 2089 2497 cum
2107 2457 2231 2511 palma
2248 2473 2309 2499 ara

207 2514 300 2554 bore
317 2515 356 2554 in
375 2515 517 2554 nostras
537 2528 669 2555 manus
690 2513 822 2555 incidit
837 2541 849 2560 ,
879 2514 1036 2568 ejusque
1053 2515 1194 2555 litteras
1215 2515 1376 2557 initiales
1401 2529 1437 2555 e.
1460 2530 1500 2556 c.·
1518 2527 1544 2553 1.
1568 2529 1603 2553 B.
1628 2514 1779 2567 punctis
1796 2514 1988 2554 distinctas
2004 2513 2309 2561 observavimus,

205 2583 446 2624 nummoque
464 2582 546 2610 tum
567 2584 612 2610 ex
630 2571 673 2609 iis
690 2569 819 2610 litteris
832 2597 844 2615 ‚
872 2581 954 2610 tum
974 2584 1024 2611 ex
1042 2570 1168 2624 palma
1187 2571 1237 2611 ad
1259 2570 1428 2611 Africam
1446 2581 1629 2611 revocato
1642 2597 1654 2615 ,
1687 2569 1878 2610 Coloniam
1897 2568 2141 2621 Campcstrem
2156 2569 2312 2620 Juliam

204 2622 376 2666 Babbam
389 2624 514 2664 sumus
531 2625 788 2678 interpretati,
820 2625 857 2663 8<
870 2625 1017 2677 Sponio
1034 2625 1158 2665 'amico
1175 2622 1306 2667 nostro
1322 2626 1489 2680 benigne
1503 2625 1869 2666 communicavimus
1883 2644 1893 2671 3
1922 2624 1977 2664 uti
1992 2624 2167 2664 meminit
2185 2622 2305 2665 Com.

203 2678 484 2719 Mediobarbus
501 2693 584 2734 pag.
607 2682 667 2726 85.
700 2679 833 2719 Babba
851 2681 940 2719 urbs
958 2681 1010 2720 est
1030 2680 1272 2721 Mauritania:
1288 2681 1507 2735 Tingi-tanae
1523 2707 1535 2726 ,
1563 2680 1732 2720 Colonia
1751 2680 1818 2732 aJ.
1834 2679 1983 2718 Caesare
2000 2678 2097 2718 fa&a
2109 2706 2119 2724 ,
2150 2691 2192 2719 ut
2208 2679 2307 2719 indi-

203 2743 265 2774 cat
279 2733 403 2786 Juliae
421 2747 573 2774 nomen.
612 2734 716 2774 Ciim
735 2734 826 2773 vero
843 2733 983 2774 Plinius
1000 2734 1060 2774 lib.
1081 2748 1113 2784 5.
1133 2750 1212 2789 cap.
1237 2750 1268 2775 1.
1288 2741 1374 2775 cani
1388 2735 1550 2788 Augusti
1563 2734 1771 2774 Coloniam
1788 2734 1963 2773 nominat
1979 2759 1991 2779 ‚
2023 2734 2071 2773 In
2091 2734 2307 2774 mediterra-

201 2798 293 2836 neo3
321 2789 468 2843 inquit,
500 2790 625 2829 altera
638 2792 723 2843 Aug
730 2789 799 2839 usti
810 2788 964 2828 Colonia
981 2789 1031 2840 est
1049 2789 1184 2831 Babba
1198 2817 1208 2836 ‚
1237 2789 1355 2842 Julia
1371 2788 1594 2843 Campestris
1612 2788 1822 2842 appellata,
1850 2788 2138 2842 intelligendum
2158 2788 2234 2828 hoe
2250 2789 2307 2830 est

201 2844 253 2886 de
267 2845 570 2885 immunitatibus
588 2845 636 2884 ab
656 2844 831 2899 Augusto
848 2844 938 2884 huic
959 2845 1043 2884 urbi
1065 2844 1246 2885 concessis
1258 2873 1270 2891 ‚
1298 2855 1364 2884 aut
1381 2845 1431 2884 de
1448 2843 1595 2884 colonis
1612 2844 1651 2882 in
1668 2843 1784 2897 ipsam
1799 2844 1937 2884 iterum
1956 2842 2151 2890 deduffis‚
2180 2843 2304 2884 serva-

201 2901 240 2941 ta
260 2908 402 2954 nempe
419 2899 467 2940 ad
488 2900 753 2954 antiquitatem
776 2898 1019 2939 indicandam
1037 2899 1159 2951 Juliae
1177 2899 1435 2955 appellatione
1451 2926 1464 2945 ,
1494 2910 1537 2939 ut
1560 2898 1663 2938 idem
1686 2899 1814 2939 evenit
1830 2899 1869 2938 in
1891 2898 1963 2938 hac
1982 2898 2177 2952 provincia
2195 2899 2302 2952 apud

201 2956 368 2996 eundem
391 2955 556 2996 Plinium
574 2983 585 3002 ‚
615 2955 716 2995 cives
731 2954 870 3010 Tingis
885 2954 987 2994 urbis
1002 2954 1195 3008 inJuliam
1213 2955 1428 2995 Cetrariam
1446 2954 1642 3008 Hispaniae
1660 2955 1700 2994 in
1720 2953 1945 3008 oppositum
1964 2953 2068 2994 littus
2084 2953 2301 3002 transmiffi,

200 3010 308 3063 Julii
325 3025 467 3051 nomen
485 3011 702 3051 habuerunt
719 3030 730 3057 5
758 3010 808 3051 ita
820 3010 1018 3065 Tingitani
1034 3009 1191 3063 exJulia
1203 3010 1400 3063 Tradueln
1423 3010 1462 3050 in
1481 3010 1600 3061 avitas
1617 3009 1723 3050 sedes
1739 3011 1761 3049 a
1773 3009 1941 3064 Claudio
1967 3008 2201 3063 quiTingim
2218 3010 2300 3065 Co-

198 3067 343 3107 loniam
365 3066 553 3113 deduxit,
582 3066 670 3107 urbs
693 3066 827 3121 Tingis
846 3094 858 3113 ,
887 3080 968 3106 non
988 3064 1152 3106 Claudia
1170 3094 1183 3114 ,
1210 3065 1276 3107 sed
1294 3063 1411 3118 Julia
1429 3065 1623 3106 Traazaeaa
1644 3093 1656 3112 ,
1685 3065 1847 3118 antiquo
1866 3064 2025 3105 nomine
2051 3064 2298 3112 conservato,¹

198 3121 387 3178 appellata
404 3121 468 3163 est.

253 3178 411 3218 Corona
431 3191 594 3231 quercea
610 3177 631 3217 a
647 3176 906 3217 Babbensibus
922 3177 960 3216 in
976 3177 1144 3217 nummis
1161 3177 1214 3217 ob
1230 3177 1332 3217 cives
1351 3176 1455 3217 bello
1473 3175 1731 3216 Mauritanico
1749 3175 1769 3214 a
1787 3173 1953 3216 Claudio
1971 3174 2136 3215 servatos
2155 3173 2296 3230 {ignata

197 3232 264 3272 est.
295 3233 511 3285 Qerceam
530 3233 699 3274 Romani
714 3233 752 3272 in
770 3231 919 3287 fastigio
931 3232 1110 3273 Palatinae
1127 3232 1268 3273 domus
1288 3232 1326 3272 in
1344 3232 1590 3287 Imperatoris
1606 3231 1795 3272 honorem
1813 3229 2112 3283 suspendebant,
2141 3231 2296 3283 qualem

195 3287 277 3341 jam
293 3287 462 3328 Claudio
485 3289 525 3328 in
550 3289 716 3328 nummis
739 3287 994 3342 percusserant
1010 3315 1022 3334 ,
1053 3291 1092 3328 δε
1115 3288 1371 3342 apposuerant
1385 3315 1397 3334 ‚
1426 3300 1470 3328 ut
1495 3299 1619 3328 narrat
1644 3286 1848 3327 Suetonius
1867 3286 1906 3324 in
1930 3284 2013 3337 ejus
2030 3286 2107 3326 vita
2127 3300 2210 3342 cap.
2232 3299 2293 3339 17⁵.

196 3344 330 3399 Atque
345 3346 445 3383 inter
460 3343 607 3396 hostilia
612 3343 738 3398 spolia
757 3343 932 3384 navalem
948 3343 1288 3398 coronamfasttgio
1306 3343 1507 3383 Palatiuae
1524 3343 1652 3383 domus
1654 3342 1781 3397 juxta
1799 3342 1963 3380 civicam
1967 3339 2080 3394 fixit.

250 3420 335 3462 Hic
347 3422 696 3479 nummusfi’cundae
712 3420 1005 3478 magnitudinis,
1032 3421 1057 3462 a
1073 3421 1223 3463 Patina
1229 3431 1272 3476 p.
1290 3435 1306 3462 1
1319 3434 1381 3475 50.
1398 3421 1585 3476 vubgatus
1598 3446 1610 3467 ,
1640 3421 1739 3460 inter
1759 3420 1918 3460 rariores
1933 3418 2127 3462 locandus.

237 3951 354 3993 som.
381 3934 417 3994 Ῑ.
1660 3961 1703 4001 O
