2491 4219
228 118 321 158 228
821 116 1751 170 AEMILIANUS.

224 178 424 225 Faunum,
451 192 499 219 an
517 192 696 220 nummus
713 178 762 240 ad
779 180 885 221 hunc
901 181 1178 236 Imperatorem
1196 183 1400 238 spestaret‚
1428 189 1517 230 curn
1535 189 1770 231 characteres
1789 189 2040 245 inscriptionis
2056 195 2236 238 confusos
2254 198 2328 241 esst:

226 235 454 275 existimaret
470 236 522 275 ob
540 235 621 276 haec
637 248 816 282 nomina,
847 251 936 276 nam
952 237 1015 278 ille
1029 238 1156 293 inquit
1177 253 1185 278 t
1215 239 1466 290 ‘Diffi'mulare
1483 259 1555 285 non
1567 246 1706 298 poffitm
1722 246 1824 286 hunc
1839 261 2029 289 nummum
2047 251 2102 290 ad
2115 254 2330 300 <Aimilia-

227 304 317 329 num
323 290 498 344 fortaffis
515 305 586 330 non
595 292 803 343 pertinere,
831 292 1068 333 charari‘eres
1081 296 1181 333 enim
1203 297 1343 335 circum
1358 307 1472 350 caput
1482 301 1616 352 φοβή,
1643 303 1823 356 quamvis
1834 301 1942 354 satis
1965 306 2125 360 integri,
2153 312 2330 364 quodam-

226 345 332 384 modo
346 345 488 398 coygfr'aeff
498 345 687 385 videnlur.
719 346 880 386 Deinde
894 357 1008 402 caput
1022 357 1197 389 ornatum
1214 350 1263 402 est
1276 353 1410 391 cerami
1425 354 1579 394 radiatd
1589 383 1600 402 ‚
1628 371 1710 411 quae
1726 359 1766 396 in
1782 360 1928 398 caeteris
1942 359 2024 410 ejus
2040 365 2201 402 nummis
2217 367 2328 406 aeneis

226 414 300 440 non
318 405 488 440 occurrit.
519 401 606 440 Imo
623 401 878 454 Imperatores
895 402 934 442 in
951 404 1122 456 plurimis
1139 405 1254 457 Syriae
1267 406 1474 448 Phoeniciae
1492 413 1660 452 nummis
1680 415 1822 453 corona
1839 413 1981 454 radiata
2003 415 2063 457 his
2087 420 2327 472 temporibus

226 468 418 496 ornantur.
450 455 678 503 AEmilianus
695 457 808 512 igitur
825 457 974 498 AEmilii
993 463 1032 500 ὅ(
1049 474 1129 502 non
1140 459 1235 515 Julii
1251 476 1396 504 nomen
1416 463 1455 503 in
1472 464 1530 505 his
1545 469 1711 508 nummis
1730 467 1795 508 fibi
1813 470 2009 517 vendicat,
2037 476 2076 512 &
2093 474 2218 514 Marci
2234 489 2328 529 prae-

225 526 371 552 nomen
393 511 560 552 AEmiliae
579 513 684 568 genti
703 513 856 568 vulgare
875 513 1037 556 assumit.
1068 516 1278 557 Damascus
1295 518 1361 558 etsi
1380 520 1400 559 a
1418 520 1551 561 Roma
1566 521 1684 577 longe
1701 523 1842 570 diffita,
1872 526 1925 565 ob
1943 522 2135 579 quandam
2154 529 2254 571 forte
2267 545 2326 572 ra-

225 569 372 608 tionem
389 567 588 608 AEmiliani
606 567 791 614 studiosa,
818 583 1000 611 nummos
1020 571 1055 612 ei
1077 572 1198 613 statim
1216 588 1260 614 ac
1274 573 1488 629 Imperator
1507 577 1717 630 appellatus
1733 579 1788 618 est
1813 579 1993 635 signavit,
2024 586 2063 622 &
2083 595 2126 623 ut
2147 584 2245 625 illius
2270 587 2326 627 rei

224 622 448 664 memoriam
470 624 729 670 conservaret,
757 625 796 664 in
822 625 868 665 iis
893 628 1146 667 certaminum
1172 627 1249 669 hoc
1278 642 1454 684 tempore
1481 632 1756 674 celebratorum
1785 648 2082 679 monumentum
2110 640 2286 693 percuslit
2318 658 2328 683 ε

221 680 305 719 haec
330 691 458 719 autem
485 679 593 720 fuine
619 692 801 734 putamus
823 681 1021 735 Augustea
1045 685 1085 723 in
1110 684 1274 738 Augusti
1298 685 1488 727 honorem
1514 687 1681 729 instituta
1697 716 1710 736 ,
1743 701 1786 730 ut
1809 705 1881 732 nos
1906 691 2125 746 frequentes
2150 695 2326 738 Damasci

222 735 371 775 nummi
391 734 626 780 docuerunt,
654 737 693 775 in
714 735 855 788 quibus
870 750 946 776 vox
965 753 988 778 c
1003 753 1025 778 E
1039 753 1062 779 B
1074 754 1100 779 A
1117 754 1139 779 c
1151 753 1188 778 M
1201 754 1215 779 1
1227 755 1254 780 A
1276 742 1374 782 intra
1389 756 1572 782 coronam
1591 757 1793 798 querceam
1817 747 1991 802 inscripta
2015 750 2080 789 est.
2119 749 2267 792 Notam
2290 766 2324 791 s.

225 805 259 829 c.
279 791 317 829 in
337 790 516 831 Coloniae
538 790 783 831 Damascena:
802 791 1016 846 appositam
1041 808 1188 841 remur,
1217 795 1270 834 ob
1294 797 1663 840 Senatusconsultum
1689 801 1848 854 quidem
1877 803 2090 857 antiquiore
2113 818 2221 846 more
2242 806 2324 848 fieri

218 845 368 886 solitum
381 873 392 891 ,
421 845 529 900 quod
547 845 745 900 Philippus
766 846 816 887 ad
832 848 1014 889 Senatum
1034 848 1103 889 fibi
1125 849 1404 892 demerendum
1422 854 1582 907 petierat
1602 870 1609 894 :
1637 855 1860 898 sententiam
1880 860 1973 898 vero
1997 861 2161 900 nostram
2185 862 2324 903 confir-

219 915 324 941 mare
342 901 494 943 videtur
516 901 642 942 similis
659 917 692 942 s.
718 917 753 942 c.
775 915 867 944 nota
891 904 931 944 in
958 904 1242 960 Philippopolis
1266 907 1446 948 Coloniae
1466 909 1514 949 ab
1542 910 1680 951 eodem
1704 911 1886 966 Philippo
1901 914 2075 956 dedut‘tae
2095 921 2261 959 nummis
2281 917 2327 958 fi·

219 969 346 1013 gnata.

218 1088 221 1090 q
273 1034 359 1076 Hic
375 1048 548 1090 nummus
566 1035 760 1076 mediocris
768 1063 780 1084 ,
809 1037 833 1078 a*
849 1037 1001 1078 Patina
1006 1049 1098 1094 pag.
1116 1052 1208 1092 404.
1227 1040 1432 1096 vulgatus,
1460 1044 1610 1083 eximiae
1625 1045 1803 1085 raritatis
1817 1046 1877 1099 cst.

957 1142 1583 1188 VJMJNACJUM.

215 1745 314 1772 nir.
347 1747 379 1772 c.
410 1745 461 1771 M.
494 1745 519 1771 A
535 1746 559 1771 E
572 1745 607 1772 M
619 1746 633 1772 1
646 1747 685 1773 L.
719 1747 745 1773 A
760 1748 784 1773 E
796 1747 833 1773 M
845 1747 860 1773 1
873 1749 898 1775 L
912 1748 927 1774 1
938 1748 965 1773 A
979 1748 1012 1780 N,
1023 1749 1048 1775 v
1062 1749 1093 1775 s.
1127 1749 1154 1775 A
1168 1749 1194 1775 v
1207 1749 1248 1776 G.
1287 1736 1420 1789 Caput
1439 1734 1639 1775 AEmiliani
1666 1736 1888 1777 laureatum.

218 1817 221 1819 -
272 1803 307 1828 P.
340 1801 386 1826 M.
418 1801 452 1826 s.
483 1802 541 1827 co
553 1803 591 1828 L.
624 1803 651 1828 v
664 1803 679 1828 1
691 1803 737 1828 M.
769 1789 991 1830 Provinciae
1010 1789 1146 1846 Moesiae
1162 1790 1374 1845 >Superioris
1392 1790 1546 1832 Colonia
1566 1792 1832 1831 Viminacium.
1863 1791 1908 1831 In
1922 1791 2002 1833 imo
2023 1805 2048 1833 A
2064 1804 2109 1831 N.
2140 1805 2167 1832 x
2182 1806 2198 1833 1
2217 1792 2235 1834 1'
2254 1807 2269 1834 1
2288 1807 2320 1836 1.

326 1842 470 1883 Mulier
488 1843 587 1884 stans
606 1844 768 1886 brachiis
784 1845 912 1886 versus
926 1847 1048 1886 imum
1066 1846 1248 1894 extenfis,
1276 1861 1349 1901 pro
1363 1846 1528 1901 pedibus
1543 1846 1636 1887 hinc
1653 1847 1815 1901 Aquila,
1844 1846 1935 1888 inde
1952 1848 2047 1888 Leo.

267 1921 531 1962 Viminacium
549 1922 698 1964 Moefiae
714 1924 916 1979 superioris
933 1925 1041 1971 urbs,
1068 1925 1168 1967 inter
1182 1936 1336 1966 caeteras
1355 1925 1566 1965 AEmiliano
1586 1939 1767 1966 nummos
1783 1924 1996 1981 percuffifl‘e
2014 1925 2182 1973 videtur,
2211 1926 2324 1982 quod

213 1977 274 2018 ille
292 1978 329 2017 in
348 1978 543 2031 provincia
560 1978 624 2019 sua
641 1979 857 2035 Imperator
873 1981 895 2020 a
915 1981 1095 2022 militibus
1112 1980 1227 2022 fuerit
1242 1981 1474 2035 appellatus,
1504 1981 1600 2022 teste
1616 1982 1698 2022 Sex.
1717 1984 1810 2022 Aur.
1831 1981 2000 2024 Vistore.
2031 1981 2110 2022 Sub
2126 1981 2187 2022 hv's
2203 1985 2324 2024 etiam

214 2033 489 2080 qAEmiltanm
509 2035 550 2073 in
567 2035 698 2084 Maesta
718 2036 927 2091 Imperator
946 2035 1105 2089 effefi‘m
1124 2037 1184 2091 cst.
1215 2036 1398 2078 AEmilius
1417 2049 1546 2078 autem
1565 2037 1783 2092 Legionurn
1807 2037 2014 2078 Pannoniae
2040 2037 2154 2085 Dux,
2183 2037 2325 2079 Barba-

213 2103 277 2131 ros
296 2089 334 2128 in
355 2088 570 2142 provincias
585 2089 785 2132 Romanas
801 2093 1056 2146 irrumpentes
1072 2092 1262 2149 repreffit,
1290 2093 1428 2134 milites
1451 2093 1490 2133 in
1514 2093 1751 2134 barbaricum
1776 2092 1898 2134 solum
1927 2092 2071 2134 solenni
2096 2093 2253 2134 vietoria
2270 2093 2322 2136 de

212 2143 303 2200 ipsis
320 2143 435 2184 relata
452 2141 682 2191 transduxit,
699 2143 740 2185 ’δε
760 2145 810 2185 fic
826 2146 995 2199 Imperio
1013 2148 1199 2189 Romano
1215 2149 1406 2201 subjectos
1421 2148 1468 2189 ab
1484 2148 1652 2202 ipsorum
1669 2147 1798 2189 furore
1811 2149 1992 2191 liberavit.
2022 2151 2160 2190 Annus
2175 2162 2222 2190 xl
2233 2163 2249 2191 1
2261 2163 2277 2191 1
2289 2147 2322 2192 f.

200 2203 254 2242 ‘in
278 2211 439 2239 nummo
462 2197 649 2253 signatus,
678 2199 728 2240 ad
748 2199 928 2240 Coloniae
945 2200 1014 2241 sub
1032 2201 1236 2242 Gordiano
1257 2202 1531 2242 deductionem
1548 2202 1711 2256 spectat,
1741 2203 1810 2256 qui
1835 2218 1939 2244 anno
1965 2204 2019 2244 U.
2042 2204 2091 2245 C.
2118 2210 2231 2246 1006.
2248 2205 2322 2258 ress

214 2255 385 2311 pondet‚
414 2268 495 2309 quo
512 2253 744 2294 AEmilianus
759 2255 971 2310 Imperium
995 2255 1138 2301 tenuit,
1167 2256 1194 2295 fi
1211 2255 1371 2309 quidem
1391 2256 1453 2296 illa
1468 2270 1571 2297 anno
1591 2258 1646 2297 U.
1665 2258 1711 2298 C.
1729 2271 1824 2312 993.
1841 2259 1999 2300 ineunte
2017 2258 2180 2301 deducta
2198 2261 2264 2302 est.

269 2332 352 2373 Hic
367 2346 540 2373 nummus
539 2331 725 2430 sscundae
743 2332 1040 2388 magnitudinum
1067 2331 1092 2372 ιὶ
1113 2332 1263 2374 Patina
1263 2332 1348 2384 fine
1367 2347 1548 2375 annorum
1562 2336 1662 2376 notis
1678 2337 1805 2377 editus
1817 2347 1906 2393 pag.
1922 2351 2016 2391 404..
2033 2339 2133 2379 inter
2143 2338 2322 2395 praestang'

215 2390 367 2442 tiffi'mos
382 2399 537 2444 reponen
565 2403 622 2430 m.
943 2391 946 2397 '

709 2498 762 2540 D.
801 2497 853 2537 N.
893 2498 940 2539 c.
977 2498 1337 2540 AEMILIANO

710 2553 1125 2596 FORTISSIMO
1160 2554 1466 2596 PRINCIPI

711 2609 1011 2650 HERCVLI
1049 2610 1463 2652 FORTlSSIMO

709 2664 755 2705 L.
796 2664 1022 2706 Vinivs
1059 2665 1431 2708 PAVLLINVS
1472 2666 1521 2708 v.
1551 2667 1599 2709 c.

709 2719 934 2761 coMEs
973 2720 1528 2765 DOMESTICORVM

708 2775 928 2818 PRAEF.
965 2777 1107 2818 VRB.
1148 2777 1197 2818 D.
1236 2777 1291 2819 N.
1331 2777 1390 2819 M.

873 2831 1123 2885 QEIVS.

1141 2903 1270 2960 Apud
1282 2904 1488 2947 Gruterum
1494 2914 1585 2960 pag.
1605 2918 1625 2946 2
1631 2917 1655 2959 7
1661 2916 1697 2958 3·
1715 2915 1753 2956 7.

1137 3230 1393 3276 *οὒῖζθυῖῑέᾒῆ
