2491 4219
175 104 269 142 244
914 93 1556 143 GALLIENUS.

185 187 192 191 .
230 166 254 192 c
265 166 291 191 o
305 164 342 193 L.
376 166 400 192 T
414 167 436 193 r
449 167 481 194 R
492 167 531 193 o.
563 168 600 194 Μ
614 169 636 194 E
650 167 687 194 r.
717 155 875 197 Colonia
887 157 1001 210 Dros
1012 158 1250 212 Metropolis.
1278 162 1406 203 Arbor
1421 162 1521 205 inter
1536 161 1638 204 duos
1653 161 1800 217 lapides
1815 176 2002 209 metarum
2019 168 2140 213 instar.

229 229 309 290 Hic
326 233 608 294 nummi-typus
625 232 674 294 aci
692 232 789 288 Tyri
804 249 917 276 novae
933 237 1120 292 originem
1136 236 1302 291 spectat,
1331 239 1352 279 ὲ
1367 238 1555 296 Palaetyro
1569 241 1721 296 triginta
1738 242 1864 284 stadiis
1879 243 2100 295 distantem;
2126 248 2209 292 haec
2225 250 2279 292 ad

173 296 286 325 maris
298 285 492 348 Phoenicis
501 289 625 333 littus,
652 288 713 328 illa
730 291 768 330 in
785 290 903 331 insula
922 292 1103 340 condita,
1132 307 1251 346 quam
1268 294 1487 337 Alexander
1504 298 1787 339 M.conti11enti
1802 300 2004 354 aggeribus
2015 302 2164 355 junxit,
2182 307 2279 348 dum

172 352 259 379 eam
277 353 521 396 expugnavit.
568 343 758 385 Hercules
774 345 903 400 Tyriis
923 359 966 388 ut
987 362 1129 389 novam
1152 349 1253 390 hanc
1269 350 1402 390 urbem
1423 350 1655 393 aedificarent
1671 354 1802 394 aanor
1822 355 1918 403 fuit,
1947 370 2016 397 eos
2032 360 2148 400 naves
2165 360 2280 403 fabri-

174 408 261 491 carse
274 395 411 492 figam
427 425 439 445 ,
466 399 606 454 quibus
626 413 839 455 quaererent
852 402 948 444 duas
966 404 1157 446 instabiles
1179 405 1220 446 in
1240 406 1335 446 mari
1353 416 1480 460 petras
1495 426 1510 455 5
1538 407 1607 449 has
1623 408 1667 448 N
1669 423 1795 450 onnus
1811 423 1926 453 vocat
1943 414 2163 457 Ambrosias
2180 417 2278 459 Dio-

175 464 227 505 ny
246 483 252 490 .
286 467 298 491 1
328 486 335 493 .
352 468 415 507 40.
2271 468 2279 472 ⁴

801 521 839 548 Af
854 512 939 554 Φῦστς
954 515 1121 563 Αμέςοσίοκ
1136 514 1327 561 ἑπεφῆμισ-εν.

795 562 914 617 Qas
931 573 1071 604 natura
1086 563 1302 616 Ambrofias
1316 564 1538 607 celebravit.

172 609 221 650 Id
239 611 438 672 confirmat
463 613 632 668 superior
648 615 839 657 Gordiani
862 631 1046 660 nummus
1070 633 1105 674 p.
1129 634 1145 659 1
1159 633 1216 671 51.
1241 620 1281 660 in
1299 635 1382 675 quo
1408 635 1436 662 A
1449 635 1484 662 M
1498 637 1521 663 B
1532 636 1554 662 Ρ
1567 637 1592 663 ο
1607 637 1630 664 c
1642 637 1657 664 1
1669 639 1693 665 Ε
1721 636 1750 664 n
1761 639 1784 665 E
1798 639 1823 665 T
1835 639 1856 666 P
1868 641 1905 668 E.
1941 627 2129 672 Hercules
2146 637 2278 676 autem

173 678 326 707 monuit
341 668 482 723 Tyrios
497 671 608 724 super
622 684 686 711 eas
702 672 842 712 olivam
861 674 1036 715 arborem
1055 675 1130 715 esse
1149 687 1291 717 natam.

807 735 875 765 Onu
895 730 986 775 φυπόν
1009 728 1053 768 {ev
1075 730 1213 770 ASlw'nc.

804 776 880 817 Ubi
897 778 1006 819 arbor
1025 787 1109 819 erat
1126 780 1333 820 Minervae.

172 822 223 863 Et
239 823 351 878 super
365 827 539 889 arborem
557 829 742 884 Aquilam
758 831 1001 881 inventuros,
1029 835 1107 888 (μή
1115 834 1209 889 Jovi
1228 840 1267 876 ὃς
1283 835 1480 891 Neptuno
1499 836 1715 889 immolata,
1741 851 1869 895 petras
1885 853 1976 884 tunc
1993 843 2141 887 stabiles
2157 848 2196 888 &
2207 846 2279 890 imss

174 891 298 920 motas
315 881 415 929 fieri,
445 884 555 938 super
572 900 669 940 quas
685 887 775 927 urbs
789 900 870 930 erat
885 889 1120 931 aedificanda.
2271 896 2278 900 ”

227 957 311 998 Hic
326 974 500 1003 nummus
506 965 642 1019 primae
659 967 935 1022 magnitudinis
950 970 1053 1011 inter
1067 969 1311 1026 elegantiores
1326 971 1564 1027 reponendus.

170 1538 314 1594 Capita
331 1538 524 1579 Valeriani
542 1538 730 1579 radiati&
748 1538 914 1579 Gallieni
931 1538 1088 1580 laureati
1104 1537 1270 1580 adversa.

227 1610 253 1636 Τ
269 1610 292 1636 Y
308 1609 338 1636 R
352 1610 377 1634 v
391 1609 408 1634 s
444 1609 462 1634 s
475 1609 497 1633 E
510 1608 531 1633 Ρ
543 1608 580 1634 τ.
613 1609 635 1634 c
647 1609 673 1634 o
685 1610 724 1636 L.
757 1608 793 1635 M
806 1609 829 1634 E
842 1609 867 1634 T
881 1608 911 1634 R
923 1608 949 1634 o
962 1608 983 1634 P
995 1609 1021 1634 o
1034 1610 1070 1636 L.
1102 1595 1223 1648 Tyrus
1235 1595 1420 1650 Septimia
1437 1594 1594 1636 Colonia
1610 1594 1840 1650 Metropolis.
1884 1595 2046 1651 Aliquid
2062 1595 2196 1652 agnitu
2211 1595 2286 1649 dif-j

282 1650 381 1691 ficile
400 1651 439 1690 in
460 1650 629 1704 quadam
649 1651 927 1691 substructione
938 1671 950 1698 3
978 1650 1070 1691 hinc
1089 1650 1235 1692 &inde
1252 1651 1345 1692 lauri
1363 1665 1503 1692 ramus.

223 1728 397 1771 Insolens
415 1730 530 1783 hujus
550 1730 699 1770 nummi
717 1729 809 1770 licet
831 1729 962 1770 detriti
981 1741 1097 1785 typus
1114 1729 1251 1777 suafit,
1279 1742 1322 1771 ut
1345 1729 1543 1784 publicum
1569 1744 1660 1771 eum
1685 1729 1922 1776 faceremus,
1949 1730 2075 1771 donec
2099 1730 2284 1788 integrior

170 1798 365 1826 occurrat:
392 1785 454 1826 ille
471 1799 608 1839 porro,
638 1785 665 1825 fi
682 1786 795 1826 nobis
810 1785 1040 1838 conjeciturae
1056 1786 1184 1833 locus,
1212 1785 1262 1827 ad
1280 1789 1488 1827 certamina
1505 1787 1617 1828 Affia
1637 1789 1677 1826 δε
1693 1786 1873 1827 Heraclia
1883 1785 1980 1840 Tyri
1995 1785 2058 1826 edi
2076 1785 2183 1827 solita
2198 1801 2284 1842 per-

170 1841 288 1886 tinet,
316 1841 358 1881 id
374 1841 602 1882 confirmare
615 1841 796 1882 videntur
809 1842 891 1881 duo
908 1842 1000 1882 lauri
1020 1843 1135 1890 rami,
1164 1854 1207 1883 ut
1225 1843 1265 1883 in
1285 1841 1608 1883 fimiliCaracallae
1622 1855 1787 1883 nummo
1804 1842 1852 1883 ad
1870 1841 1945 1882 hos
1962 1841 2075 1882 ludos
2090 1841 2288 1896 spestante

167 1895 344 1950 appositi.
381 1897 476 1937 Duo
489 1909 619 1936 autem
638 1896 690 1936 illi
706 1898 801 1937 rami
819 1897 902 1938 duo
918 1899 1125 1941 certamina
1142 1898 1333 1946 indicant,
1356 1912 1527 1953 quorum
1543 1899 1672 1940 laurus
1682 1898 1837 1939 νίξὶοῑίε
1853 1897 2000 1954 infigne
2016 1898 2094 1945 est;
2121 1897 2286 1952 &quid-

167 1951 266 2005 quid
279 1952 332 1992 ob
348 1952 596 1994 detritionem
611 1952 792 2008 distingui
809 1954 945 2007 nequit
961 1981 974 2000 ,
1003 1955 1204 2010 praemium
1220 1954 1374 1995 videtur
1394 1953 1432 1994 in
1453 1954 1544 1996 loco
1559 1955 1719 2010 quidem
1735 1953 1843 1996 edito
1855 1981 1867 2001 ,
1896 1965 1939 1995 ut
1956 1954 1997 1996 in
2015 1954 2287 2006 certaminibus

168 2007 333 2056 solebat,
359 2009 589 2064 expofitum.
619 2009 725 2052 Vide
740 2009 887 2065 aliquid
903 2008 1023 2052 fimile
1037 2011 1078 2052 in
1096 2011 1291 2052 Bostrenis
1310 2011 1481 2052 nummis
1498 2011 1610 2054 Alex.
1627 2011 1758 2054 Severi
1773 2024 1862 2067 pag.
1885 2022 1973 2063 1¹4·

221 2086 307 2129 Hic
323 2101 495 2128 nummus
510 2090 653 2145 integer
655 2088 836 2141 ficundae
840 2089 983 2145 formae
992 2101 1063 2146 pro
1081 2090 1261 2143 rariffi'mo
1275 2089 1486 2132 habendus.
1542 2128 1545 2130 ,

909 2196 1540 2239 VIMJNACIUM.

172 2805 188 2830 1
199 2801 235 2829 M
248 2801 283 2826 P.
314 2801 340 2826 L
352 2799 367 2823 1
381 2799 402 2824 e
417 2798 443 2823 1.
476 2797 502 2822 G
518 2796 545 2821 A
558 2795 583 2821 L
597 2797 621 2821 L
634 2795 649 2821 1
662 2795 685 2820 Ε
699 2794 728 2820 N
743 2794 769 2820 v
782 2793 802 2819 s
835 2794 862 2820 A
879 2794 904 2820 v
916 2794 957 2820 G.
996 2780 1133 2834 Caput
1148 2779 1314 2821 Gallieni
1330 2778 1555 2819 laureatum.

228 2857 262 2884 p.
295 2856 345 2881 M.
377 2854 410 2880 s,
441 2854 463 2879 c
475 2853 501 2878 o
515 2853 553 2878 L.
585 2851 612 2876 v
624 2851 698 2877 1M.
736 2836 960 2876 Provinciae
978 2834 1117 2886 Moesta·
1133 2834 1340 2890 Superioris
1359 2834 1515 2875 Colonia
1533 2833 1801 2875 Viminacium.
1844 2831 1891 2872 In
1911 2831 1993 2873 imo
2022 2846 2049 2873 A
2062 2845 2107 2874 N.
2125 2846 2204 2875 x11
2216 2838 2280 2877 ιι)

279 2899 320 2939 in
337 2896 415 2936 aliis
450 2907 529 2933 AN.
559 2906 628 2933 xv.
657 2893 696 2932 in
713 2890 795 2932 aliis
825 2907 851 2932 A
867 2905 911 2932 N.
937 2905 995 2933 xv
1009 2906 1040 2932 1.
1068 2893 1186 2932 Anno
1204 2893 1508 2946 decimo-quarto.
1557 2888 1702 2931 Mulier
1720 2889 1821 2929 stans
1845 2887 2006 2930 brachiis
2029 2888 2126 2931 infra
2147 2901 2279 2943 exten-

282 2953 329 2993 fis
347 2979 359 2998 ,
389 2951 479 2990 hinc
496 2949 595 2994 Bos,
625 2948 716 2988 inde
729 2947 824 2988 Leo.

224 3029 486 3074 Viminacium
504 3025 653 3067 Mocfiae
669 3025 871 3080 superioris
887 3025 976 3065 urbs
991 3025 1031 3065 in
1046 3024 1214 3065 nummis
1231 3024 1412 3064 Gallieno
1427 3037 1550 3064 annos
1564 3037 1611 3064 XI
1622 3037 1638 3063 1
1650 3037 1666 3063 1
1679 3037 1712 3063 1.
1729 3036 1793 3063 xv.
1810 3026 1850 3063 &
1867 3036 1963 3063 XVI.
1994 3022 2173 3064 Coloniae
2188 3022 2279 3066 fun}

172 3087 337 3129 dationis
355 3085 484 3139 primis
505 3083 624 3123 tribus
639 3082 747 3122 annis
762 3081 918 3135 Imperii
935 3080 1129 3122 Valeriani
1145 3081 1261 3135 patris
1277 3082 1316 3119 &
1332 3079 1388 3119 sui
1405 3078 1792 3133 correspondentibus
1813 3075 1991 3133 percusfit
2008 3097 2020 3125 ς
2046 3078 2113 3119 sed
2137 3093 2206 3120 cur
2226 3080 2282 3122 ab·

173 3133 237 3184 illo
257 3155 433 3196 tempore
450 3138 542 3180 nulli
561 3151 607 3178 ex
625 3137 703 3191 ipsa
718 3136 887 3178 Colonia
902 3136 1051 3177 nummi
1069 3136 1160 3176 huic
1178 3135 1404 3190 Imperatori
1421 3134 1557 3191 fignati
1574 3134 1840 3182 observantur,
1869 3135 1959 3175 cum
1983 3134 2045 3175 ille
2067 3134 2118 3175 ad
2133 3134 2278 3177 Tribu-

171 3200 305 3239 nitiam
322 3196 551 3251 potestatem
571 3195 691 3248 usque
708 3207 807 3233 xvl.
827 3193 1068 3248 pervenerit:
1095 3191 1123 3232 fi
1140 3191 1370 3244 conjesturae
1389 3191 1515 3237 locus,
1545 3190 1587 3230 id
1607 3189 1726 3231 causae
1744 3188 1854 3230 fuisse
1877 3189 2047 3237 videtur,
2076 3189 2188 3245 quod
2211 3191 2278 3232 In-

173 3261 321 3309 genuus
339 3253 407 3306 qui
423 3249 639 3291 Pannonias
655 3249 811 3304 regebat
822 3275 834 3296 ,
863 3247 1033 3303 Imperio
1050 3249 1191 3302 dignus
1208 3248 1229 3286 a
1245 3247 1428 3288 militibus
1444 3247 1675 3288 existimatus
1691 3245 1753 3293 fit,
1784 3249 1823 3286 &
1838 3245 1922 3298 ejus
1940 3246 2080 3287 traaus
2095 3245 2276 3288 Coloniae

174 3320 264 3349 tune
280 3308 458 3349 Gallieno
475 3319 655 3346 nummos
672 3319 753 3344 non
772 3304 979 3351 cuderent,
1009 3307 1048 3344 ὃς
1064 3302 1267 3359 praesertim
1285 3303 1375 3342 cum
1395 3303 1417 3342 ἓι
1433 3302 1668 3358 Legionibus
1685 3301 1880 3343 Moesiacis
1898 3301 1960 3341 ille
1976 3301 2192 3356 Imperator
2210 3316 2277 3356 ap-

174 3362 334 3417 pellatus
350 3362 475 3403 fuisset
491 3382 502 3408 ·,
531 3361 634 3401 hunc
650 3360 808 3401 tandem
823 3359 1042 3407 Gallienus,
1071 3360 1196 3400 Fusco
1212 3360 1250 3397 δε
1269 3357 1382 3399 Basso
1397 3358 1504 3399 Coss.
1522 3358 1632 3404 vicit,
1660 3360 1699 3398 &
1717 3357 1927 3398 Moefiacos
1943 3358 2108 3412 graviter
2120 3357 2275 3398 mulua-

175 3432 237 3460 tus
254 3418 329 3463 est,
356 3419 449 3459 teste
473 3418 591 3457 Treb.
619 3416 793 3456 Pollione
813 3431 821 3456 ε
851 3415 901 3455 In
925 3429 1048 3455 omnes
1066 3413 1259 3467 IVIoefiacos
1284 3422 1365 3454 tam
1387 3414 1527 3455 milites
1554 3412 1667 3470 quum
1686 3414 1792 3453 cives
1818 3413 2016 3467 asperrimo
2030 3413 2182 3462 faeviit,
2206 3423 2273 3451 nec

172 3473 481 3531 quemquamsuae
497 3472 737 3513 crudelitatis
752 3471 936 3523 exsortem
951 3471 1104 3527 reliquit
1123 3491 1135 3518 3
1161 3471 1274 3524 usque
1292 3474 1384 3510 adeo
1399 3470 1505 3525 asper
1521 3468 1569 3514 &⁸
1585 3468 1820 3510 truculentus
1830 3496 1842 3514 ,
1868 3477 1913 3508 ut
1921 3467 2118 3523 plerasque
2133 3467 2275 3507 civita-

176 3540 234 3571 tes
254 3541 400 3568 vacuas
417 3529 438 3566 ιὶ
456 3528 564 3568 virili
569 3528 672 3580 sexu
690 3529 926 3575 relinqueret.
962 3527 1034 3582 Jus
1056 3528 1173 3568 etiam
1193 3525 1380 3566 cudendae
1406 3537 1576 3566 monetae
1602 3525 1822 3565 Viminacio
1840 3527 1879 3563 &
1898 3524 1977 3564 aliis
1996 3523 2111 3576 hujus
2134 3521 2276 3563 tra&us

176 3585 333 3625 urbibus
353 3583 518 3630 abstulit,
547 3583 658 3636 quod
675 3576 831 3623 tandein
852 3582 937 3636 post
958 3583 1080 3637 ipsum
1100 3581 1279 3623 omnibus
1306 3581 1483 3623 Coloniis
1503 3585 1541 3621 δε
1566 3580 1793 3635 provinciis,
1822 3579 1850 3619 fi
1873 3579 2090 3634 AEgyptum
2113 3590 2275 3631 excepe-

179 3641 250 3686 ris,
280 3641 301 3678 ξι
321 3637 489 3678 Claudio
513 3639 573 3677 vel
595 3639 802 3678 Aureliano
825 3640 1050 3692 abrogatum
1068 3639 1143 3685 est,
1161 3637 1256 3678 nulli
1273 3638 1377 3678 enim
1400 3637 1564 3693 amplius
1583 3635 1838 3678 Coloniarum
1853 3637 2023 3681 nummi,
2049 3636 2089 3674 δε
2104 3645 2192 3674 cum
2212 3645 2273 3674 ur-

178 3696 284 3737 bium
305 3694 524 3734 Graecarum
542 3694 697 3734 nomine
716 3704 934 3734 occurrunt.

233 3771 294 3812 Hi
311 3773 453 3812 nummi
468 3769 596 3811 mediae
611 3772 884 3825 magnitudinis
899 3772 999 3812 inter
1013 3785 1118 3812 raros
1135 3768 1358 3824 recensbndi.
