2491 4219
455 1183 473 1205 *2
506 1151 585 1192 Ta
598 1165 628 1192 υ
641 1165 659 1191 s
672 1166 695 1192 c
708 1164 722 1190 ῐ
734 1164 796 1192 LL
811 1165 838 1191 A
851 1165 887 1191 M
918 1151 1033 1193 filiam
1057 1153 1172 1193 Decii
1196 1153 1290 1194 olim
1315 1155 1498 1196 creditam
1516 1183 1528 1203 ‚
1554 1169 1628 1210 pto
1645 1153 1762 1208 ipsius
1778 1153 1948 1209 conjuge
1969 1152 2116 1206 primus
2134 1150 2285 1194 ameruit

457 1180 486 1261 Ξ
508 1208 695 1263 Seguinus
718 1208 845 1247 noster
865 1207 983 1261 Epist.
1001 1209 1052 1248 ad
1071 1209 1162 1250 O&
1181 1207 1449 1251 Falconerium
1469 1239 1480 1257 ,
1509 1225 1627 1265 quem
1649 1211 1801 1264 sequuti
1823 1210 1907 1250 sunt
1927 1211 2158 1250 recentiores
2181 1210 2289 1249 Anti·

507 1264 629 1316 quarii
655 1275 820 1316 excepto
845 1262 885 1301 P.
910 1263 1118 1304 Harduino
1142 1278 1180 1318 p.
1207 1270 1296 1315 516.
1324 1267 1393 1319 qui
1416 1267 1516 1306 illam
1544 1265 1743 1306 Volufiani
1770 1278 1929 1305 uxorem
1955 1264 2084 1305 adhue
2106 1265 2283 1317 appellat.

404 1324 471 1358 5
502 1318 686 1372 Princeps
712 1319 772 1359 illa
797 1318 958 1359 foemina
985 1333 1031 1359 ex
1056 1319 1258 1359 Herennia
1285 1334 1401 1375 gente
1427 1321 1613 1367 oriunda,
1643 1321 1888 1360 Herennium
1906 1319 2107 1359 Etruscum
2126 1319 2243 1359 filium
2265 1320 2288 1359 ὲ

263 1401 305 1425 3»
351 1418 362 1422 ,
385 1420 389 1424 ,
417 1420 425 1427 Ι
443 1381 476 1421 Αζ
501 1375 628 1415 Decio
646 1387 752 1429 patre
770 1375 960 1415 Caesarem
978 1375 1212 1428 appellatum
1233 1377 1368 1430 genuit
1386 1404 1397 1422 ‚
1426 1381 1464 1416 &
1485 1376 1675 1416 ambobus
1692 1375 1876 1428 superstes
1896 1372 2006 1414 fuisse
2026 1374 2178 1415 videtur
2197 1388 2286 1414 cum

187 1424 476 1475 ωᾞέῑιῃ
500 1430 721 1471 Hostiliano
735 1445 901 1486 genero,
930 1430 1141 1471 Herenniae
1159 1429 1243 1470 filiae
1260 1430 1335 1470 suae
1353 1433 1510 1478 marito,
1540 1436 1578 1471 δε
1597 1432 1750 1471 Caesare
1764 1430 1883 1470 etiam
1898 1430 2105 1485 appellato.

224 1515 269 1557 H
282 1531 306 1557 E
322 1531 352 1560 R
366 1531 390 1558 E
406 1531 436 1557 N
453 1529 484 1557 N
499 1530 514 1560 1
531 1531 567 1559 ιε
596 1519 740 1560 nummi
754 1532 804 1558 ex
820 1517 955 1574 magjori
970 1516 1118 1557 modulo
1134 1515 1412 1568 rartffi'mifimt
1422 1545 1434 1565 ‚
1462 1530 1510 1558 ex
1522 1515 1759 1562 mediocri&
1772 1519 1925 1559 minimo
1939 1518 2020 1560 rari
2031 1515 2232 1558 habentur.

860 1625 1159 1668 ANTIO
1189 1626 1428 1671 CHJA
1479 1626 1605 1678 &ria

164 2274 190 2305 ε
203 2275 409 2304 PENNIA
443 2276 467 2301 E
480 2272 680 2302 τΡοΥΣΚ
695 2275 748 2301 1A
761 2274 788 2301 Λ
802 2275 830 2300 A
863 2275 922 2301 σε
935 2276 970 2301 Β.
1009 2262 1146 2314 Caput
1161 2260 1376 2301 Herenniae
1391 2259 1611 2302 Etruscillae.

217 2333 246 2359 A
261 2333 291 2360 N
305 2333 329 2358 T
342 2333 357 2357 1
369 2333 394 2358 o
409 2332 433 2357 x
446 2332 470 2356 E
483 2330 510 2354 Ω
522 2330 563 2355 N.
598 2331 633 2355 M
647 2332 674 2356 H
687 2331 711 2356 T
724 2330 745 2355 Ρ
757 2331 794 2356 ο.
827 2329 853 2355 K
867 2329 893 2355 o
907 2329 934 2354 A
945 2328 1024 2354 ΩΝ.
1055 2321 1213 2365 Ανποχὲων
1232 2320 1441 2359 Μητςοπέλεως
1459 2328 1617 2356 mmmm.
1646 2314 1693 2355 In
1713 2328 1802 2355 area
1827 2327 1860 2355 s,
1880 2329 1915 2356 c.
1939 2329 1974 2357 Δ.
1993 2331 2032 2357 E.
2071 2317 2284 2373 Templum

271 2374 529 2427 tetrastylum,
555 2371 595 2411 in
612 2385 694 2425 quo
712 2371 833 2426 figura
849 2371 982 2411 turrita
998 2370 1167 2412 infidens
1184 2369 1350 2426 scopulis
1367 2385 1456 2412 cum
1475 2370 1599 2412 fluvio
1613 2385 1688 2426 pro
1705 2370 1894 2426 pedibus,
1921 2372 1961 2413 in
1977 2375 2118 2415 vertice
2135 2378 2285 2420 nummi

273 2429 400 2469 Aries.

215 2505 426 2547 Antiochia
441 2505 554 2557 Syriae
572 2503 807 2559 Metropolis
824 2506 863 2544 &
878 2503 1047 2545 Colonia
1065 2518 1247 2546 nummos
1264 2505 1491 2552 Etruscillae‚
1520 2515 1564 2545 ut
1583 2508 1621 2545 &
1639 2504 1769 2546 Decio
1785 2505 1903 2560 ipsius
1925 2508 2062 2547 marito
2082 2511 2280 2560 percnffic,

161 2562 272 2618 quod
291 2561 351 2601 illa
368 2560 493 2600 forsan
514 2574 605 2600 eum
618 2587 630 2605 ‚
659 2571 702 2601 ut
717 2560 887 2601 solebant
903 2560 1186 2614 Imperatorum
1205 2562 1414 2615 conjuges,
1444 2562 1483 2601 in
1500 2561 1750 2615 expeditione
1767 2576 1899 2604 contra
1915 2563 1956 2603 L.
1975 2561 2141 2604 Priscum
2162 2568 2283 2608 comi·

161 2630 239 2660 tata
261 2616 306 2658 fit
325 2614 580 2656 Antiochiam.
619 2615 756 2672 Figura
772 2616 813 2655 in
827 2616 996 2670 templo,
1025 2616 1177 2657 Genius
1192 2618 1248 2658 est
1267 2618 1370 2658 urbis
1387 2616 1555 2658 infidens
1569 2617 1812 2663 monticulis,
1841 2632 1960 2672 quem
1978 2619 2074 2672 saepe
2089 2621 2222 2675 saspius
2241 2626 2281 2666 in

158 2673 414 2727 superioribus
431 2671 597 2710 nummis
614 2685 702 2711 cum
722 2671 843 2711 fluvio
863 2684 1083 2728 emergente
1100 2673 1289 2720 vidimus,
1318 2672 1382 2713 sed
1403 2674 1465 2714 hic
1487 2686 1669 2714 nummus
1686 2674 1818 2727 templi
1831 2673 1947 2728 ipsius
1960 2674 2279 2731 ichnographiam

158 2729 338 2774 exhibet,
366 2727 474 2781 cujus
494 2727 669 2768 meminit
687 2727 916 2768 Ammianus
932 2728 971 2768 in
988 2728 1066 2768 vita
1076 2727 1220 2781 Juliani
1238 2730 1301 2770 lib.
1319 2742 1384 2782 23.
1404 2743 1441 2781 p.
1454 2731 1548 2780 487.
1583 2729 1762 2785 Namque
1779 2731 1959 2770 Calendis
1974 2730 2057 2784 zpsls
2069 2731 2280 2782 Januarits

159 2784 382 2835 ascendente
397 2797 437 2823 eo
445 2782 597 2837 gradile
616 2782 732 2823 Genii
748 2783 937 2837 templum.
974 2784 1134 2825 Fluvius
1149 2811 1161 2831 ‚
1188 2784 1363 2826 Orontes
1379 2785 1433 2824 est
1456 2785 1702 2825 Antiochiam
1722 2786 1853 2826 urbem
1872 2786 2157 2840 praeterfluens,
2187 2790 2280 2831 teste

158 2841 285 2881 Plinio
304 2839 366 2879 lib.
387 2852 418 2891 5.
436 2853 519 2893 cap.
537 2853 556 2879 2
568 2852 600 2879 J.
635 2839 768 2886 Intus,
795 2837 876 2894 ipsa
897 2839 1110 2880 Antiochia
1125 2839 1244 2881 libera
1257 2868 1268 2888 ‚
1297 2840 1546 2896 Epidaphnes
1564 2841 1828 2895 cognominata
1841 2870 1851 2888 ‚
1882 2843 2025 2882 Oronte
2044 2856 2152 2882 amne
2172 2845 2277 2885 Δι’-υἰ-

157 2893 273 2936 ditur.
315 2894 406 2937 Vox
424 2907 553 2936 autern
573 2893 716 2935 Libera
737 2895 850 2936 valde
865 2894 1020 2936 illustrat
1036 2907 1148 2937 notas
1177 2910 1210 2936 s.
1231 2911 1266 2936 c.
1287 2899 1325 2936 Sc
1344 2909 1377 2936 Δ.
1396 2910 1433 2935 E.
1465 2896 1838 2937 Senatusconlultum
1857 2900 1894 2936 ὃς
1908 2897 2146 2938 Plebilcitum
2167 2899 2279 2954 signi-

157 2951 314 2993 ficantes
325 2978 336 2998 ‚
365 2964 461 3005 quas
479 2952 529 2991 ad
550 2956 724 2999 αἰυπνομίων
750 2951 817 2992 fibi
835 2951 856 2991 a
873 2951 1065 3005 Pompeio
1080 2948 1297 2994 concessam
1314 2952 1552 3009 arguendam
1571 2953 1613 2993 in
1632 2954 1801 2994 nummis
1818 2952 1979 3010 signavit
1990 2980 2003 3001 ,
2031 2966 2074 2995 ut
2089 2954 2130 2995 in
2143 2955 2275 2999 Otho-

157 3022 208 3050 ne
224 3011 264 3047 &
281 3008 319 3048 in
337 3007 418 3047 aliis
438 3007 736 3062 Imperatoribus
759 3006 893 3063 passim
913 3006 1093 3048 diximus.

213 3085 299 3127 Hic
315 3099 487 3128 nummus
505 3087 662 3144 mqjoris
669 3086 811 3142 formae
828 3085 1033 3140 rarffmus
1051 3085 1113 3140 est.

214 3664 240 3692 Δ
249 3665 273 3690 u
282 3665 316 3691 M
325 3664 374 3691 ΑΡ
382 3664 417 3691 x.
442 3663 464 3690 E
473 3662 494 3690 Ξ
504 3662 529 3690 0
539 3661 566 3690 τ
575 3665 596 3688 c
605 3661 618 3688 1
626 3662 648 3688 A
658 3661 693 3692 Σ.
728 3649 775 3690 In
789 3649 871 3690 imo
894 3661 928 3690 s.
947 3663 981 3690 c.
1018 3649 1162 3705 Aquila
1176 3650 1313 3706 palmae
1326 3650 1498 3693 insistens
1507 3677 1520 3699 ‚
1547 3651 1670 3692 rostro
1686 3663 1871 3692 coronam
1888 3650 1994 3706 gerit.
2017 3642 2020 3644 V

211 3740 349 3781 Similis
371 3740 411 3780 in
434 3740 560 3781 Decio
585 3751 767 3779 nummus
787 3737 868 3790 jam
893 3735 1061 3791 prodiit,
1090 3751 1209 3791 quem
1233 3740 1284 3780 ad
1303 3738 1551 3779 Antiochiam
1569 3738 1684 3792 Syriae
1703 3738 1957 3793 Metropolim
1983 3735 2149 3791 (pettam
2167 3737 2263 3779 dixi-

158 3809 244 3837 mus
262 3796 314 3836 ob
335 3809 365 3834 s.
387 3809 422 3835 c.
439 3808 550 3836 notas
564 3806 731 3835 monetae
747 3792 933 3833 cudendae
949 3792 1169 3834 facultatem
1186 3793 1513 3837 Antiochensibus
1533 3795 1554 3835 a
1570 3795 1712 3836 Senatu
1730 3795 1914 3836 Romano
1930 3792 2142 3834 conceffam
2165 3794 2265 3834 indi-

158 3863 313 3899 cantes,
341 3850 499 3905 quando
516 3850 620 3903 Syria
636 3851 673 3890 in
693 3848 928 3904 provinciam
947 3848 1170 3890 Romanam
1193 3851 1347 3892 redasta
1369 3850 1435 3891 est.
1479 3850 1692 3905 Pompeius
1708 3852 1868 3907 quidem
1890 3849 1979 3904 ipfis
2002 3856 2175 3898 οίυπνομίοω
2197 3850 2265 3891 de-

157 3907 286 3954 derat,
314 3905 380 3947 sed
395 3920 475 3946 non
496 3905 618 3946 modo
639 3919 670 3946 s.
686 3920 722 3946 c.
741 3905 792 3945 ad
805 3904 907 3945 illam
925 3903 1250 3953 confirmandam,
1279 3908 1413 3947 verum
1433 3907 1548 3947 etiam
1569 3908 1768 3961 plebiscito
1783 3920 1884 3960 opus
1902 3904 2047 3952 fuerat,
2077 3905 2188 3959 quod
2207 3920 2263 3946 ar-

158 3976 277 4018 guere
292 3962 473 4057 vidlentur
493 3962 554 4003 hae
567 3972 670 4003 notae
694 3973 731 4001 Δ.
749 3974 787 4002 Ε.
804 3961 844 4002 in
862 3959 994 4003 iisdem
1010 3961 1178 4004 nummis
1195 3961 1333 4019 fignari
1348 3961 1488 4059 sgitae,
1517 3977 1605 4019 quae
1618 3964 1660 4006 in
1676 3964 1754 4008 hoc
1769 3976 1844 4017 pro
1859 3974 1991 4004 earum
2005 3960 2264 4021 compendi0‚

213 4019 319 4060 Tom.
408 4049 417 4059 .
1412 4032 1435 4059 c
2102 4026 2262 4073 mtegrce
