2491 4219
645 130 1649 209 “CARACALLA
2157 143 2215 215 ⁷23

163 774 458 803 ΑΝΤΙΟΧΕΩΝ.
488 775 566 800 ΜΗ.
592 774 615 800 K
629 773 666 799 ο.
701 769 859 811 Ανποχὲων
878 763 1088 804 Μητροπόλεως
1103 766 1261 800 Romulus·
1290 761 1336 801 In
1354 775 1439 801 area
1465 775 1495 800 s,
1516 775 1548 800 c.
1568 771 1603 799 Δ,
1625 773 1661 798 Ε.
1699 757 1845 798 Mulier
1862 767 1905 798 ut
1920 757 2029 810 supra
2044 757 2208 810 sedensffl.

167 842 313 882 Mulier
334 842 501 882 infidens
527 841 685 894 rupibus
700 868 712 886 ,
743 841 892 880 Genius
914 840 969 880 est
993 841 1096 881 urbis
1113 866 1125 886 ,
1153 838 1440 893 vestitupatrio
1457 867 1469 885 ,
1497 852 1578 878 non
1598 838 1807 878 Romano:
1837 835 2001 876 turribus
2017 846 2223 876 coronatur

113 898 218 938 velut
236 899 441 952 provinciae
460 897 703 951 Metropolis.
744 895 824 936 Dio
839 896 880 935 in
898 895 1100 936 Hadriano
1118 911 1125 935 :
1155 906 1187 932 Ev
1202 903 1240 945 τῇ
1251 900 1415 944 penitemini
1431 898 1544 939 >tugiam
1562 897 1726 943 Αντιοχείᾳ.
1764 891 1978 932 Antiochia
1990 919 2002 938 ‚
2029 904 2111 946 quae
2132 891 2224 930 urbs

112 952 162 1003 est
178 952 400 1006 Metropolis
416 952 447 992 S
445 954 539 998 yriae.
581 951 762 1006 Rupibus
777 950 938 997 insidet,
967 951 1018 990 ad
1039 951 1151 991 fitum
1166 951 1205 991 in
1224 950 1321 991 colle
1339 952 1553 992 notandum
1565 979 1577 998 ,
1606 949 1748 1003 utpote
1764 948 1803 988 in
1821 947 1922 988 clivo
1938 946 2043 1001 Silpii
2063 947 2220 992 montis,

114 1020 157 1049 ut
175 1008 288 1048 tradit
306 1008 522 1048 Eustathius
544 1007 583 1047 in
599 1007 756 1047 Comm.
777 1006 827 1046 ad
849 1006 967 1046 Dion.
985 1006 1049 1046 lib.
1079 1006 1145 1046 Ea
1163 1005 1390 1062 verojuxta
1407 1007 1566 1061 Stspium
1583 1014 1745 1046 montem
1763 1003 1812 1054 est
1823 1003 1906 1053 fita.
1953 1001 2030 1044 Pro
2055 1000 2221 1057 pedibus

113 1064 271 1103 Fluvius
290 1063 344 1103 est
361 1063 555 1109 Orontes,
583 1061 634 1102 de
653 1076 735 1116 quo
752 1062 888 1102 Strabo
903 1061 964 1100 lib.
989 1067 1047 1102 16.
1071 1076 1158 1117 pag.
1178 1074 1270 1113 750.
1311 1066 1428 1112 1³55*aess
1444 1066 1549 1102 πόλεως
1564 1064 1686 1104 πλησίον
1705 1063 1827 1110 ορόντης
1842 1062 1977 1108 amuda
2014 1058 2143 1113 ‘Prope
2159 1071 2220 1096 ur-

109 1119 374 1168 bemOrontes
386 1118 538 1162 labitur.
572 1118 702 1172 Spicas
717 1118 833 1172 gerit,
863 1116 914 1157 ad
934 1116 1087 1171 frugum
1108 1117 1382 1167 abundantiam
1407 1119 1447 1158 in
1462 1132 1557 1172 agro
1576 1119 1646 1159 suo
1665 1116 1920 1162 indicandam.
1968 1114 2100 1156 Notas
2128 1127 2162 1154 s.
2185 1126 2219 1152 c.

35 1182 38 1184 ’
97 1173 167 1214 ²ob
183 1173 401 1214 facultatem
418 1184 584 1214 monetae
602 1171 928 1213 Antiochensibus
945 1173 966 1212 a
983 1174 1124 1213 Senatu
1141 1172 1354 1213 concessam
1371 1173 1564 1227 appofitas
1575 1201 1588 1220 ,
1615 1176 1655 1213 in
1673 1172 1838 1212 Othone
1856 1171 2043 1211 diximus:
2073 1171 2141 1211 has
2158 1182 2222 1209 ve-

111 1230 159 1270 ro
181 1239 217 1267 Δ.
237 1243 275 1268 Ε.
300 1229 518 1283 Antiquarii
543 1229 839 1282 interpretantur
859 1235 1049 1279 Δημαςχκῆς
1071 1232 1185 1274 {gaviae
1200 1256 1210 1272 ‚
1240 1227 1462 1268 Tribunitia
1478 1228 1664 1281 potestate
1677 1256 1689 1275 ‚
1716 1242 1832 1281 quam
1850 1227 2049 1266 Tristanus
2071 1237 2164 1267 tom.
2185 1237 2220 1263 2.

109 1285 198 1341 pag.
218 1297 266 1324 22
278 1297 310 1334 5.
331 1284 381 1325 ad
396 1285 696 1339 Imperatorem,
726 1287 765 1323 &
781 1297 861 1323 non
881 1283 931 1323 ad
949 1284 1084 1323 urbem
1104 1283 1274 1337 spectare
1289 1282 1405 1324 tradit
1421 1303 1434 1329 3
1462 1283 1529 1324 sed
1545 1297 1617 1323 nos
1632 1284 1682 1323 ad
1698 1283 1832 1323 urbem
1850 1283 1980 1336 potius
1997 1309 2009 1328 ,
2037 1283 2154 1335 quam
2170 1277 2222 1320 ad

110 1339 389 1394 Imperatorem
412 1341 603 1394 pertinere
626 1339 856 1393 suspicamur
877 1354 885 1379 ε
921 1338 968 1378 In
994 1339 1174 1389 omnibus
1199 1338 1303 1378 enim
1323 1338 1541 1379 Antiochiae
1566 1339 1734 1379 nummis
1757 1338 1903 1378 eaedem
1921 1338 2053 1377 litterae
2071 1336 2222 1390 semper

111 1406 320 1436 occurrunt
336 1422 348 1442 ,
377 1409 464 1449 quae
480 1395 618 1449 Populi
632 1395 859 1435 austeritate
875 1422 888 1441 ,
915 1393 977 1434 vel
994 1393 1133 1446 Populi
1146 1392 1247 1447 jussu
1267 1392 1460 1439 referunt,
1489 1393 1599 1448 quod
1615 1393 1774 1434 facultas
1791 1392 1978 1432 cudendae
1993 1403 2160 1432 monetae
2176 1400 2220 1431 ut

98 1449 134 1491 ’ὲ
149 1450 314 1498 Senatu,
341 1451 392 1491 ita
409 1452 430 1491 a
446 1450 598 1505 Populo
615 1450 799 1491 Romano
818 1449 1144 1490 Antiochensibus
1160 1448 1334 1489 concessa
1350 1448 1473 1490 fuerit.

165 1527 250 1568 Hic
276 1542 448 1568 nummus
469 1530 666 1569 mediocris
679 1527 842 1583 formae,
870 1529 894 1568 d
919 1527 1090 1581 Tristano
1113 1537 1202 1568 tom.
1229 1540 1264 1567 2.
1279 1538 1375 1582 pag.
1406 1540 1495 1577 225.
1520 1525 1611 1570 &A
1632 1526 1783 1567 Patino
1793 1537 1883 1581 pag.
1906 1518 2219 1580 3oi.v1t{guius‚

98 1583 286 1640 frequens
306 1581 354 1628 ἔγ
369 1584 506 1624 obvius
523 1584 580 1633 est,

772 1686 1333 1728 ANTIOCHIA
1386 1685 1551 1737 Pistdiae.

110 2336 220 2385 iMP.
252 2353 276 2381 c
290 2352 316 2380 A
330 2353 368 2379 E.
398 2351 450 2379 Μ.
484 2354 510 2378 A
524 2353 551 2379 v
564 2347 604 2379 R.
636 2352 664 2378 A
679 2351 710 2377 N
725 2351 749 2378 T
762 2353 789 2379 0
803 2351 848 2379 N.
882 2352 909 2378 A
922 2352 950 2379 v
963 2352 1004 2379 G.
1033 2337 1167 2393 Caput
1185 2337 1390 2380 Caracallae
1406 2337 1627 2380 laureatum.
2082 2381 2084 2384 ,
2187 2388 2190 2391 .

166 2410 190 2437 c
200 2411 225 2437 ο
237 2410 274 2436 L.
305 2410 328 2436 c
342 2409 368 2435 A
379 2409 403 2434 E
415 2408 447 2434 s.
480 2408 507 2434 A
522 2408 553 2434 N
566 2408 590 2434 Τ
603 2408 617 2434 1
630 2408 656 2434 o
670 2408 693 2434 c
705 2407 745 2434 H.
777 2394 932 2435 Colonia
951 2393 1124 2447 Caestzrea
1139 2394 1416 2448 Antiochenfis.
1443 2394 1491 2435 In
1505 2408 1594 2436 area
1613 2407 1641 2434 S.
1672 2406 1717 2435 R.
1746 2392 1926 2435 Colonus
1941 2405 2061 2451 agens
2076 2394 2219 2447 boves,

219 2464 326 2506 pone
341 2451 424 2491 duo
438 2449 542 2505 figna
563 2449 747 2491 militaria.

164 2529 231 2570 Ad
256 2527 506 2570 Antiochiam
529 2528 678 2569 Pifidiae
700 2528 866 2583 pertinet
889 2542 1071 2570 nummus
1088 2549 1101 2576 ;
1128 2529 1212 2570 haec
1240 2529 1344 2570 enim
1360 2543 1430 2585 per
1449 2528 1628 2582 Caefizreae
1641 2542 1786 2570 nomen
1803 2528 1872 2584 ipfi
1889 2529 1938 2570 ab
1958 2530 2134 2587 Augusto
2149 2529 2221 2571 da-

111 2596 216 2636 tum,
245 2596 289 2624 ut
316 2582 503 2632 diximus,
531 2583 580 2623 ab
603 2584 683 2624 aliis
712 2583 822 2624 distin
854 2585 964 2626 uitur.
993 2585 1173 2639 Seleucus
1196 2596 1325 2626 autem
1346 2585 1503 2640 Imperii
1519 2586 1662 2640 Syriaci
1676 2585 1862 2636 fundator
1877 2586 1928 2626 de
1944 2588 2061 2639 patris
2077 2586 2220 2627 Antio-

111 2639 178 2681 chi
195 2639 352 2680 no'r'ni‘ne
367 2639 558 2680 sexdecim
576 2639 688 2679 urbes
705 2598 881 2680 condicgfit
893 2634 1138 2687 Antiochias,
1166 2644 1205 2680 &
1219 2640 1281 2681 sex
1297 2641 1318 2680 a
1334 2653 1455 2682 matre
1466 2641 1696 2687 Laodiceas,
1726 2641 1821 2682 teste
1831 2642 2015 2696 Appiano
2030 2657 2118 2698 pag.
2134 2654 2221 2694 124.

112 2696 154 2735 in
177 2695 345 2750 syriacis.
385 2699 487 2735 Πόλεις
502 2700 535 2734 δὲ
552 2698 649 2744 ᾤ’κισῑν
673 2703 719 2734 ἐπὶ
741 2699 770 2733 αὖ
785 2704 890 2746 μῆκῷ-Ι
905 2701 932 2736 ‘13
947 2705 1044 2746 >ξ>χῖῆς
1058 2699 1144 2740 ὅλης,
1168 2701 1327 2734 {meddam
1340 2699 1394 2744 μᾏ)
1409 2699 1596 2746 Αντιοχεὶοις,
1620 2705 1668 2736 ἐπὶ
1683 2704 1726 2744 τῷ
1741 2700 1853 2742 παπ-μ’.
1891 2698 2064 2738 Ornavit
2091 2706 2220 2737 autem

109 2751 313 2805 Imperium
328 2749 441 2800 suum
450 2779 463 2798 ,
492 2752 691 2804 exstruc‘lis
698 2763 772 2806 per
787 2760 908 2793 totam
923 2753 1006 2808 ejus
1022 2753 1296 2808 longitudinem
1315 2752 1491 2798 urbibus,
1517 2766 1678 2807 quarum
1684 2752 1883 2804 sexdecim
1894 2753 1919 2792 a*
1927 2761 2042 2806 patre
2052 2753 2218 2793 denomi-

109 2808 227 2848 navit
243 2807 499 2854 Antiochia,
527 2806 608 2851 &a
640 2809 836 2863 Augustus
853 2811 947 2849 vero
969 2809 1059 2849 cum
1079 2822 1163 2848 eam
1179 2807 1342 2848 deduxit
1360 2807 1590 2855 Coloniam,
1618 2819 1763 2849 nomen
1781 2808 1891 2849 suum
1909 2809 2082 2849 veterixin
2104 2810 2219 2850 bene-

109 2860 187 2908 ficii
203 2862 425 2903 memoriam
443 2863 592 2904 addidit
613 2878 620 2902 :
648 2878 765 2918 quam
783 2865 836 2904 ob
856 2863 1238 2905 remAntiochenses
1255 2863 1295 2902 in
1314 2863 1390 2903 hoc
1408 2864 1614 2904 Caracallae
1630 2878 1814 2910 nummO,
1844 2864 1894 2904 ad
1910 2864 2087 2904 Coloniae
2103 2866 2219 2919 origi-

109 2931 202 2958 nem
226 2917 489 2965 indicandam,
518 2919 665 2960 Coloni
692 2933 829 2973 typum
858 2924 898 2960 ὃς
923 2919 1027 2973 figna
1052 2919 1224 2959 militaria
1253 2918 1452 2965 caelarunt,
1482 2929 1621 2960 utnon
1641 2920 1763 2960 modo
1777 2920 1880 2960 cives
1898 2919 2122 2966 Romanos,
2151 2919 2219 2960 sed

110 2973 328 3028 Legionum
344 2975 460 3015 etiam
480 2974 696 3015 Veteranos
716 2976 737 3016 a
750 2975 788 3015 se
807 2987 984 3029 receptos
1000 2975 1238 3015 denotarent.
1269 2974 1346 3014 Hae
1365 2974 1499 3015 litterae
1515 2989 1548 3014 s.
1581 2989 1622 3015 R.
1653 2974 1819 3015 Senatus
1843 2975 2059 3020 Romanus,
2088 2989 2161 3028 pro
2180 2988 2215 3016 S.

110 3044 146 3079 ς.
177 3028 524 3083 Senatufconsulto,
553 3030 603 3070 ad
620 3030 855 3086 arguendam
870 3038 1119 3071 nummorum
1135 3029 1404 3070 cudendorum
1421 3028 1640 3071 facultatem
1657 3032 1678 3070 a
1694 3031 1834 3071 Senatu
1851 3030 2064 3070 concessam
2080 3028 2216 3071 viden-

48 3107 53 3112 ·
110 3096 173 3133 tur
187 3083 369 3138 appofitae
380 3113 393 3133 ,
421 3085 530 3141 quod
550 3086 675 3127 forsan
696 3085 850 3140 majoris
870 3085 1004 3126 formae
1023 3085 1095 3126 fint
1113 3105 1126 3132 3
1153 3099 1244 3125 nam
1259 3084 1450 3138 ejufinodi
1467 3085 1612 3141 [ignare
1630 3085 1737 3127 haud
1755 3085 1877 3126 solent
1894 3085 2082 3125 Coloniae.

161 3162 247 3210 Hic
264 3177 435 3206 nummus
441 3166 576 3219 primae
592 3164 869 3221 magnitudinis
876 3175 950 3220 pro
967 3173 1052 3204 raro
1067 3162 1328 3217 numerandus.

158 3755 183 3782 c
193 3755 220 3782 ο
230 3755 266 3781 L.
297 3756 321 3783 c
333 3756 359 3782 A
373 3757 398 3783 ε
411 3757 444 3783 s.
476 3757 503 3783 A
518 3758 548 3805 ις
563 3758 587 3785 T
599 3759 650 3786 10
664 3761 687 3787 c
699 3761 740 3786 H.
771 3746 927 3788 Colonia
945 3746 1119 3800 Caefhrea
1134 3747 1403 3802 Antiochenfis.
1436 3750 1583 3806 Jupiter
1600 3751 1719 3798 stans,
1746 3749 1879 3793 dextra
1896 3751 2083 3806 aquilam,
2110 3752 2199 3796 fini-

214 3796 288 3836 stra
303 3797 450 3839 hastam
466 3813 576 3855 gerit.

159 3874 408 3916 Antiochiam
430 3876 530 3918 hanc
556 3878 703 3919 Pifidiae
722 3893 910 3922 memorat
928 3880 1146 3936 Stephanus
1164 3898 1172 3922 ε
1201 3886 1372 3933 Ανπὸχωοι,
1395 3886 1520 3936 τετάρτη
1535 3885 1694 3932 naa-uim,
1718 3880 1932 3926 Antiochia
1945 3872 2085 3941 quasia
2103 3885 2201 3939 Pg‘s'zss

43 3973 46 3977 ,
104 3928 496 4027 άὶιὲοῗΐαλῧῑαηῑηοε
512 3933 657 3982 Severo
675 3939 715 3976 &
733 3936 840 3991 Juliae
856 3931 1046 3981 Antonini
1062 3939 1266 3982 Caracallae
1285 3940 1508 4039 paresstibus
1524 3937 1758 3985 cohstcravit
1776 3957 1784 3983 :
1812 3941 1865 3997 nil
1881 3941 2210 4040 mmlmiissrigrfessrii
