2491 4219
199 127 296 172 κῇ
859 121 887 165 s
959 119 1226 168 A1.o
1298 124 1440 170 Νι
1513 125 1563 172 Ν
1632 123 1691 172 Α

197 183 306 224 Duas
321 182 400 224 illas
415 183 578 239 Aquilas
595 183 818 239 legionarias
835 185 886 225 ad
898 186 1078 227 Colonia:
1094 187 1283 243 originem
1299 189 1468 242 spestare
1486 192 1573 245 quis
1590 204 1762 247 unquam
1779 191 2082 246 pronunciasset,
2111 195 2181 237 nisi
2196 199 2310 239 numss

199 252 288 278 mus
303 252 477 292 perrarus
491 240 618 280 noster
638 241 801 295 Augusti
819 241 859 281 id
881 255 953 281 nos
971 242 1193 284 edocuisset.
1236 244 1421 298 Berytus,
1442 247 1613 288 Colonia
1628 247 1789 301 quidem
1806 248 1944 302 aJulio
1961 248 2110 291 Caesare
2126 253 2309 294 constitu-

199 304 240 334 ta
254 293 310 334 est
324 321 338 340 ,
366 296 469 335 unde
483 295 553 350 ipsi
571 308 714 335 nomen
730 295 856 348 Juliae
866 322 880 343 ,
908 296 957 336 ab
975 298 1154 353 Augusto
1170 298 1313 339 deinde
1332 298 1533 342 Veteranis
1557 302 1802 357 frequentata
1814 330 1827 349 ,
1843 302 1963 344 ‘unde
1976 306 2156 359 Augustae
2172 308 2307 362 appel-

199 349 292 389 latio
309 364 317 389 :
345 349 411 391 sed
425 364 606 391 nummus
623 352 803 407 emeritos
821 366 855 391 v.
874 351 1142 395 Macedonicae
1161 358 1202 394 δε
1218 368 1266 395 v1
1279 368 1294 394 1
1307 368 1339 394 1.
1352 356 1538 408 Augustae
1555 358 1733 400 Colonos
1750 357 1857 400 fuisse
1875 360 2060 414 Berytum
2080 362 2309 407 transmissos

199 403 388 453 declarat,
416 405 521 446 unde
539 406 637 446 binae
648 407 803 462 Aquilae
817 407 1035 463 legionariae
1052 410 1092 450 in
1109 423 1272 450 nummo
1287 411 1479 464 percuffae.

253 481 339 524 Hic
354 496 526 526 nummus
542 486 690 527 minimi
705 485 844 527 moduli
862 487 961 527 inter
970 488 1252 542 praestantiores
1267 489 1506 542 rqoonendus.

1042 592 1431 634 ·‘.DJUM.

195 1193 221 1220 c
231 1192 258 1219 0
269 1191 297 1219 R
309 1193 351 1219 N.
383 1193 402 1219 s
418 1194 443 1219 A
459 1195 484 1220 L
496 1172 522 1220 o
536 1192 566 1220 N
580 1194 595 1220 1
606 1194 636 1220 N
650 1195 678 1221 A
711 1195 738 1221 A
753 1195 780 1222 v
793 1195 834 1222 G.
870 1181 1005 1236 Caput
1021 1181 1216 1223 Corneliae
1230 1182 1430 1223 Saloninae.

193 1242 218 1257 ·’
252 1243 360 1276 con.
391 1249 406 1274 1
420 1249 446 1275 v
458 1250 494 1275 L.
523 1251 550 1276 D
563 1250 577 1275 1
591 1251 615 1276 E
629 1250 659 1276 N
674 1249 692 1276 s
707 1251 722 1276 1
735 1250 771 1279 s.
810 1237 966 1277 Colonia
985 1237 1103 1292 Julia
1127 1238 1295 1287 Diensts.
1335 1238 1381 1278 In
1401 1251 1489 1278 area
1516 1251 1556 1277 D.
1580 1252 1618 1277 D.
1649 1237 1824 1277 Decreta
1841 1237 2116 1284 ‘Decurionum
2155 1240 2312 1298 Jupiter

307 1292 407 1331 stans
421 1290 554 1332 dextra
573 1303 745 1346 pateram
757 1319 770 1340 ,
798 1292 939 1333 sinistra
959 1292 1127 1340 hastam,
1156 1307 1229 1348 pro
1245 1291 1410 1348 pedibus
1427 1307 1540 1348 prora
1558 1293 1687 1340 navis,
1715 1294 1757 1333 in
1772 1292 1853 1334 aliis
1868 1295 2023 1350 Aquila.
2310 1308 2312 1314 ’

251 1370 392 1417 Dium,
422 1370 512 1410 urbs
533 1369 779 1412 Macedonia:
800 1371 973 1411 littoralis
995 1371 1045 1412 ad
1065 1371 1188 1412 finum
1204 1370 1507 1418 Thermaicum‚
1534 1371 1725 1411 Saloninae
1744 1385 1925 1413 nummos
1941 1375 2139 1429 percuffit,
2168 1376 2313 1418 Gallie-

195 1439 250 1466 no
277 1439 346 1480 per
369 1438 531 1465 uxorem
559 1426 775 1480 Augustam
801 1426 1024 1482 gratulans,
1075 1438 1118 1467 ut
1146 1426 1227 1481 ipse
1258 1427 1467 1481 provinciae
1498 1427 1727 1480 periclitanti
1759 1427 1958 1471 subvenire
1984 1431 2099 1472 vellet
2127 1447 2136 1472 t
2165 1433 2312 1474 barbari

194 1482 298 1522 enim
325 1494 410 1520 eam
432 1479 710 1522 incurfionibus
734 1481 993 1522 devastabant.
1027 1481 1184 1535 Jupiter
1202 1483 1242 1522 in
1263 1481 1391 1523 aversa
1417 1493 1528 1535 parte
1555 1493 1599 1526 ut
1623 1483 1792 1523 tutelaris
1823 1484 1926 1526 urbis
1950 1486 2058 1528 Deus
2087 1486 2313 1537 exhibetur,

193 1550 313 1591 quem
330 1536 368 1575 se
382 1534 515 1575 vidisse
531 1535 748 1577 Alexander
765 1537 986 1578 hortantem
1003 1537 1052 1578 ad
1069 1537 1267 1578 Persarum
1284 1537 1496 1590 Imperium
1513 1538 1785 1592 occupandum
1800 1553 1926 1582 narrat
1934 1541 2130 1597 Josephus
2145 1543 2169 1584 l.
2195 1557 2211 1583 1
2222 1558 2256 1584 1.
2276 1557 2312 1584 c.

197 1595 231 1632 8.
250 1606 337 1646 pag
360 1594 410 1644 38
422 1604 454 1640 5.
486 1598 574 1628 Τὲτυν
589 1595 622 1639 ᾧ
637 1598 661 1645 a}
679 1595 715 1642 ἦ
729 1596 782 1632 τές
798 1596 890 1632 iim-vac
904 1594 978 1631 εἶδον
994 1600 1026 1631 ὲν
1041 1601 1084 1642 τῷ
1101 1602 1155 1630 vu&
1171 1597 1320 1646 χῆμοιτι,
1348 1601 1379 1640 ὀμ
1395 1600 1454 1642 Δίῳ
1470 1597 1498 1632 ‘23
1516 1600 1705 1636 Μακεέονίας
1720 1599 1881 1645 wsxowdiv.
1908 1597 2030 1638 Hunc
2043 1600 2142 1640 enim
2158 1599 2247 1640 vidi
2262 1598 2313 1644 ὦ*

191 1647 387 1700 insomnis
401 1647 471 1686 hoc
490 1646 568 1702 ipsb
582 1648 719 1690 habitu
736 1649 823 1690 citm
836 1650 964 1692 adhuc
980 1651 1086 1704 effem
1106 1652 1148 1691 in
1169 1651 1258 1691 Dio
1283 1650 1535 1691 Macedoniae.
1568 1651 1691 1706 Juxta
1714 1653 1850 1693 urbem
1874 1664 1954 1693 erat
1970 1653 2082 1706 Jovis
2101 1654 2315 1709 templum,

193 1703 245 1744 de
260 1717 343 1757 quo
358 1703 508 1757 egimus
524 1705 564 1744 in
583 1705 690 1760 Sept.
710 1706 854 1747 Severo
870 1721 957 1763 pag.
980 1721 1039 1747 10.
1070 1705 1308 1761 Olympiaco
1323 1706 1533 1747 certamine
1550 1707 1851 1748 celeberrimum.
1882 1709 2031 1764 Magna
2053 1710 2213 1763 quidem
2234 1723 2314 1752 cer-

193 1760 338 1801 tamina
361 1758 594 1813 Olympiaca
617 1762 715 1802 circa
741 1762 969 1818 Olympiam
992 1763 1096 1803 Eleae
1119 1762 1408 1803 celebrabantur
1422 1782 1435 1809 3
1462 1762 1613 1809 minora
1641 1774 1771 1803 autem
1798 1762 1901 1810 Dio,
1930 1777 2019 1817 quae
2042 1766 2091 1805 ab
2118 1764 2314 1807 Archelao

192 1813 463 1856 Macedonum
481 1816 596 1872 Rege
611 1817 781 1859 instituta
793 1833 868 1859 nos
882 1819 1001 1860 docet
1014 1817 1289 1859 Demosthenis
1303 1817 1532 1859 scholiastes
1547 1818 1597 1858 ad
1612 1817 1721 1858 Orat.
1753 1821 1820 1858 aa&
1832 1822 2090 1868 meymcssdaae.
2117 1818 2234 1860 Prora
2247 1835 2315 1862 na-

193 1871 250 1912 vis
267 1886 340 1967 plro
357 1871 522 1967 pedilpps
531 1872 668 1926 Jovis,
695 1871 799 1915 urbis
815 1874 930 1916 fitum
947 1874 1101 1916 indicat.
1131 1874 1275 1929 Aquila
1291 1874 1332 1914 in
1349 1873 1429 1914 aliis
1444 1875 1616 1916 nummis
1633 1873 1801 1930 signatur
1819 1886 2003 1930 tanquam
2018 1876 2098 1918 avis
2114 1874 2206 1917 huic
2222 1875 2314 1930 Deo

191 1940 292 1982 pecu
307 1939 434 1969 rariter
467 1942 562 1973 acra.

249 2005 333 2047 Hic
351 2019 526 2048 nummus
541 2008 854 2064 minimaefhrmae
862 2018 934 2064 pro
953 2007 1134 2062 rariffi'mo
1152 2006 1363 2049 habendus.

843 2109 1644 2182 ‚THESSALONJCA

197 2738 223 2765 1<
239 2738 264 2764 o
278 2737 313 2762 P.
346 2737 368 2762 c
383 2736 410 2761 A
425 2735 451 2760 Λ
464 2735 490 2761 o
503 2734 533 2761 N
547 2734 562 2760 1
574 2734 604 2760 N
619 2734 646 2760 A
681 2734 707 2758 A
720 2730 743 2758 Υ
755 2731 773 2756 Γ
783 2733 820 2759 ο.
850 2718 984 2772 Caput
1001 2717 1196 2759 Corneliae
1212 2718 1411 2760 Salonium.

255 2791 283 2818 Θ
294 2792 318 2818 E
331 2792 353 2817 C
367 2792 388 2818 C
402 2792 427 2816 A
442 2790 469 2815 Λ
481 2790 548 2817 ΟΝ
562 2790 614 2816 11<
629 2790 656 2816 H
688 2789 724 2814 M
736 2789 766 2815 H
779 2788 802 2813 T
817 2788 851 2814 P.
883 2788 910 2814 K
924 2788 964 2814 O.
995 2789 1031 2814 Β.
1061 2788 1092 2814 N
1109 2789 1145 2814 E.
1190 2780 1389 2816 Θεσσαλονίκη
1405 2775 1585 2816 Mna-&imm
1602 2778 1653 2820 53),
1669 2776 1846 2824 Newaesp&·
1885 2772 1967 2816 Vas
1992 2786 2041 2814 CX
2067 2787 2148 2828 quo
2175 2773 2313 2830 palmae

208 2828 223 2849 ἲ
268 2836 271 2839 ’
309 2846 435 2873 ramus
455 2831 647 2886 erumpit,
675 2831 716 2870 in
735 2829 868 2870 medio
884 2829 981 2870 vasis
1002 2829 1139 2885 legitur
1157 2843 1234 2870 vox
1255 2839 1420 2868 ΠΥΘΙΑ.

248 2910 522 2951 Thessalonica
546 2909 636 2950 urbs
661 2907 909 2949 Macedoniae
932 2921 1114 2949 nummos
1134 2907 1322 2948 Saloninae
1349 2907 1504 2948 dedicat
1528 2906 1707 2948 beneficii
1730 2921 1899 2954 memor,
1928 2906 2039 2962 quod
2055 2907 2077 2948 ἓι
2099 2907 2310 2950 Valeriano

196 2966 364 3008 Gallieni
385 2966 503 3020 ipsius
522 2966 661 3006 marito
681 2976 789 3018 patre
808 2976 1029 3017 acceperat,
1057 2965 1126 3018 qui
1147 2976 1233 3003 eam
1252 2963 1463 3004 Coloniam
1483 2967 1522 3003 ἃ
1542 2963 1799 3017 Metropolim
1824 2962 2092 3009 constituerat,
2120 2975 2164 3005 ut
2190 2964 2314 3006 deno-

195 3034 281 3064 tant
298 3023 510 3077 superiores
530 3019 930 3061 Thessalonicenfium
949 3019 990 3060 in
1008 3018 1106 3059 illius
1120 3018 1313 3059 honorem
1333 3018 1450 3060 dicati
1467 3032 1558 3058 cum
1588 3020 1708 3073 epigr.
1747 3032 1774 3059 Θ
1785 3033 1808 3058 E
1822 3033 1845 3058 c
1858 3033 1882 3057 c
1894 3032 1920 3058 A
1934 3031 1961 3057 Λ
1973 3033 1999 3058 o
2009 3031 2040 3057 N
2053 3031 2105 3058 11<
2121 3033 2149 3058 H
2177 3032 2215 3058 M
2227 3033 2256 3060 H
2269 3034 2312 3062 T.

197 3093 225 3120 1<
239 3093 265 3119 o
279 3091 305 3118 Λ
317 3092 354 3117 Ω.
391 3085 590 3120 &mamam
610 3079 790 3119 Μετςόπυλις
805 3081 958 3119 Remum,
985 3075 1025 3115 in
1053 3074 1131 3115 aliis
1161 3074 1342 3115 Coloniae
1368 3077 1408 3114 ὃς
1435 3073 1672 3127 Metropolis
1692 3073 1822 3114 titulos
1839 3086 1920 3114 non
1937 3072 2065 3113 adhuc
2079 3074 2176 3129 gerit
2195 3076 2310 3122 urbs,

196 3134 261 3175 sed
280 3135 556 3175 tantummodo
579 3136 744 3182 Nemae‘p&
764 3132 925 3179 dicitur,
956 3134 995 3171 &
1023 3130 1183 3185 quidem
1208 3129 1294 3178 bis5
1321 3129 1485 3185 primam
1516 3128 1757 3169 Neocoriam
1781 3128 1849 3169 sub
1880 3128 2086 3170 Gordiano
2109 3129 2243 3177 tertio,
2270 3134 2312 3171 δε

197 3189 404 3230 secundam
426 3190 493 3230 sub
516 3189 699 3242 Philippo
722 3187 823 3228 illam
847 3186 1052 3228 obtinuisse
1083 3185 1275 3232 diximus,
1302 3196 1514 3239 antequam
1546 3184 1780 3239 Metropolis
1803 3187 1842 3223 &
1868 3183 2037 3224 Colonia
2059 3185 2081 3224 a
2105 3183 2313 3227 Valeriano

199 3244 436 3298 Imperatore
455 3245 555 3286 fa&a
571 3244 698 3285 fuislet
716 3259 724 3284 ε
751 3243 844 3284 licet
859 3255 990 3284 autern
1006 3240 1360 3283 Thessalonicenses
1378 3241 1419 3280 in
1437 3239 1515 3280 hoc
1531 3240 1718 3281 Saloninae
1741 3253 1904 3280 nummo
1930 3240 2181 3300 certaminum
2203 3240 2312 3296 apud

201 3299 240 3339 sc
256 3301 320 3341 sub
339 3301 520 3341 Gallieno
536 3301 733 3342 editorum
750 3299 978 3340 memoriam
992 3297 1196 3343 denotent,
1223 3309 1312 3350 quae
1337 3296 1489 3337 tertiam
1513 3295 1746 3350 postularent
1771 3295 2011 3335 Neocoriam
2026 3295 2066 3335 in
2084 3296 2228 3337 Graecis
2245 3309 2309 3336 ur-

203 3355 313 3396 bibus
328 3356 569 3398 necessariam
581 3383 592 3402 ,
620 3356 732 3396 liceat
751 3355 862 3395 nobis
878 3354 1069 3408 conjicere
1084 3350 1417 3395 Senatusconsulto
1432 3365 1513 3392 non
1532 3351 1697 3415 amfflius
1713 3365 1813 3405 opus
1829 3350 1904 3390 efle
1921 3350 1971 3390 ad
1989 3350 2102 3391 ludos
2118 3351 2308 3392 celebran-

203 3409 299 3457 dos,
326 3413 412 3452 cum
431 3412 544 3453 urbes
563 3411 742 3453 Coloniae
754 3410 982 3466 dignitatern
995 3418 1222 3464 acceperant
1236 3427 1249 3454 ·,
1263 3406 1355 3448 ideo
1369 3421 1446 3448 vox
1461 3407 1529 3447 ista
1548 3407 1710 3455 Neoem‘p&
1724 3406 1763 3445 in
1780 3406 2034 3446 Coloniarum
2052 3407 2218 3446 nummis
2233 3406 2309 3445 val-

206 3465 258 3506 de
275 3460 377 3511 ‘raras
403 3468 491 3509 licet
508 3467 728 3522 frequenter
744 3466 847 3507 edita
863 3465 990 3505 sintin
1008 3465 1186 3506 Coloniis
1199 3463 1416 3504 certamina.
1444 3462 1525 3502 Hic
1544 3475 1724 3502 nummus
1741 3461 1946 3516 Pythicum
1965 3475 2130 3522 agonem
2147 3458 2307 3522 Thessa-

156 3556 161 3560 .
206 3521 342 3561 lonicae
358 3522 585 3564 celebratum
602 3521 712 3563 fuisse
727 3521 871 3561 indicat
887 3541 899 3566 3
925 3521 986 3560 ille
1003 3521 1042 3561 in
1070 3521 1261 3560 honorem
1277 3518 1467 3573 Apollinis
1484 3517 1537 3558 ob
1553 3516 2004 3578 Pythonemserpentem
2020 3516 2186 3577 occisum
2202 3516 2306 3577 ¹¹¹st1.‘

208 3587 314 3623 tutus
334 3575 387 3615 cst
409 3590 416 3615 :
444 3578 553 3618 initio
571 3577 795 3618 coronarius
813 3587 916 3622 erat,
942 3575 1086 3616 deinde
1099 3574 1366 3630 pecuniarius,
1394 3573 1590 3627 postremo
1613 3586 1854 3618 coronamus,
1883 3571 1949 3612 sed
1971 3583 2100 3625 primis
2125 3581 2307 3632 tempori-

210 3632 280 3675 bus
297 3644 344 3670 ex
361 3644 474 3676 auro,
501 3633 647 3684 pomis,
675 3632 822 3678 esculo,
850 3631 965 3672 etiam
985 3631 1093 3672 lauro
1111 3646 1120 3671 z
1140 3629 1321 3671 ·Muficus
1336 3628 1496 3684 quidem
1514 3627 1646 3674 initio,
1674 3627 1867 3681 Equestris
1885 3627 2017 3681 postea
2035 3629 2074 3666 &
2092 3625 2308 3679 Gymnicus

210 3698 254 3726 ut
271 3686 328 3725 alii
350 3686 440 3726 sacri
453 3700 609 3741 agones.

262 3762 345 3802 Hic
361 3776 531 3804 nummus
537 3763 697 3815 ficumli
715 3764 874 3811 moduli,
902 3763 925 3803 τὶ
941 3763 1112 3816 Tristano
1127 3770 1212 3803 tom.
1233 3775 1269 3817 3.
1284 3772 1374 3818 pag.
1395 3775 1412 3802 1
1425 3775 1439 3802 t
1451 3775 1482 3801 1.
1500 3760 1646 3808 editus,
1677 3761 1778 3800 inter
1793 3759 1952 3799 rariores
1969 3758 2234 3800 numerandus.
