2574 4214
928 178 1418 238 INDEX.

124 267 130 271 γ
160 242 192 276 in
202 240 386 277 Antiochiae
401 239 524 276 Pisidiae
537 241 711 283 nummis„
869 253 873 256 ·
1076 260 1142 295 177

115 319 119 330 ,
158 290 192 325 in
208 288 516 335 Carthaginensibus
531 290 650 325 Africae
659 315 670 331 ‚
836 339 839 342 .
1075 309 1086 331 1
1094 310 1138 342 79

160 338 193 373 in
202 337 394 372 Coillutanis
401 337 568 373 Numidiae
577 340 617 373 L.
626 340 717 373 Vero
735 337 819 373 cusis
826 365 835 377 ,
1072 357 1084 379 1
1091 358 1112 387 9
1119 347 1137 381 8

116 380 127 418 ζ,
158 386 190 420 in
207 387 378 421 Germanis
391 386 524 421 Galatiae
534 386 728 421 Commodo
745 386 874 429 dicatis,
1068 406 1084 428 2
1095 407 1129 440 ¹3

113 426 121 478 f
158 433 463 481 inHipponensibus
477 434 621 478 ejusdem
630 436 716 483 Imp.
1066 454 1134 487 215

116 508 121 515 ⁴
157 483 190 518 in
200 482 401 517 Patrensibus
410 483 463 516 M.
473 483 617 522 Aurelii,
1068 502 1079 524 1
1088 504 1107 532 9
1117 503 1128 525 ι

113 525 119 573 J
157 533 191 566 in
200 530 454 579 Philippensibus
463 530 665 571 Commodi,
1064 551 1080 572 2
1093 552 1130 582 ¹9

156 580 190 614 in
199 578 438 614 Troadensibus
445 579 573 621 Traiani
582 603 592 620 ,
622 591 698 625 150.
713 581 746 614 &
760 582 963 624 Commodi,
1063 600 1080 621 2
1089 600 1104 621 2
1115 600 1128 623 1

109 619 273 673 ‘Lupercus
281 652 291 667 ‚
315 639 501 675 cognomen
517 627 535 662 a
544 628 965 678 buccinatoribusluporum
972 633 1068 680 pelles
1075 647 1132 681 ge-

156 676 301 710 rentibus
309 702 320 714 ,
1088 689 1131 719 16

107 724 248 759 Lurinus
255 748 266 764 ,
289 735 472 770 cognomen
481 724 659 759 Duumviri
666 748 679 765 ‚
1064 742 1078 764 1
1089 744 1103 764 2
1112 743 1126 776 5

108 772 262 814 Luscinus
272 773 382 816 alusco
389 771 621 826 diminutivum
631 796 642 812 ‚
1086 792 1129 825 75

108 819 643 915 Lu‘i‘iffssssuffl'gfied'issrfississk‘ffi’
1087 839 1129 920 ¹33

108 910 258 952 Lustralis
271 929 353 963 aqua
367 918 383 950 a
391 918 462 950 Cen
467 916 592 951 foribus
600 918 724 964 populo
732 918 801 954 data
809 944 820 960 ,
1083 937 1101 957 2
1108 926 1126 960 8

107 958 234 1003 Lutatia
241 977 316 1013 gens
326 989 336 1004 ,
360 964 478 1010 plebeia
489 989 498 1004 ,
522 963 573 998 sed
582 965 769 1007 consularis,
1086 985 1099 1007 1
1111 986 1124 1008 1

107 1007 208 1062 Lycia
218 1012 378 1060 provincia
387 1013 528 1047 libertate
537 1013 554 1048 a
563 1013 754 1062 Vespasiano
763 1015 882 1063 privata
889 1040 901 1058 ,
1063 1032 1076 1053 1
1086 1032 1099 1066 3
1109 1033 1124 1056 1

105 1054 194 1111 Lyra
205 1061 366 1110 Apollinis
379 1060 520 1109 insigne,
1062 1080 1076 1102 1
1083 1081 1102 1115 7
1108 1081 1125 1103 2

595 1159 639 1195 M

102 1297 107 1301 ,
159 1250 162 1252 ’
223 1257 389 1293 Acedonia
398 1257 562 1304 provincia
570 1260 606 1293 P.
615 1258 771 1294 Romano
779 1258 925 1307 ascripta,
1060 1274 1125 1308 107

107 1266 211 1351 M
261 1308 278 1341 a
294 1307 430 1340 Tiberio
444 1307 562 1348 ablata,
691 1350 694 1351 ⁷
1051 1310 1126 1344 ibid.

105 1380 117 1394 τ
156 1357 173 1392 ὲ
183 1354 325 1392 Claudio
340 1355 368 1388 ei
379 1354 517 1396 reddita,
1061 1371 1074 1392 1
1086 1371 1125 1405 17

104 1397 307 1451 Macedones
331 1403 552 1438 Alexandrum
575 1404 629 1438 M.
650 1404 744 1454 Jovis
767 1404 872 1439 filium
897 1403 1128 1452 praedicabant‚

1062 1468 1074 1490 1
1086 1466 1099 1500 5
1110 1467 1121 1489 t

132 1527 134 1529 >
151 1498 335 1540 Minervam
345 1500 498 1547 appellant
509 1498 657 1535 Alcidam
665 1523 678 1541 ,
1063 1515 1102 1549 17
1110 1517 1123 1539 1

153 1550 243 1584 liberi
256 1551 273 1584 a
284 1549 441 1584 Romanis
450 1548 521 1583 fac‘ti
529 1572 540 1587 ‚
1062 1563 1124 1597 132

101 1599 273 1635 Macrinus
281 1609 463 1644 cognomen
473 1621 483 1636 ‚
508 1597 594 1630 idern
603 1608 639 1631 ac
647 1609 751 1633 macer
758 1622 770 1638 ,
1081 1601 1127 1636 86

105 1645 324 1682 Malonendus
331 1646 398 1679 dux
407 1645 440 1679 in
449 1645 651 1679 deditionem
658 1656 807 1694 acceptus
814 1670 827 1688 ,
1078 1656 1127 1692 96

104 1695 294 1741 Manipulus
303 1694 420 1728 milites
430 1707 446 1729 z
455 1706 482 1738 5.
492 1693 737 1741 comprehendit
745 1719 757 1736 ,
1079 1703 1127 1743 64

97 1738 254 1782 Manius,
280 1742 385 1785 dic‘tus
399 1741 446 1776 est
460 1742 518 1786 qui
526 1753 617 1776 mane
627 1754 733 1783 ortus,
1083 1758 1096 1780 1
1106 1748 1123 1782 8

103 1792 227 1827 Manlia
240 1802 318 1839 gens
332 1791 364 1824 in
373 1789 515 1835 patricias
528 1792 559 1825 ἃ
570 1791 705 1838 plebeias
712 1790 877 1831 distineat,
1012 1805 1066 1840 27.
1085 1807 1126 1841 37

99 1830 306 1876 'Marathonii
331 1839 428 1887 primi
451 1838 583 1874 divinos
607 1839 748 1875 honores
763 1840 903 1875 Herculi
927 1839 1107 1877 tribuerunt
1116 1867 1127 1884 ,

100 1909 102 1911 >
1056 1904 1073 1926 2
1080 1904 1099 1925 0

101 1925 252 1974 Marcella
268 1937 417 1982 Octaviae
432 1935 494 1970 filia
502 1959 513 1976 ,
537 1935 592 1970 M.
607 1936 761 1990 Agrippae
770 1948 853 1972 uxor
859 1932 994 1981 secunda
1004 1961 1016 1978 ‚
1087 1906 1126 1985 5ss

100 1980 281 2022 Marcellus
299 1985 491 2020 Cordubam
507 1983 655 2027 condidit
662 2009 673 2025 ‚
753 2031 760 2038 ι
1079 2001 1126 2034 40

103 2029 282 2070 Marcianae
289 2045 444 2069 nummus
451 2044 526 2068 cum
536 2032 668 2068 adverso
675 2032 811 2068 Plotinae
818 2034 920 2081 capite
927 2058 940 2076 ,
1064 2049 1124 2082 152

149 2083 248 2118 arcius
256 2083 359 2117 Tubo
369 2081 523 2118 Hadriani
538 2081 658 2128 legatus
664 2106 676 2122 ,
751 2129 758 2135 ⁶
1064 2097 1076 2118 1
1087 2097 1123 2130 53

97 2152 99 2156 ν
149 2124 408 2167 areomannieum
423 2130 545 2166 bellum
555 2130 572 2164 ὲ
581 2129 633 2165 Μ.
645 2130 782 2164 Aurelio
790 2127 935 2178 gestum,
1060 2144 1073 2165 1
1079 2146 1100 2175 9
1108 2145 1120 2167 1

111 2169 113 2175 ¹
150 2180 208 2215 aria
214 2191 310 2227 gens,
334 2179 472 2226 plebeia,
498 2178 550 2212 sed
557 2179 745 2231 consularis,
808 2226 815 2232 ν
936 2190 993 2226 ²3·
1005 2179 1063 2224 43.
1079 2181 1125 2228 84

97 2221 230 2265 Marius
237 2228 392 2275 Aquilam
400 2240 458 2276 pro
474 2225 565 2274 signo
580 2226 706 2262 militari
713 2226 832 2261 dicavit
838 2249 853 2266 ‚
1078 2235 1126 2276 64

98 2272 177 2313 sex.
187 2278 312 2313 Marius
319 2275 542 2324 Hispaniarum
551 2274 741 2316 ditissimus,
968 2316 971 2324 .
991 2313 994 2320 ,
1005 2312 1007 2315 ,
1080 2291 1098 2312 2
1107 2290 1122 2323 3

97 2321 192 2365 Mais
208 2328 435 2367 Romanorum
450 2336 577 2372 parens,
1056 2338 1122 2370 199

94 2366 97 2370 .
146 2374 221 2422 ipsis
234 2373 334 2410 adesse
347 2375 378 2409 in
387 2375 499 2421 praeliis
505 2372 643 2408 creditus
650 2398 660 2414 ‚
1050 2374 1124 2409 ibid.

93 2459 97 2465 ,
146 2424 189 2458 ab
199 2420 361 2458 Accitanis
371 2426 476 2458 cultus
485 2450 495 2462 ,
1079 2429 1126 2469 64

147 2473 182 2508 in
189 2472 440 2508 Corinthiorum
457 2471 600 2507 nummis
615 2471 654 2505 L.
662 2472 752 2506 Vero
761 2469 861 2512 cufis,
1056 2483 1069 2506 1
1076 2484 1124 2514 99

148 2520 238 2556 unde
251 2520 347 2568 ipsius
354 2521 419 2555 Dei
426 2519 533 2555 fabula
542 2543 552 2559 ‚
895 2567 902 2573 ¹
1057 2532 1125 2566 207

103 2569 250 2609 Marsus,
274 2580 458 2617 cognomen
473 2581 512 2603 ex
528 2568 709 2603 Marsorum
723 2578 818 2614 gente
831 2568 951 2609 Italiae,
1083 2570 1124 2615 85

151 2629 335 2664 cognomen
344 2616 575 2650 Domitiorum
585 2621 614 2650 ἃς
626 2616 861 2655 Οᾶανίοτυῐιι,
1081 2617 1122 2652 82

104 2665 261 2701 Martialis
277 2670 374 2712 poeta
388 2664 513 2698 Bilbilis
527 2664 722 2712 Municeps,
1008 2676 1062 2700 12.
1079 2670 1121 2709 σς

104 2715 286 2752 Marullus,
311 2725 494 2761 cognomen
511 2713 658 2759 vulgare,
881 2760 886 2766 ι
916 2760 923 2766 .
1081 2716 1120 2761 38

102 2760 277 2798 Maffiniffa
286 2761 452 2797 Numidiae
462 2763 536 2796 Rex
544 2759 650 2796 fertile
658 2772 792 2809 regnum
799 2758 956 2802 reddidit,
1057 2775 1071 2797 1
1079 2769 1123 2806 69

104 2810 242 2847 Maffilia
251 2810 461 2846 Phocaeorum
470 2809 609 2844 Colonia
618 2833 628 2850 ,
1080 2824 1122 2856 59

150 2860 182 2894 in
197 2872 232 2894 ea
239 2861 359 2894 Lucius
367 2858 471 2894 Caesar
484 2859 588 2898 obiit,
614 2864 618 2865 ⁷
1081 2872 1123 2904 59

103 2909 211 2944 Mater
218 2908 328 2944 Patriae
337 2932 347 2948 ‚
370 2908 461 2942 Livia
469 2907 501 2941 in
512 2908 652 2943 nummis
658 2908 741 2943 dieta
751 2932 763 2948 ‚
1078 2921 1118 2952 52

103 2957 271 2993 Maternus
284 2956 487 3005 perditorum
503 2955 678 2993 hominum
691 2957 762 2992 dux
775 2955 904 2992 insidias
924 2957 1121 2991 Commodo

150 3005 242 3040 struit
1054 3018 1070 3039 2
1082 3019 1121 3041 10

103 3029 295 3090 Mauritania
303 3052 399 3102 Jubae
413 3050 483 3086 filio
497 3063 557 3100 pro
572 3052 729 3089 Numidia
744 3054 782 3088 ab
792 3051 944 3100 Augusto
959 3053 1102 3090 concessa
1111 3079 1123 3095 ‚

1058 3115 1071 3139 1
1078 3110 1124 3139 06

98 3147 107 3163 ³
148 3151 180 3187 in
196 3151 273 3186 duas
283 3150 460 3198 provincias
469 3150 486 3184 a
495 3149 640 3197 Caligula
649 3149 745 3185 divisa
752 3174 763 3190 ,
1048 3152 1122 3187 ibid.

149 3201 197 3235 ob
205 3201 368 3235 Ptolemaei
378 3200 479 3246 Regis
489 3199 610 3234 caedem
619 3199 797 3239 rebellavit,
1046 3200 1122 3236 ibid.

147 3259 283 3294 utraque
298 3246 493 3282 Caesariensis
509 3250 542 3282 &
558 3247 731 3295 Tingitana
739 3247 880 3283 Galbam
888 3249 1120 3295 Imperatorem

147 3298 335 3332 acclamavit
343 3320 354 3337 ,
832 3344 840 3351 Ι
1055 3311 1069 3333 1
1076 3311 1092 3332 2
1099 3310 1121 3344 7

97 3338 253 3386 Medicus
260 3358 336 3381 cum
351 3345 475 3393 prolixa
484 3344 578 3379 barba
587 3370 597 3386 ,
619 3356 657 3380 ut
666 3345 758 3380 senex
766 3343 914 3391 ἀεριᾶυς
922 3369 932 3385 ,
947 3392 955 3399 η
1054 3359 1067 3381 1
1075 3354 1120 3393 64

101 3393 300 3442 Megalenses
315 3393 384 3428 ludi
393 3394 423 3427 in
433 3393 540 3428 matris
548 3393 641 3428 Idaeae
651 3394 812 3429 honorem
819 3391 974 3434 instituti,
1072 3409 1089 3430 2
1097 3401 1120 3430 6

100 3434 304 3490 Megarenses
319 3441 569 3476 Atheniensium
584 3442 726 3483 Coloni,
1052 3455 1118 3488 192

100 3485 234 3527 Melaria
248 3493 324 3526 urbs
341 3490 432 3536 Hisp.
449 3491 576 3524 Baeticae
583 3514 594 3530 ‚
1069 3497 1121 3537 46

99 3535 270 3575 Melicerta
276 3539 479 3575 Athamantis
486 3537 674 3574 Thebarum
682 3539 783 3588 Regis
790 3537 893 3580 filius,
1053 3551 1067 3574 ι
1076 3545 1097 3574 6
1103 3552 1117 3585 ς

147 3587 181 3622 in
189 3601 272 3624 mare
279 3582 500 3635 praecepscum
510 3597 612 3623 matre
620 3588 730 3629 datus,
1056 3599 1069 3622 1
1078 3589 1117 3634 83

150 3636 168 3670 ὲ
180 3637 348 3683 Delphino
362 3646 531 3684 exceptus,
1055 3649 1067 3670 1
1076 3643 1114 3697 (ξς

147 3685 268 3733 ab’ipso
278 3686 309 3720 in
319 3684 478 3720 Isthmum
486 3685 626 3725 delatus,
1053 3695 1065 3719 ι
1075 3686 1114 3730 ὃς

149 3732 176 3774 ej
183 3744 218 3766 us
231 3745 347 3780 corpus
361 3733 449 3776 juxta
458 3733 570 3780 pinum
578 3743 758 3782 repertum,
1005 3766 1007 3768 ,
1049 3744 1068 3779 ¹1
1077 3745 1121 3778 70

149 3779 250 3815 divini
264 3781 403 3817 honores
416 3781 475 3829 ipsi
491 3782 630 3824 decreti,
946 3817 948 3820 ,
1077 3793 1090 3814 1
1098 3787 1120 3816 6

146 3828 228 3863 inter
243 3841 397 3877 portuum
407 3829 551 3877 praesides
560 3831 672 3866 relatus
680 3855 692 3873 ,
1053 3841 1114 3877 143

148 3875 194 3910 illi
202 3889 248 3912 ara
255 3878 339 3925 apud
347 3877 542 3914 Corinthios
548 3879 650 3914 dicata
657 3903 669 3920 ,
1052 3891 1120 3915 200

147 3928 306 3971 templum
320 3927 352 3961 in
367 3938 483 3962 eorum
498 3927 576 3962 urbe
585 3927 767 3963 extrufimm
777 3952 788 3969 ‚
1053 3939 1065 3961 1
1074 3929 1119 3974 84

121 4006 125 4009 ,
145 3974 240 4020 yariis
249 3971 357 4010 modis
370 3975 403 4024 in
411 3976 553 4024 nummis
561 3975 797 4026 reprzesentatus
803 3979 817 4019 ,
1045 3987 1116 4012 200

191 4024 278 4059 Tam.
302 4026 330 4060 I.

2144 323 2212 346 200

1240 344 1345 380 rthus
1353 346 1441 393 supra
1449 345 1638 394 delphinum
1648 348 1680 383 in
1690 351 1771 385 Ant.
1781 352 1856 392 Pio,
1885 366 1960 400 ¹70·
1986 355 2018 388 in
2035 355 2087 391 M.
2097 359 2207 393 Aure.

1239 392 1284 427 lio
1291 421 1299 432 ‚
2144 419 2156 440 1
2165 408 2182 441 8

1236 441 1408 476 substratus
1422 442 1577 489 delphino
1591 456 1689 492 prope
1703 447 1850 482 arborem
1866 450 1899 485 in
1915 450 2043 492 Sabina,
2071 458 2144 499 163.
2169 419 2204 489 iri

1235 489 1289 523 M.
1307 492 1457 531 Aurelio,
1487 493 1562 538 183.
1589 495 1886 539 &inComm0d0,
2134 514 2204 537 212

1234 549 1272 571 eo
1281 538 1480 580 modojuxta
1489 543 1623 575 mensam
1636 543 1667 576 in
1683 544 1755 578 Ant.
1767 545 1843 584 Pio,
2138 563 2203 595 170

1232 584 1265 618 in
1276 587 1400 633 templo
1409 587 1439 621 in
1450 588 1500 621 M.
1511 591 1644 623 Aurelio
1653 615 1663 630 ,
1692 592 1766 636 184.
1791 593 1822 626 in
1833 594 1940 634 Vero,
2134 611 2203 634 200

1233 644 1290 666 cur
1303 635 1343 667 ita
1352 633 1500 679 frequens
1508 637 1540 670 in
1549 638 1798 674 Corinthiorum
1808 645 1966 684 nummis,
2126 646 2205 682 ib1d.

1186 680 1370 716 Memmius
1384 683 1548 719 Gemellus
1556 687 1689 732 quando
1697 690 1928 731 Praetor-urbis,
2155 695 2200 742 87

1186 727 1297 764 Mcnia
1311 742 1406 776 gem,
1429 732 1566 775 incerta,
2176 756 2201 790 7

1186 775 1299 811 Mensa
1323 780 1357 812 in
1383 781 1633 818 Corinthiorum
1665 785 1805 819 nummis
1829 786 1868 821 ad
1899 785 1996 823 ludos
2025 788 2199 831 Isthinios,

2133 852 2147 875 1
2177 853 2200 875 o

1185 872 1328 916 Mensis,
1352 875 1438 912 idem
1455 890 1489 913 ac
1497 879 1589 913 Deus
1597 881 1726 922 Lunus‚
2134 853 2202 924 1}6

1183 921 1368 959 Mercurius
1375 926 1524 962 Deorum
1533 929 1684 965 Nuncius
1691 929 1879 978 appellum,
2135 949 2148 972 1
2156 938 2175 973 8
2181 950 2199 972 z

1231 970 1396 1008 Pastorum
1413 975 1522 1016 Deus,
2134 997 2201 1030 172

1230 1020 1316 1055 unde
1331 1023 1476 1058 Nomius
1496 1024 1620 1066 dietus,
2136 1046 2199 1078 199

1230 1072 1390 1116 Agoraeus
1398 1083 1455 1106 cur
1466 1074 1639 1120 appellatus
1647 1099 1659 1115 ,
2133 1094 2152 1116 2
2163 1094 2174 1116 1
2185 1092 2202 1125 ς

1231 1114 1359 1152 stabulis
1371 1120 1493 1166 praeesse
1501 1122 1654 1163 creditus,
2133 1140 2152 1164 2
2161 1142 2172 1164 1
2181 1142 2201 1165 z

1229 1165 1369 1211 pastores
1378 1180 1483 1203 curare
1491 1172 1524 1204 ἃ
1533 1172 1651 1218 opibus
1659 1183 1787 1219 augere,
2135 1190 2203 1220 199

1228 1215 1421 1261 nesocpo‘p&‚
1447 1216 1481 1251 id
1495 1217 1540 1252 est
1555 1220 1811 1263 arieoemferens,
1837 1222 1925 1258 unde
1933 1223 2057 1264 dic‘tus,
2134 1237 2199 1272 172

1228 1262 1444 1298 Palaestrarum
1458 1266 1586 1312 praeses,
2131 1287 2174 1310 20
2182 1286 2201 1321 ς

1230 1308 1338 1345 sedens
1355 1312 1385 1345 in
1401 1314 1652 1352 Corinthiorum
1670 1319 1811 1353 nummis
1836 1320 1887 1355 M.
1910 1321 2043 1355 Aurelio
2068 1320 2200 1363 dicatis,

1236 1359 1311 1393 181..
1335 1361 1490 1400 L.Vero‚
1522 1375 1599 1406 199.
1624 1367 1878 1410 &Commodo,
2133 1385 2199 1408 212

1229 1407 1261 1487 {p
1271 1409 1393 1456 templo
1401 1410 1487 1456 apud
1496 1412 1689 1448 Patrensesin
1699 1421 1781 1451 Ant.
1790 1416 1848 1451 Pio
1856 1440 1867 1458 ,
1893 1429 1968 1464 172.
1993 1422 2026 1455 δι
2036 1422 2202 1455 commo·

1255 1467 1274 1487 o
1284 1479 1294 1494 ,
2134 1482 2150 1503 2
2160 1482 2172 1502 1
2183 1478 2200 1513 ς

1230 1502 1445 1554 “a-Tanagraeis
1459 1509 1584 1549 cultus,
2135 1528 2174 1563 17
2183 1529 2201 1551 ι.

1228 1562 1295 1594 eius
1310 1564 1404 1599 caput
1419 1557 1524 1602 petaso
1538 1569 1706 1600 ornatum,
2156 1578 2202 1607 9²·

1182 1597 1368 1636 Meretrices
1382 1602 1525 1639 foeminae
1541 1607 1572 1640 in
1582 1609 1714 1642 Veneris
1721 1609 1845 1651 templo
1854 1609 1979 1646 famulae
1987 1634 2001 1653 ,
2134 1625 2200 1659 203

1183 1647 1330 1690 Merula,
1355 1662 1537 1698 cognomen
1547 1656 1767 1692 amerularum
1775 1657 1899 1697 studio,
2153 1674 2199 1707 71

1182 1696 1420 1744 Mesopotamia
1429 1701 1446 1735 ὲ
1457 1704 1544 1737 Vero
1552 1715 1728 1751 recuperata
1736 1732 1746 1744 ‚
2136 1715 2203 1752 196

1228 1756 1339 1790 quater
1347 1749 1470 1790 amissa,
1495 1762 1808 1800 quaterrecuperata‚
2136 1764 2205 1805 176

1182 1792 1345 1829 Messalina
1354 1820 1364 1836 ,
1389 1797 1455 1831 sero
1473 1799 1626 1846 Augustae
1641 1813 1760 1836 nomen
1773 1801 1904 1843 habuit,
2135 1821 2149 1843 1
2161 1821 2174 1842 1
2185 1821 2201 1843 t

1181 1842 1408 1885 Merafflnum,
1433 1846 1735 1884 urbs&Coloniain
1744 1850 1924 1892 Lusitania,
2085 1867 2139 1901 33.
2155 1862 2199 1892 61

1182 1891 1337 1925 Metellus
1346 1894 1505 1940 Hispanos
1520 1896 1647 1932 rebelles
1655 1898 1694 1931 ad
1701 1898 1850 1933 Cluniam
1860 1899 1944 1935 fudit
1953 1925 1965 1942 ,
2154 1916 2195 1950 73

1182 1939 1336 1974 Metellus
1353 1943 1520 1978 Numidici
1535 1944 1637 1985 filius,
1661 1947 1745 1981 unde
1757 1947 1961 1990 Piusdistus,
2156 1953 2202 1988 88

1183 1988 1222 2022 M
1229 1988 1434 2037 inervaJovis
1452 1990 1512 2026 filia
1521 2016 1530 2031 ,
1555 2005 1593 2027 ex
1602 1994 1670 2036 ejus
1678 1996 1807 2030 cerebro
1815 2007 1884 2031 nata
1891 2019 1903 2037 ,
2133 2013 2175 2044 19
2182 2014 2198 2036 t

1227 2037 1380 2084 Pegasum
1390 2039 1632 2087 Bellerophonti
1640 2044 1787 2084 tradidit,
2178 2062 2198 2084 z

1230 2084 1379 2119 Herculis
1394 2087 1425 2120 in
1436 2089 1578 2134 periculis
1587 2089 1730 2125 servatrix
1738 2118 1748 2131 ‚
2133 2108 2202 2143 204

1228 2132 1260 2172 in
1272 2132 1441 2168 Diensium
1457 2138 1599 2171 nummis
1608 2141 1689 2173 Ant.
1702 2140 1762 2174 Pio
1771 2139 1870 2182 cufis,
2136 2157 2148 2179 1
2156 2158 2198 2191 71

1229 2179 1248 2213 a
1257 2181 1495 2217 Macedonibus
1510 2185 1594 2219 culta
1602 2210 1613 2225 ‚
2125 2193 2202 2230 ibid.

1226 2228 1261 2262 in
1269 2229 1464 2266 Patrensium
1478 2236 1620 2268 nummis
1635 2246 1711 2271 cum
1725 2236 1846 2285 templo
1855 2237 1909 2273 M.
1920 2238 2054 2275 Aurelio
2070 2240 2202 2282 dicatis,

2136 2303 2147 2325 1
2154 2303 2176 2332 9
2184 2303 2199 2326 t

1179 2325 1388 2363 Minotaurus
1402 2341 1460 2366 cur
1473 2331 1505 2366 in
1513 2332 1821 2370 Tauromenitarum
1837 2336 1978 2371 nummis
1984 2359 1996 2377 ‚
2131 2351 2144 2373 1
2151 2352 2199 2381 9²-

1181 2375 1351 2411 Minturna
1364 2379 1524 2420 Colonia,
1548 2393 1586 2416 an
1595 2383 1612 2417 a
1621 2383 1768 2430 Caligula
1783 2383 1939 2425 deducta,
2133 2399 2146 2422 1
2154 2399 2201 2422 00

1181 2423 1347 2459 Misenum
1356 2449 1367 2466 ,
1393 2428 1469 2461 urbs
1484 2430 1669 2477 Campaniae
1678 2457 1687 2470 ,
2180 2447 2201 2480 5

1180 2471 1346 2509 Moetecus
1355 2498 1365 2514 ‚
1388 2476 1447 2520 qui
1455 2475 1494 2510 de
1503 2489 1562 2511 una
1570 2478 1697 2513 civitate
1705 2479 1737 2514 in
1746 2480 1835 2515 aliam
1844 2480 1959 2528 migrat
1966 2505 1977 2521 ,
2000 2480 2109 2517 dietus
2117 2506 2127 2522 ‚
2152 2497 2200 2529 7³·

1181 2520 1329 2556 Moneta
1337 2523 1492 2560 cudendae
1498 2525 1565 2569 jus,
1592 2527 1725 2562 summae
1734 2529 1896 2575 potestatis
1904 2540 1978 2565 nota
1986 2553 1998 2571 ‚
2157 2544 2200 2578 54

1228 2568 1297 2611 ejus
1311 2569 1468 2618 signandae
1483 2574 1652 2611 AEdilibus
1666 2577 1828 2620 concessa,
2056 2585 2112 2612 26·
2134 2592 2145 2614 1
2155 2593 2170 2615 2
2182 2594 2197 2615 t

1227 2617 1289 2664 ipsa
1304 2630 1397 2665 penes
1410 2623 1583 2664 Censores,
2055 2628 2111 2662 28.
2132 2641 2200 2663 120

1226 2667 1375 2702 Coloniis
1390 2668 1448 2704 sub
1464 2671 1616 2717 Augusto
1631 2672 1797 2720 adempta,
2157 2688 2199 2722 54

1226 2715 1384 2749 cudendae
1393 2717 1544 2752 facultasa
1557 2721 1898 2761 Proconsulibusdata‚
2151 2726 2195 2760 88

1225 2762 1292 2805 ejus
1306 2761 1464 2810 signandae
1478 2768 1562 2810 apud
1578 2768 1810 2804 Antiochenses
1823 2771 1949 2817 gemina
1959 2795 1969 2809 ,
2131 2785 2196 2816 129

1226 2811 1407 2847 Corinthiis
1427 2815 1446 2849 a
1465 2815 1658 2851 Domitiano
1679 2817 1731 2861 jus
1753 2819 1907 2854 cudendae
1930 2819 2010 2855 illius
2035 2818 2175 2855 restituta
2185 2845 2197 2862 ,

2130 2881 2197 2905 102.

1223 2907 1282 2955 ipsa
1297 2910 1508 2947 Coriiithiaca
1523 2913 1632 2948 Pullus
1647 2914 1795 2962 appellata
1805 2939 1816 2955 ,
2127 2920 2194 2954 108

1177 2957 1358 2993 Montanus
1371 2983 1382 3000 ,
1405 2961 1531 2996 Curtiae
1545 2988 1555 3001 ‚
1592 2963 1700 3010 Juliae,
1720 2964 1847 3012 junias,
1873 2966 1905 2999 ὅ(
1930 2964 2066 3000 Vatiniae
2089 2967 2194 3011 gentis

1224 3016 1411 3053 cognomen
1421 3032 1431 3048 ‚
2129 3027 2194 3050 102

1225 3054 1387 3091 Terentia:
1401 3060 1494 3094 etiam
1504 3084 1515 3099 ‚
2150 3075 2196 3109 37

1177 3102 1355 3139 Mucianus
1369 3107 1469 3154 Syria:
1485 3107 1612 3148 Prazses‚
2128 3123 2196 3155 12‘)

1177 3151 1301 3186 Mundi
1315 3154 1454 3190 universa
1467 3157 1614 3191 machina
1622 3169 1676 3205 per
1684 3158 1812 3204 Serapin
1819 3157 1972 3192 inteuesta
1980 3181 1991 3198 ‚
2129 3166 2196 3206 167

1177 3199 1363 3250 Municipes
1375 3203 1500 3251 legibus
1513 3206 1573 3240 suis
1588 3206 1774 3245 utebantur,
2129 3210 2194 3252 198

1176 3247 1357 3298 Municipia
1366 3251 1396 3286 in
1414 3255 1556 3289 nummis
1563 3255 1795 3300 Imperatorum
1805 3277 1815 3293 ‚

1222 3299 1349 3333 AElium
1357 3302 1579 3337 Coillutanum
1587 3302 1618 3336 in
1627 3304 1708 3335 Ant.
1719 3302 1775 3335 Pio
1784 3326 1794 3341 ,
1825 3307 1900 3346 169.
1926 3301 1964 3337 L.
1975 3303 2084 3344 Vero,
2114 3306 2194 3348 198.

1222 3348 1421 3384 Commodo
1431 3377 1440 3390 ‚
2125 3366 2143 3388 2
2152 3367 2194 3389 10

1224 3395 1544 3446 BilbilisinAugusto
1553 3423 1563 3438 ,
1592 3411 1642 3433 12.
1668 3398 1824 3437 Tiberio,
1850 3404 1906 3443 65.
1930 3399 2093 3448 Caligula,
2123 3414 2191 3437 100

1220 3444 1386 3491 Calaguris
1400 3448 1431 3481 in
1455 3445 1623 3494 AugustO,
1651 3458 1667 3480 2
1677 3459 1705 3482 1.
1729 3447 1884 3487 Tiberio,
2145 3464 2194 3497 70

1221 3493 1413 3529 Cascantum
1429 3496 1460 3529 in
1475 3495 1610 3529 Tiberio
1618 3518 1630 3535 ‚
2144 3511 2190 3545 71

1220 3541 1378 3576 Cluniain
1388 3544 1540 3581 Tiberio,
2143 3560 2189 3593 72.

1221 3588 1410 3635 Ergavicain
1423 3590 1594 3637 Augusto,
1614 3604 1666 3637 35.
1691 3591 1848 3635 Tiberio,
1861 3599 1918 3640 76,
1945 3596 2104 3643 Caligula,
2121 3606 2182 3641 103

1222 3637 1393 3672 Graccuris
1405 3641 1436 3673 in
1452 3640 1608 3679 Tiberio,
2141 3649 2191 3690 76

1222 3685 1323 3719 Ilerda
1332 3687 1363 3719 in
1374 3687 1525 3734 Augusto
1533 3715 1541 3727 ,
2149 3697 2191 3737 36

1221 3733 1430 3780 Illergavonia
1444 3737 1475 3769 in
1489 3737 1642 3776 Tiberio,
2141 3752 2190 3786 77

1221 3782 1330 3817 Italica
1352 3784 1382 3818 in
1409 3784 1561 3830 Augusto
1577 3810 1588 3826 ,
1622 3797 1676 3833 37.
1707 3786 1798 3822 Livia
1810 3811 1822 3828 ,
1855 3799 1907 3833 51.
1932 3788 2069 3822 Tiberio
2083 3811 2095 3829 ‚
2127 3789 2187 3836 78.

1220 3830 1332 3866 Druso
1341 3855 1351 3871 ,
1377 3845 1434 3875 92.
1461 3833 1673 3874 Germanico,
2142 3841 2189 3880 96

1176 3877 1181 3881 ”
1223 3878 1306 3913 Osca
1316 3880 1345 3913 in
1356 3881 1509 3928 Augusto
1520 3906 1530 3922 ,
1560 3883 1611 3928 38.
1635 3883 1772 3919 Tiberio
1781 3910 1792 3923 ‚
1817 3885 1876 3930 78.
1901 3885 2118 3926 Germanico,
2129 3897 2190 3928 95-

1220 3928 1367 3975 Caligula
1377 3954 1386 3969 ‚
2127 3945 2186 3976 ¹03

1219 3976 1376 4013 Osicerda
1390 3978 1423 4013 in
1446 3979 1602 4023 Tiberio,
2148 3980 2193 4015 80

1219 4019 1230 4025 ’”
1714 4027 1752 4063 Ii
2039 4027 2194 4062 Stobense

1242 247 1382 284 insidens
1396 248 1680 297 DelphinoinM.
1703 251 1856 295 Aurelio,
1887 257 1963 304 183.
1987 258 2019 294 in
2041 260 2080 295 L.
2102 213 2217 303 5313,

2564 2337 2574 2442 l
