2491 4219
760 145 1703 196 CARACALLA.
2186 164 2238 205 31

143 214 340 270 Augustus
352 215 488 269 apatre
498 215 623 257 fuisset
634 214 898 259 renunciatus,
917 213 968 253 de
984 227 1066 266 quo
1075 212 1324 253 Herodianus
1341 214 1379 252 in
1392 212 1603 254 vitaSeveri
1621 226 1658 266 p.
1675 226 1720 259 52
1730 224 1765 262 7.
1797 214 1975 255 muralia:
1992 215 2010 259 ‘9⁸
2027 217 2123 251 :nx-‚154
2136 217 2243 266 Κόως

142 276 174 309 ἐν
187 278 224 320 τῇ
240 273 321 321 Ῥώμῃ
339 275 392 310 *ric
407 289 436 310 π
453 274 508 321 ῲές
522 278 603 309 aar?
617 273 782 314 wvwvilcrzss
792 272 951 314 βασιλείας
968 276 991 323 ²1}
1008 272 1235 318 adwngjw&9
1251 272 1424 313 Συηδείξως.
1477 269 1606 321 Igitur
1628 267 1864 320 aliquamdiu
1892 267 2024 306 Romae
2052 278 2242 314 moratus,

127 329 365 381 participato
377 327 474 379 filiis
499 328 669 382 Imperio.
710 325 946 366 Caracallam
960 326 1039 379 jam
1060 326 1248 366 Caesarem
1271 325 1486 366 nominavit
1503 323 1739 377 Augustum,
1769 326 1805 360 Ex
1828 323 1971 362 Geram
1993 326 2180 362 minorem
2197 322 2242 362 fi-

136 382 252 428 lium,
281 382 469 423 Caesarem
489 381 767 435 pronunciavit.
795 382 914 421 Prota
930 383 1038 422 navis
1056 381 1166 422 situm
1185 382 1287 421 urbis
1303 380 1351 420 ad
1371 393 1476 418 mare
1491 379 1634 418 indicat
1662 394 1669 415 ;
1699 377 1965 429 cornucopiae,
1993 377 2090 417 illius
2107 391 2240 431 agrum

136 437 310 492 frugibus
325 441 363 476 &
381 437 565 477 fruffibus
582 436 776 477 abundare
791 438 915 491 arguit
931 452 939 477 :
967 437 1044 477 hoc
1061 448 1190 477 autem
1210 436 1314 486 idem
1331 435 1441 474 fuiss'e
1458 434 1690 474 existimatur
1708 432 1818 486 quod
1840 432 2027 472 Hercules
2056 447 2143 472 cum
2170 435 2243 471 Ar-

134 492 274 533 cheloo
289 493 329 532 in
351 492 515 546 speciem
532 493 628 534 tauri
643 504 793 532 mutato
809 491 1030 547 congressus
1037 519 1049 538 ‚
1070 493 1106 532 ei
1122 491 1302 532 detraxit:
1330 490 1370 529 id
1380 489 1423 528 N
1427 489 1553 528 aiades
1570 498 1771 541 acceptum
1783 514 1793 533 ,
1813 488 2035 528 &omnium
2047 486 2240 534 frut'tuum

135 547 309 603 primitiis
330 547 533 593 refertum,
561 547 699 601 Copiae
719 547 987 588 consecrarunt
1005 547 1158 599 :hujus
1178 545 1352 586 meminit
1367 544 1549 585 Ovidius.

464 602 643 643 Naiades
661 603 731 642 looc
737 605 861 656 pomis
878 601 926 646 ὠ
944 603 1051 642 odoro
1054 601 1153 652 flore
1167 602 1346 654 repletum

463 658 693 703 Sacrarunt,
721 657 900 712 divcsslue
919 671 996 696 meo
1014 655 1110 694 bona
1131 657 1248 709 Copia
1263 668 1375 696 cornu
1391 654 1453 705 ss·

134 712 424 766 Inscriptionem
443 713 600 753 Gruteri
617 727 701 767 pag.
722 717 811 764 362.
835 714 874 751 in
893 726 970 765 qua
995 723 1031 749 M
1044 724 1072 749 v
1084 723 1115 749 N
1128 724 1142 749 1
1155 725 1178 750 c
1191 724 1236 749 11²
1251 724 1279 748 1.
1313 725 1335 748 c
1347 724 1396 750 1v
1408 723 1421 748 1
1437 724 1460 749 L
1473 725 1486 749 1
1501 724 1524 748 r
1539 723 1563 748 A
1579 722 1621 748 N.
1653 706 1703 748 ad
1722 707 1821 748 hanc
1839 709 1974 749 urbem
1992 709 2242 764 spe&aiitem;

133 767 173 808 P.
189 768 414 809 Harduinus
424 768 523 809 Not.
537 768 585 809 ad
594 768 688 808 Plin.
707 768 768 808 lib.
780 781 817 819 4.
830 781 917 822 pag.
931 770 1024 819 496.
1043 766 1093 806 ad
1110 765 1341 807 Cibilitanos
1360 766 1529 820 populos
1546 763 1747 805 Lufitaniae
1764 764 2029 819 stipendiarios
2046 777 2210 807 revocat.

188 847 272 888 Hic
287 846 519 895 nummulus,
538 857 610 902 pro
629 861 712 888 raro
728 854 975 901 computatur.

129 1459 158 1486 A
172 1459 201 1485 N
215 1459 239 1486 τ
251 1458 317 1485 ovN
330 1459 346 1485 1
357 1458 388 1484 N
403 1459 428 1486 v
440 1459 459 1485 s
492 1458 514 1484 P
527 1458 542 1484 1
556 1458 582 1485 v
596 1457 629 1485 s.
661 1458 702 1485 Α.
732 1445 867 1498 Caput
881 1443 1092 1485 Caracalla:
1109 1444 1329 1485 laureatum.
1349 1466 1352 1469 -
1398 1466 1401 1471 Α

181 1516 210 1541 A
223 1515 247 1541 E
261 1516 300 1541 L.
331 1514 367 1540 M
381 1515 406 1539 v
420 1515 446 1541 N
462 1515 476 1540 1
491 1516 513 1540 c
526 1514 541 1539 1
554 1515 588 1540 P.
623 1515 646 1540 c
659 1514 684 1539 o
697 1514 712 1539 1
725 1515 763 1541 L.
811 1499 996 1546 &Elium
1022 1502 1210 1553 AIunicip.
1239 1499 1510 1540 Coillutanum.
1552 1499 1678 1540 Diana
1709 1500 1808 1541 flans
1836 1500 2051 1545 venatricis
2076 1500 2232 1549 habitu,

235 1556 369 1597 dextra
383 1555 556 1611 sagittam
579 1557 600 1596 e
617 1555 796 1610 pharetra
811 1555 927 1596 dorso
947 1555 1126 1610 impolita
1146 1557 1362 1610 depromit,
1391 1554 1532 1595 finistra
1549 1570 1680 1601 arcum
1697 1558 1828 1610 gestat.

178 1634 391 1675 Coillutani
412 1635 578 1674 Dianam
597 1634 636 1673 in
654 1649 817 1675 nummo
830 1634 1038 1675 Caracallae
1057 1633 1275 1689 fignarunt,
1306 1636 1394 1674 cum
1420 1635 1520 1674 illam
1549 1635 1738 1681 colerent,
1769 1647 1812 1676 ut
1839 1634 2043 1675 Caracallae
2068 1636 2230 1690 gratula-

121 1701 273 1737 rentur,
301 1689 411 1744 quod
427 1691 620 1741 venationi
637 1690 806 1731 studeret
824 1706 831 1730 :
846 1689 910 1730 sed
928 1690 1135 1730 Caracalla·
1153 1703 1290 1730 vocem
1309 1691 1347 1729 in
1364 1691 1532 1730 nummis
1550 1690 1653 1730 haud
1674 1705 1840 1744 quaeras‚
1857 1690 2009 1730 ludibrii
2027 1691 2067 1729 id
2085 1705 2230 1745 cogno-

122 1758 213 1786 men
238 1745 314 1791 est,
342 1746 452 1800 quod
475 1745 526 1785 illi
554 1745 720 1786 inditum
751 1746 865 1786 tradit
891 1745 1116 1800 Xiphilinus
1134 1746 1173 1785 in
1194 1745 1310 1799 Epist.
1331 1745 1490 1793 Dionis,
1519 1746 1571 1786 ob
1590 1747 1788 1800 proprium
1809 1759 1931 1801 genus
1951 1745 2166 1786 indumenti
2189 1747 2228 1786 in

115 1800 284 1853 ‚modum
300 1802 465 1855 rpaenulae
481 1801 529 1842 ab
549 1815 598 1840 eo
616 1807 886 1856 excogitatum.
916 1814 973 1842 Ωπ
991 1808 1013 1855 23,
1032 1805 1227 1851 Kagqe‘mntoc
1243 1806 1306 1852 2132
1321 1808 1386 1840 vif
1402 1806 1631 1845 ὒῧτικληθῑῶοα,
1651 1809 1675 1856 a}
1692 1806 1745 1841 w‘c
1761 1801 1924 1849 ςςφηώᾶς
1937 1801 2228 1851 μείλιςαήοίμφιέννυ-

119 1863 179 1901 99η
194 1859 365 1894 &etiamn
393 1856 463 1896 Ex
493 1870 565 1911 quo
591 1857 815 1897 Caracallus
837 1860 1119 1913 cognominatus
1147 1857 1216 1910 est,
1245 1859 1418 1913 juffitque
1437 1858 1624 1897 militibus
1640 1868 1686 1898 ut
1689 1858 1737 1910 se
1757 1860 1880 1897 eodem
1887 1870 2024 1910 genere
2040 1857 2154 1909 vestis
2170 1859 2228 1896 in-

119 1911 286 1953 duerent.
316 1912 357 1952 P.
375 1911 603 1952 Harduinus
622 1912 728 1952 hunc
743 1914 947 1956 Caracallae
962 1927 1167 1954 nummum
1183 1914 1274 1968 legit
1288 1913 1465 1954 mutilum
1479 1928 1570 1969 pag.
1595 1926 1656 1966 13.
1681 1927 1708 1953 A
1722 1928 1745 1953 E
1758 1929 1797 1954 L.
1827 1926 1864 1952 M
1876 1925 1902 1951 v
1915 1925 1944 1950 N
1957 1925 1973 1951 1
1984 1926 2020 1952 c.
2042 1926 2159 1966 quem
2177 1911 2226 1952 ad

119 1967 266 2009 AEliam
289 1967 559 2022 Capitolinam
586 1980 742 2009 revoca-t
759 1988 771 2014 3
801 1972 839 2008 ὃς
863 1981 904 2010 ut
930 1969 971 2009 id
991 1968 1151 2022 probet,
1180 1968 1263 2014 haec
1282 1969 1403 2010 addit.
1432 1967 1648 2020 Judai'cunt
1663 1971 1742 2023 egit
1758 1967 1988 2021 triumphum
2006 1967 2228 2014 Caracalla,

116 2031 166 2064 ut
182 2022 411 2077 Spartianus
430 2023 548 2078 refert
562 2024 605 2063 in
625 2024 762 2064 Severo
771 2034 859 2081 pag.
883 2038 947 2076 70.
978 2023 1055 2064 Sed
1069 2024 1247 2064 eruditus
1261 2023 1375 2066 Pater
1390 2024 1549 2078 ingenio
1564 2022 1637 2067 suo
1653 2025 1843 2069 abutitur,
1870 2022 1965 2063 dum
1986 2022 2129 2062 AEliam
2142 2023 2227 2064 Ca-

89 2113 94 2119 .
119 2078 321 2134 pitolinam
340 2079 509 2121 recenset
531 2079 761 2125 Coloniam,
790 2079 923 2134 postea
948 2078 1049 2118 illam
1074 2093 1148 2132 pro
1171 2079 1394 2132 Municipio
1410 2076 1571 2132 accipit,
1596 2079 1679 2120 imo
1695 2079 1837 2120 eodem
1853 2078 1942 2118 loco
1957 2077 2029 2134 ipfi
2052 2078 2227 2123 Graecam

121 2143 252 2175 urite
274 2145 458 2181 itin-niro
470 2145 612 2173 Amne
631 2135 782 2175 alterius
796 2134 948 2176 nummi
968 2134 1099 2177 Severi
1118 2135 1356 2189 epigraphen
1369 2134 1516 2175 tribuit.

171 2212 257 2279 liic
277 2227 450 2256 nummus
464 2214 614 2255 minimi
633 2212 795 2261 moduli,
816 2223 887 2268 pro
897 2211 1080 2265 rariffimo
1103 2210 1308 2253 habendus.

114 2825 190 2853 1M.
226 2825 252 2850 A
266 2824 296 2850 N
310 2823 334 2849 Τ
347 2823 373 2849 o
387 2823 417 2849 N
430 2824 445 2849 1
456 2824 486 2850 N
500 2824 525 2849 v
540 2824 558 2849 s
594 2824 615 2848 P
628 2823 643 2849 1
657 2823 681 2849 v
696 2823 729 2849 s.
766 2824 807 2849 A.
840 2810 973 2864 Caput
992 2809 1197 2850 Caracallae
1216 2810 1439 2851 laureatum.

171 2881 197 2907 A
214 2881 237 2906 E
250 2882 287 2907 L.
318 2879 354 2904 M
368 2879 393 2904 ν
407 2879 436 2905 N
453 2880 465 2905 1
479 2881 500 2905 c
514 2880 528 2905 1
542 2880 573 2904 Ρ.
606 2880 627 2905 c
641 2880 666 2904 o
680 2880 694 2904 1
705 2881 743 2906 L.
778 2880 803 2904 A
819 2879 847 2905 N
864 2879 901 2905 T.
941 2865 1127 2912 QAElium
1151 2866 1407 2919 Municipium
1436 2864 1695 2906 Coillutanurn
1720 2866 2036 2906 Antoniniamtm.
2074 2865 2221 2906 Silenus

223 2922 347 2977 digito
362 2921 499 2962 dextro
515 2921 708 2967 indicans,
739 2921 903 2962 humero
923 2921 1019 2962 laevo
1037 2934 1160 2962 utrem
1178 2922 1366 2962 hircinum
1386 2923 1494 2977 gerit.

167 3000 431 3053 Municipium
455 2999 721 3041 Coillutanum
753 2999 899 3055 insigne
934 3000 1134 3054 quoddam
1158 3001 1179 3040 ἒι
1208 3001 1404 3041 Caracalla
1436 3001 1664 3042 beneficium
1692 2999 1875 3054 accepisse
1904 2999 2075 3045 videtur,
2112 3011 2154 3039 ut
2179 3000 2218 3039 in

112 3057 209 3114 grati
228 3057 345 3095 animi
364 3056 646 3097 monimentum
670 3057 929 3096 Antoniniani
952 3071 1173 3111 cognomen
1194 3058 1391 3110 acceperit.
1423 3057 1616 3098 Caracalla
1640 3058 1764 3110 primo
1784 3056 1983 3103 Bassianus
2000 3055 2217 3109 appellaba-

113 3125 194 3156 tur,
228 3110 291 3151 sed
309 3111 469 3151 Severus
486 3111 584 3151 illius
601 3124 709 3165 pater
729 3111 973 3152 Antoninum
992 3113 1219 3166 appellavit,
1250 3125 1293 3152 ut
1309 3125 1433 3152 narrat
1447 3113 1667 3165 Spartianus
1684 3114 1721 3151 in
1740 3113 1817 3151 vita
1836 3112 1973 3151 Severi.
2013 3116 2062 3150 ln
2079 3112 2216 3157 itinere

111 3167 218 3222 apud
231 3167 736 3219 Viminatiumfibiumsuum
751 3167 929 3222 majorem
945 3166 1182 3217 Baffiaszum,
1209 3167 1367 3221 appoſjto
1382 3169 1534 3209 Aurelii
1558 3169 1752 3208 Antonini
1776 3168 1920 3206 nomine
1943 3166 1978 3205 C
1978 3165 2129 3215 aefizrem
2148 3177 2215 3219 ap-

104 3223 275 3279 pellavit
293 3242 304 3269 ·,
333 3219 381 3265 (ᾖ)
397 3235 527 3261 nomen
546 3222 695 3278 quidem
711 3225 904 3262 Antonini
921 3221 1059 3262 idcirco
1071 3222 1158 3275 filio
1176 3221 1367 3276 apposuit,
1396 3222 1762 3277 quodshmniaverat
1787 3223 2026 3261 Antoninum
2032 3219 2108 3271 fibi
2119 3220 2214 3272 suc-

104 3278 298 3333 ‚ceffurum
328 3278 452 3318 Senex
473 3277 536 3317 ille
561 3289 684 3318 utrem
712 3291 867 3332 gerens,
894 3277 1042 3319 Silenus
1070 3279 1144 3325 est,
1173 3293 1292 3333 quem
1314 3279 1525 3319 Coillutani
1548 3277 1851 3322 venerabantur3
1879 3290 1951 3316 nec
1969 3287 2011 3316 ut
2027 3275 2213 3317 existimat

109 3333 150 3379 P.
171 3333 398 3375 Harduinus
415 3347 502 3388 pag.
526 3347 612 3374 120.
642 3333 712 3373 Vir
715 3334 874 3384 saccum
897 3333 1062 3374 humeris
1077 3333 1224 3388 gestat,
1254 3334 1416 3374 Coloniae
1447 3342 1707 3388 argumentum
1720 3359 1731 3377 ‚
1758 3340 1803 3370 ut
1820 3333 1861 3370 in
1878 3332 2038 3371 nummis
2055 3330 2209 3385 Neapo-

108 3389 185 3430 leos
202 3389 392 3430 Samariae.
423 3388 523 3428 Non
538 3388 660 3428 modo
677 3389 780 3429 enim
801 3387 948 3431 Silenus
964 3387 1135 3442 Neapoli
1150 3389 1346 3435 Samariae,
1373 3388 1439 3428 sed
1455 3387 1558 3441 apud
1574 3387 1816 3427 Laodicenos
1841 3387 1976 3440 Syriae,
2009 3386 2210 3427 Damasce-

104 3458 182 3490 ,nos
195 3444 410 3500 Caelesyriae
420 3472 433 3492 ,
460 3443 705 3484 Troadenses
722 3443 916 3499 Phrygiae‚
945 3443 1162 3484 Deultanos
1180 3444 1377 3491 Thraciae,
1406 3448 1443 3483 ὃς
1461 3445 1498 3482 in
1517 3443 1595 3482 aliis
1613 3442 1851 3496 regionibus,
1880 3454 1921 3482 ut
1936 3442 2079 3482 docent
2094 3456 2205 3482 num-

109 3500 184 3546 mi,
209 3500 334 3543 cultus
353 3499 428 3546 est,
456 3513 574 3553 quem
592 3500 632 3539 in
654 3499 747 3539 urbe
765 3499 945 3539 Eleorum
973 3499 1160 3551 templum
1188 3498 1356 3541 habuisse
1381 3511 1505 3538 narrat
1535 3498 1732 3537 Pausanias
1756 3496 1819 3536 lib.
1848 3502 1884 3537 6.
1920 3497 1961 3537 P.
1978 3497 2203 3537 Harduinus

110 3555 200 3595 loco
215 3556 276 3596 cit.
294 3555 488 3610 redarguit
507 3569 575 3595 eos
593 3555 660 3609 qui
678 3568 880 3594 nummum
900 3554 1005 3594 hunc
1023 3553 1074 3592 ad
1091 3553 1359 3609 Caeliobrigam
1380 3553 1574 3606 Hispaniae
1595 3553 1774 3598 retulere,
1802 3551 1866 3592 sed
1891 3551 1953 3593 ille
1969 3567 2048 3593 non
2069 3553 2205 3592 rcfitius

111 3610 162 3650 ad
186 3610 355 3651 Coelium
382 3611 422 3651 in
450 3611 627 3651 Calabria
651 3624 732 3650 non
756 3609 890 3664 procul
916 3610 938 3649 a
957 3608 1176 3650 Brundusio
1195 3610 1388 3651 revocavit
1409 3624 1416 3647 :
1446 3622 1485 3648 at
1505 3611 1597 3648 vero
1621 3607 1791 3648 Coelium
1809 3607 2020 3662 nequidcm
2038 3607 2205 3650 Munici-

108 3665 221 3721 pium
237 3666 370 3707 abillis
388 3666 637 3722 Geographis
653 3665 799 3706 dietum
815 3665 882 3705 est.

166 3744 251 3784 Hic
273 3758 442 3786 nummus
457 3746 647 3792 minutus,
676 3746 776 3785 inter
792 3745 951 3785 rariores
965 3741 1210 3783 collocandus.
