2491 4219
709 147 1642 197 CARACALLA.
2122 177 2188 215 47

88 207 166 261 bus
192 211 314 266 figura,
341 210 524 265 paludata,
543 212 644 254 sacra
667 213 758 255 facit
777 226 867 254 ante
897 213 1135 254 fimulacrum
1163 217 1353 268 Apollinis
1370 217 1556 257 Sminthei
1576 238 1586 263 ;
1615 231 1695 258 tum
1714 219 1827 259 etiam
1845 220 1953 273 quod
1969 223 2103 262 Strabo
2124 224 2183 263 lib.

84 280 209 322 .13.p2.
234 280 322 320 593.
345 279 471 314 narret
492 282 635 308 novam
654 271 787 309 urbem
806 268 941 323 saepius
957 269 1086 309 locum
1101 273 1270 311 mutasse.
1302 279 1333 308 A'
1349 279 1474 317 ’ωηιῡῇα
1488 279 1630 321 ουμεῆνοα
1647 277 1681 322 »ἓξ
1694 280 1837 326 Kampe„
1850 278 1975 323 μάλιςα.
2015 278 2074 315 Et
2090 287 2179 318 tan-

83 323 174 372 dem
187 321 423 376 ibiposttam‚
452 322 518 362 ubi
532 336 631 363 nunc
650 324 720 376 cst,
748 323 912 364 maxim&
930 326 1218 379 Oraculijussu.
1252 327 1418 368 Urbium
1443 342 1570 369 autem
1597 330 1817 371 conditores
1839 331 2056 370 sacrificium
2075 346 2178 373 ante-

80 391 208 433 .,quam
224 391 354 423 earum
370 376 619 423 fundamenta
631 379 820 432 jacerent,
847 393 1064 434 perpetrare
1083 381 1271 427 solebant,
1302 395 1344 423 ut
1363 396 1486 423 narrat
1504 385 1605 424 idem
1626 385 1765 423 Malela
1781 387 1830 426 de
1854 387 1934 438 ipso
1950 387 2109 426 Seleuco
2137 390 2175 427 in

79 432 294 476 condenda
307 432 497 478 Seleucia,
524 433 591 473 ubi
610 434 747 486 pariter
763 435 930 488 aquilam
950 449 1056 490 parte
1076 437 1197 477 carnis
1214 437 1379 478 sacrificii
1395 441 1522 491 rapta,
1551 440 1587 478 in
1609 439 1739 478 Pieriae
1756 441 1981 493 Emporium
2001 441 2175 491 dejccisse

80 488 205 532 refert
226 503 234 527 ε
262 488 463 543 Appianus
477 489 624 528 veroin
643 490 779 544 Syriae.
800 505 887 545 pag.
911 506 955 531 12
968 506 999 543 5.
1021 491 1221 533 Seleucum
1241 493 1441 548 augurium
1456 493 1624 534 fulminis
1650 494 1818 534 secutum
1839 496 1945 536 fuiffiz
1961 494 2093 537 edidit.

141 567 225 608 Hic
243 582 414 609 nummus
429 568 732 623 minimaeformae
741 598 752 617 ‚
779 584 846 611 nec
859 585 968 612 rarus
985 585 1051 612 nec
1067 571 1211 611 obvius.

83 1173 121 1212 Μ
134 1179 175 1207 A.
208 1180 236 1207 A
249 1180 315 1207 VR
330 1181 353 1206 E
366 1181 402 1207 L.
433 1180 460 1207 A
473 1179 503 1207 N
516 1179 540 1206 T
552 1179 618 1206 oN
631 1179 646 1206 1
659 1179 690 1206 N
701 1179 728 1206 v
741 1179 775 1206 s.
805 1166 938 1221 Caput
956 1164 1161 1208 Caracallae
1175 1167 1396 1210 laurearum.

138 1237 161 1263 c
173 1236 199 1262 o
211 1237 250 1263 L.
284 1236 312 1262 A
325 1236 350 1261 v
364 1236 401 1262 G.
433 1235 458 1262 T
471 1235 500 1262 R
513 1236 540 1261 o
551 1236 593 1262 A.
624 1221 778 1262 Colonia
800 1222 975 1277 Augusta
997 1222 1226 1275 Troadensis.
1259 1225 1368 1278 Lupa
1387 1238 1474 1264 cum
1491 1223 1659 1279 puerulis
1675 1225 1850 1267 Romulo
1868 1231 1906 1267 δε
1925 1228 2064 1269 Remo.

134 1299 206 1340 Nil
220 1301 358 1340 mirum
378 1299 406 1340 fi
420 1298 662 1340 Troadenses
681 1300 832 1354 Lupam
847 1300 1024 1341 Romulo
1038 1304 1076 1340 ὃς
1092 1302 1225 1342 Remo
1242 1302 1360 1344 ubera
1377 1303 1613 1357 praebentem
1627 1305 1667 1344 in
1682 1305 1848 1345 nummis
1865 1306 2044 1361 fignarint
2057 1306 2104 1346 ad
2121 1305 2178 1347 ine

79 1354 283 1396 dicandam
307 1357 579 1397 Romanorum
601 1356 810 1410 originem,
839 1356 866 1395 fi
899 1356 1058 1410 quidem
1087 1357 1259 1397 Romani
1284 1360 1331 1398 ab
1358 1360 1401 1398 iis
1425 1358 1543 1412 ipsam
1570 1359 1790 1406 traherent3
1818 1360 1870 1400 illi
1886 1363 1989 1402 enim
2008 1362 2177 1402 AEneam

107 1411 204 1452 entis
222 1412 297 1450 suae
311 1411 522 1466 principem
538 1423 712 1465 ponunt,
740 1424 857 1466 atque
875 1426 921 1452 ex
939 1412 1022 1465 ejus
1039 1413 1198 1466 posteris
1217 1413 1298 1453 duo
1322 1413 1453 1453 fratres
1478 1414 1667 1454 Numitor
1691 1419 1730 1454 &
1752 1417 1929 1456 Amulius
1953 1415 2128 1463 fuerunt,
2157 1418 2180 1457 a

71 1424 291 1509 {Inmitore
313 1479 442 1508 autem
470 1466 663 1506 Romulus
687 1470 726 1506 &
753 1467 903 1508 Remus
930 1481 998 1521 per
1021 1479 1182 1508 matrem
1205 1469 1279 1508 orti
1295 1468 1401 1513 sunt,
1431 1468 1499 1522 qui
1519 1469 1680 1524 expoliti
1701 1471 1847 1510 Amulii
1867 1472 1990 1525 patrui
2003 1470 2127 1524 jussu,
2157 1472 2180 1511 a

78 1520 191 1577 Lupa
207 1522 338 1564 nutriti
357 1522 453 1563 sunt.
483 1521 625 1561 Plinius
649 1521 835 1562 secundus
850 1523 912 1562 lib.
928 1523 978 1563 de
998 1523 1078 1564 Vir.
1097 1523 1153 1563 Ill.
1182 1523 1362 1563 Amulius
1381 1525 1500 1577 tpsam
1516 1526 1557 1564 in
1574 1525 1732 1564 vincula
1757 1527 1936 1581 compegit
1962 1541 1969 1566 :
1991 1527 2179 1580 parvulos

67 1569 119 1620 'in
144 1577 317 1631 Tyberim
339 1577 500 1629 abjecit,
528 1590 618 1631 quos
646 1590 746 1631 aqua
766 1579 808 1628 in
819 1576 920 1628 stcco
945 1578 1110 1633 reliquit.
1141 1577 1214 1617 Ad
1234 1580 1411 1632 vagitum
1429 1579 1542 1632 Lupa
1558 1582 1740 1626 occurrit,
1769 1577 1896 1635 eosque
1913 1581 2086 1621 uberibus
2092 1582 2180 1634 fitis

78 1633 186 1728 aluf't.
215 1631 338 1673 Unde
357 1631 508 1688 lignum
526 1633 647 1687 Lupae
663 1646 751 1673 cum
767 1633 937 1688 gemellis
954 1633 1004 1673 ad
1021 1633 1246 1673 memoriam
1269 1634 1309 1673 P.
1332 1633 1504 1674 Romani
1524 1635 1757 1690 arguendam
1774 1637 1814 1676 in
1830 1637 1922 1677 locis
1938 1636 2099 1691 publicis
2115 1651 2181 1678 ex-

77 1703 132 1751 po
149 1699 257 1729 itum.

130 1766 214 1810 Hic
229 1779 402 1809 nummus
410 1764 574 1818 jocundi
590 1766 754 1815 moduli,
781 1767 882 1808 inter
883 1765 1096 1822 fingulares
1110 1765 1158 1811 ἔφ’
1172 1780 1278 1808 raros
1293 1761 1533 1822 reponendus.

16 2337 20 2343 ·
59 2306 125 2362 31.
157 2320 185 2356 A
196 2327 224 2356 v
235 2321 278 2355 R.
310 2327 338 2354 A
353 2326 382 2353 N
395 2326 420 2353 τ
430 2326 457 2352 o
470 2325 502 2352 N
515 2326 531 2352 1
542 2325 573 2351 N
585 2325 613 2352 v
625 2325 660 2351 s.
692 2325 731 2351 A.
768 2311 904 2366 Caput
918 2310 1124 2352 Caracallae
1137 2311 1356 2354 laureatum.

128 2384 153 2412 c
164 2384 191 2410 o
202 2384 242 2410 L.
273 2383 302 2409 A
314 2384 340 2410 L
352 2384 376 2409 E
389 2383 428 2409 x.
460 2382 485 2408 T
496 2381 527 2408 R
538 2381 565 2406 o
577 2381 618 2406 A.
656 2366 811 2408 Colonia
828 2366 1098 2407 Alexandrina
1115 2367 1339 2420 Troadenfis.
1384 2366 1551 2410 Diversae
1566 2369 1653 2412 sunt
1669 2371 1887 2428 epigraphae
1899 2401 1912 2421 2
1938 2371 2092 2430 Tripus.

126 2447 272 2503 Tripus
287 2447 385 2488 circa
400 2460 519 2501 quem
537 2445 734 2487 involutus
747 2445 901 2500 serpens
917 2445 957 2486 in
974 2445 1107 2499 templi
1124 2445 1230 2487 aditu
1241 2473 1252 2494 ‚
1280 2446 1330 2487 ad
1343 2448 1587 2501 Apollinem,
1606 2462 1685 2489 non
1704 2462 1831 2491 autem
1849 2451 1898 2492 ad
1910 2452 2174 2508 AEsculapium

71 2502 234 2558 speum,
263 2514 307 2544 ut
325 2503 368 2543 P.
395 2502 622 2542 Harduinus
646 2516 730 2557 pag.
765 2504 856 2553 508.
884 2513 1016 2542 contra
1040 2502 1208 2542 Tristani
1231 2515 1402 2544 mentem
1424 2504 1565 2557 prodit.
1604 2504 1756 2545 Fanum
1778 2507 1870 2547 illud
1889 2509 2079 2562 Apollinis
2097 2511 2173 2557 est,

70 2560 124 2600 de
138 2572 221 2613 quo
234 2557 333 2612 saepe
351 2557 517 2597 diximus
535 2573 544 2597 z
571 2557 716 2596 nullum
733 2568 863 2598 autem
878 2557 919 2596 in
938 2556 1224 2598 Troadenfium
1242 2558 1411 2598 nummis
1428 2558 1640 2613 AEsculapii
1656 2560 1805 2614 lignum
1821 2589 1833 2607 ‚
1861 2576 1927 2603 aut
1950 2565 2175 2607 attributum

70 2614 247 2656 occurrit.
281 2612 499 2667 Tripodem
518 2610 691 2666 Apollini
707 2611 875 2653 dicatum
890 2611 967 2652 effi:
986 2613 1039 2653 ob
1059 2612 1227 2652 Oracula
1249 2627 1369 2653 nemo
1386 2614 1524 2661 nescit5
1551 2615 1696 2668 Tripus
1714 2629 1842 2657 autem
1865 2619 1887 2659 a
1912 2619 2087 2659 machina
2111 2621 2174 2661 illa

70 2681 181 2712 terrae
198 2668 374 2722 impolita
386 2694 399 2714 ‚
419 2668 523 2708 unde
538 2667 616 2721 ipsa
631 2667 885 2722 petebantur,
902 2681 990 2721 quae
1005 2667 1124 2708 tribus
1139 2667 1268 2708 fulcris
1285 2668 1558 2716 sustinebatur,
1574 2684 1718 2710 nomen
1734 2673 1899 2727 accepit;
1929 2673 1992 2713 sed
2009 2674 2173 2728 loquen-

71 2737 152 2767 tem
171 2724 301 2765 audias
321 2723 553 2765 Athenaeum
569 2723 632 2763 lib.
651 2738 683 2763 2.
702 2738 787 2779 pag.
811 2726 873 2777 38.
903 2725 959 2763 Koa?
975 2725 1038 2763 ἔτιὸς
1054 2731 1106 2764 {m
1121 2728 1137 2761 ὁ
1152 2727 1179 2762 ‹1ss
1195 2727 1346 2766 ἀληθείαις
1360 2732 1474 2770 ciffi&
1490 2737 1592 2768 τείπες
1608 2730 1672 2776 zlff‘
1687 2729 1854 2773 mmm&
1870 2737 1965 2769 οἰκεῖος
1983 2732 2045 2778 2432
2063 2732 2116 2768 erla>
2131 2736 2173 2774 &a

70 2788 212 2832 μαντικῆς
223 2783 385 2823 ἀλήθειαν.
413 2779 485 2832 Est
501 2781 631 2834 itaque
646 2780 767 2833 trtpus
782 2779 846 2819 hic
866 2779 1048 2819 veritatis
1064 2791 1248 2834 congruus
1261 2779 1380 2820 index
1399 2780 1572 2834 Apollini
1586 2781 1629 2821 ob
1645 2791 1749 2822 certa
1768 2783 1937 2824 Oracula
1945 2783 2022 2835 fita
2039 2798 2173 2825 conve-

68 2836 188 2878 niens.
225 2835 389 2890 Serpens
404 2834 547 2889 tripodi
563 2835 757 2876 involutus
769 2861 782 2882 ,
809 2833 983 2888 Apollini
1002 2830 1104 2874 sacer
1120 2860 1133 2880 ,
1166 2837 1206 2873 &
1220 2835 1489 2877 vaticiniorum
1507 2836 1722 2892 symbolum
1741 2838 1795 2879 est
1812 2858 1824 2886 3
1852 2838 1944 2880 hinc
1960 2839 2065 2893 apud
2081 2840 2174 2881 Del-

71 2891 174 2949 phos
188 2891 340 2946 serpens
354 2891 423 2932 sub
437 2889 592 2946 tripode
610 2904 750 2932 vocem
769 2890 888 2931 edens
904 2888 1065 2931 refertur
1082 2889 1104 2930 a
1121 2889 1305 2932 Luciano.

125 2967 209 3011 Hic
225 2983 395 3012 nummus
409 2968 714 3024 minimaeformae
724 2994 740 3018 ‚
764 2969 790 3010 a*
805 2968 976 3022 Trzstano
992 2977 1078 3010 tom.
1097 2981 1134 3009 2.
1144 2978 1238 3025 pag.
1254 2983 1344 3022 179.
1362 2968 1558 3026 vulgatus,
1569 2972 1669 3012 inter
1686 2973 1843 3013 rariores
1860 2972 2143 3027 computandus.

916 3054 1349 3130 rsRUs.f

69 3718 122 3756 Μ.
151 3722 181 3750 Α
193 3721 263 3750 VR
273 3722 298 3749 E
310 3707 352 3750 11']
381 3723 411 3750 A
422 3720 453 3750 N
465 3721 491 3750 1·
501 3722 530 3750 o
541 3722 574 3750 N
585 3722 602 3750 1
612 3721 645 3750 N
656 3722 684 3751 v
697 3709 731 3752 si
760 3721 782 3749 1³
794 3722 811 3750 1
821 3722 849 3750 v
861 3721 894 3749 s.
924 3722 952 3749 A
964 3722 992 3755 v
1004 3721 1046 3751 G.
1082 3707 1217 3764 Caput
1231 3708 1434 3750 Caracallae
1450 3708 1674 3751 laureatum.
2110 3751 2112 3755 ,

124 3778 144 3810 s
157 3779 182 3806 E
195 3778 218 3817 r
229 3777 268 3804 T.
298 3765 325 3805 1-
337 3777 363 3804 Y
375 3778 406 3805 R
420 3779 446 3803 v
458 3778 492 3805 s,
526 3779 560 3805 M
572 3779 596 3805 E
610 3779 635 3806 τ
647 3779 677 3807 R
687 3779 728 3806 o.
759 3779 782 3806 c
795 3779 822 3805 o
835 3778 862 3806 L
874 3779 900 3805 o
915 3778 944 3804 N
957 3779 972 3805 1
985 3779 1026 3806 A.
1064 3764 1248 3819 Septimia
1265 3764 1384 3817 {Urus-
1398 3765 1620 3820 Metropolis
1638 3763 1800 3806 Colonia.
1831 3764 2019 3806 Hercules
2031 3762 2160 3804 nudus

179 3820 279 3860 stans
299 3819 476 3861 sacrificat
493 3819 605 3874 super
623 3835 750 3868 aram,
776 3820 870 3861 laeva
888 3819 1005 3874 spolia
1027 3819 1148 3861 leonis
1171 3824 1210 3862 ὃς
1228 3820 1372 3863 clavam
1383 3837 1397 3869 2*
1426 3833 1513 3863 ante
1530 3834 1620 3863 eum
1639 3820 1721 3862 duo
1737 3822 1882 3876 lapides
1897 3818 2136 3875 praegrandes
2147 3843 2161 3870 2

179 3888 230 3919 ex
247 3875 387 3930 quibus
400 3890 512 3932 aquae
531 3876 709 3920 defluunt
719 3875 800 3927 „in
818 3876 899 3932 imo
917 3875 1174 3932 conchylium.

2034 3956 2167 4011 Tyrus
