2574 4214
264 162 359 204 1¹4
833 140 1782 199 VAGRIPPINA]

255 210 266 216 ’
316 211 473 254 Silanus
488 223 711 267 cognomen
728 211 783 253 est
793 209 922 266 Juniae
941 213 1089 268 gentis,
1118 211 1275 253 Claudii
1288 223 1465 267 tempore
1485 210 1572 254 satis
1589 224 1692 253 notae
1705 239 1717 259 ,
1743 207 1948 252 familiare:
1975 220 2122 251 nomen
2139 205 2294 252 Silanus
2306 221 2368 263 ae-

264 269 406 322 cipitur
428 267 493 308 hic
517 281 585 322 per
609 269 625 306 i
648 267 808 308 latinum
832 270 871 307 &
888 268 907 307 l
918 281 1040 308 unum
1055 295 1068 314 ,
1093 281 1166 321 pro
1183 266 1360 319 syllanus
1374 294 1386 314 ,
1416 278 1460 308 ut
1474 267 1536 307 alii
1553 267 1757 322 proferunt
1771 294 1784 315 ,
1809 278 1854 306 ut
1872 279 1954 306 non
1969 266 1991 306 a
2007 265 2110 317 Sylla
2123 292 2137 314 ‚
2162 265 2228 308 sed
2246 267 2268 308 ὲ
2287 265 2368 309 Sita

263 323 494 365 derivatum.
531 321 636 362 Silus
651 334 782 363 autem
797 321 1010 377 appellatur
1025 323 1047 362 a
1061 322 1153 363 naso
1168 322 1317 369 sursum
1332 322 1462 364 versus
1477 322 1651 377 repando
1661 349 1675 370 ,
1704 321 1811 378 apud
1827 321 1998 363 Festum.

318 400 404 442 Hic
417 414 590 442 nummus
605 401 753 441 minimi
767 400 907 440 moduli
922 402 964 440 in
979 395 1360 442 cimelioeBarberino
1372 426 1386 447 ,
1411 399 1614 451 rarzffi’mus
1629 398 1689 453 est.

1072 505 1567 555 PATRQAE.

252 1094 593 1134 'AGRIPPINA
614 1086 928 1135 uvovsrAss'
953 1085 1091 1150 Caput
1112 1088 1347 1149 Agtippinie.
1396 1076 1428 1102 “¹

320 1163 345 1190 c
356 1162 382 1188 0
391 1163 427 1188 L.
461 1161 500 1187 A.
535 1160 584 1186 A„
606 1159 642 1186 Ρ.
671 1161 699 1187 o
712 1162 735 1188 E
748 1161 781 1188 N
791 1161 807 1188 1
820 1161 846 1188 v
859 1160 912 1195 M-.,
938 1145 1105 1203 ,Colonia
1121 1146 1304 1208 Augusta
1317 1143 1434 1187 Aroae
1446 1144 1646 1198 Patrensis
1659 1144 1829 1188 Genium.
1865 1142 1965 1189 Du‘ae
1979 1141 2110 1202 figurae
2125 1155 2266 1203 togatae
2281 1147 2374 1192 dex*

376 1215 452 1244 tras
470 1201 540 1243 fibi
553 1201 776 1257 jungentes.
855 1206 857 1209 ’
1179 1207 1181 1209 ’
1215 1201 1218 1209 ’
1235 1205 1252 1247 .’
1516 1247 1519 1250 ,
1546 1258 1549 1264 ὅ
1857 1257 1865 1265 ,

317 1280 508 1322 Patrenfis
519 1281 689 1322 Colonia
702 1295 852 1323 memor
860 1308 872 1330 ,
898 1280 1010 1337 quod
1023 1281 1168 1323 Achaia
1176 1280 1378 1324 Provincia
1387 1282 1556 1327 Claudio
1573 1281 1666 1324 olim
1683 1292 1765 1324 tam
1779 1292 1884 1338 grata
1898 1280 1991 1324 eflet
1999 1308 2012 1329 ‚
2038 1291 2219 1324 nummos
2232 1282 2376 1340 Agrip-

265 1336 365 1390 pinae
385 1336 469 1389 ejus
485 1340 595 1378 uxori
613 1337 768 1379 dedicat
787 1365 799 1385 ‚
830 1338 870 1378 in
890 1338 1002 1392 cujus
1021 1338 1148 1379 aversa
1166 1350 1273 1393 parte
1295 1338 1420 1392 ipsum
1438 1338 1649 1380 Claudium
1670 1338 1841 1379 dextram
1860 1344 1948 1378 cuni
1968 1337 2132 1378 Nerone
2143 1337 2376 1395 jungentem·

264 1394 303 1432 in
324 1391 547 1446 adoptionis
565 1394 849 1435 monimentum
867 1394 1024 1434 exhibet
1040 1408 1048 1433 :
1077 1393 1140 1450 ille
1165 1394 1269 1435 enim
1281 1421 1292 1442 ‚
1322 1408 1364 1436 ut
1382 1395 1509 1448 inquit
1528 1394 1734 1435 Suetonius
1753 1394 1793 1433 in
1811 1393 1889 1434 vita
1904 1392 2079 1434 Neronis
2095 1407 2177 1447 cap.
2195 1407 2232 1446 7.
2261 1394 2376 1436 unde-

263 1449 360 1487 cimo
380 1450 511 1488 aetatis
529 1463 627 1488 anno
645 1448 668 1488 τὶ
684 1448 844 1490 Claudio
860 1448 1066 1504 adoptatus
1081 1449 1140 1503 est.
1179 1451 1340 1493 Amicus
1359 1451 1487 1492 noster
1501 1450 1598 1490 duas
1615 1449 1694 1490 illas
1715 1448 1850 1504 figuras
1867 1447 2007 1490 stantes
2026 1448 2229 1490 Neronem
2243 1452 2283 1490 &
2294 1449 2377 1492 Bris

264 1503 462 1544 tannicum
485 1504 562 1544 effe
585 1505 772 1545 existimat
789 1532 801 1551 ‚
830 1503 896 1544 sed
914 1516 1078 1559 uterque
1097 1505 1161 1546 hic
1177 1516 1333 1561 togatus
1350 1507 1404 1547 est
1420 1532 1432 1553 ‚
1460 1520 1531 1546 nec
1554 1505 1793 1546 Britannicus
1813 1518 1861 1545 ex
1880 1504 2022 1545 eodem
2038 1505 2224 1546 Suetonio
2241 1517 2376 1562 togam

263 1558 410 1599 virilem
436 1559 564 1599 adhuc
589 1573 811 1612 acceperat,
838 1560 878 1599 in
900 1561 1069 1601 Claudio
1093 1573 1176 1615 cap.
1195 1574 1263 1615 43.
1293 1561 1373 1602 Sub
1388 1563 1499 1603 exitu
1515 1563 1613 1601 vitae
1632 1560 1785 1600 obvium
1788 1559 1866 1612 fibi
1882 1560 2150 1600 Britannicum
2163 1561 2378 1616 complexus

264 1613 443 1654 hortatus
460 1615 511 1667 est
527 1623 572 1655 ut
593 1615 782 1668 cresceret.
800 1648 807 1655 .
823 1647 829 1654 .
853 1630 1009 1671 cumque
1024 1618 1167 1671 impubi
1184 1625 1382 1673 teneroque
1394 1617 1540 1663 adhuc,
1569 1615 1878 1671 quandostatura
1887 1618 2148 1670 permitteret,
2173 1617 2377 1672 togamda-

265 1684 305 1708 re
320 1669 554 1722 dzstinuffh,
584 1670 648 1711 sed
667 1670 848 1725 frequens
866 1671 920 1711 est
934 1672 1156 1725 adoptantis
1173 1675 1212 1712 &
1228 1670 1402 1727 adoptati
1418 1672 1570 1712 dextras
1581 1671 1778 1726 jungentis
1795 1682 1908 1725 typus
1921 1691 1934 1718 3
1965 1670 2014 1710 fic
2028 1671 2163 1712 Nerva
2177 1685 2266 1714 cum
2278 1671 2376 1715 Tra·

262 1724 358 1779 jano
370 1753 382 1772 ‚
412 1726 606 1779 Trajanus
620 1740 709 1767 cum
726 1726 950 1773 Hadriano,
983 1728 1042 1767 M.
1059 1727 1238 1768 Aurelius
1255 1741 1345 1767 cum
1362 1728 1406 1768 L.
1422 1727 1531 1769 Vero
1550 1727 1589 1766 in
1604 1740 1740 1768 eorum
1757 1726 1925 1767 nummis
1944 1726 2184 1769 exhibentur.

319 1803 404 1844 Hic
419 1817 592 1844 nummus
605 1806 732 1846 tertiae
749 1804 1027 1859 magnitudinis
1042 1807 1144 1846 inter
1157 1805 1357 1857 rariffi‘mos
1369 1803 1418 1851 ἐν
1435 1804 1719 1862 elqgantiffi'mos
1735 1803 1987 1858 recenfindus.

1046 1915 1350 1958 IVLIAI.
1396 1913 1574 1961 AVG.

1069 1982 1554 2024 AGRIPMNM..

1078 2054 1556 2096 GERMANICL

1111 2120 1454 2162 cAEsAms
1480 2120 1535 2161 fn

865 2181 882 2194 ⁸
942 2185 1029 2236 τι.
1056 2180 1375 2249 ,CLAVDI-
1412 2180 1709 2235 CAISA'R:

1055 2254 1087 2297 ff
1148 2249 1504 2312 Avovsri

999 2329 1674 2376 P-ATMSPATMAE.

1313 2444 1315 2446 ·
1398 2426 1529 2470 Grac„
1545 2431 1635 2481 236.
1654 2439 1699 2478 9.

1197 2714 1454 2758 0ξῇθῶᾒῆ
