2574 4214
2 3784 9 3841 —.-.
4 3738 5 3742 „
4 3699 7 3717 Α.

343 227 403 266 80
1016 218 1060 267 T
1128 220 1149 266 I
1216 218 1251 264 B
1320 218 1356 264 E
1426 217 1470 266 R
1536 218 1557 264 I
1624 213 1673 266 U
1740 219 1782 268 S»

1128 300 1635 383 oszcERDA.

338 936 362 965 τ
375 938 400 965 Ι.
432 939 455 966 c
467 939 492 965 A
507 940 529 966 ε
540 939 558 966 s
569 940 594 965 A
608 938 637 965 R
670 938 696 964 A
711 938 737 963 v
748 938 774 964 e
788 938 814 964 v
827 937 846 964 s
860 938 884 964 τ
899 937 922 963 ν
934 934 966 962 s.
1003 920 1138 977 Caput
1156 920 1305 962 Tiberii
1321 920 1546 965 laureatum

390 994 428 1020 Μ
442 995 466 1021 ν
480 995 522 1021 N.
554 996 579 1021 o
592 996 610 1020 s
623 994 638 1019 1
650 995 672 1020 c
686 995 707 1019 E
719 995 749 1020 R
761 995 785 1019 n
797 995 835 1019 A.
865 979 1121 1032 Alunict'pinm
1144 976 1327 1030 Ostcerda.
1365 977 1458 1019 Bos.

391 1059 583 1110 Offeerda,
612 1058 701 1098 urbs
717 1058 761 1097 H
766 1057 913 1111 ispaniae
930 1055 1228 1097 Tarraconenfis
1245 1056 1322 1103 est,
1350 1056 1462 1110 cujus
1477 1052 1614 1111 populi
1631 1055 1902 1113 Offigerdensbs
1916 1054 2042 1099 Plinio
2056 1055 2146 1099 diffl
2165 1056 2228 1100 lib.
2243 1069 2280 1113 3.
2298 1073 2378 1115 cap.
2399 1062 2441 1117 3]

335 1116 434 1155 inter
457 1115 624 1169 populos
646 1113 870 1152 Latinorum
894 1123 1066 1152 veterum
1091 1111 1348 1153 recensentur.
1387 1112 1620 1153 Latinorum
1635 1122 1808 1154 veterum
1825 1113 2114 1167 C'asbantenfi’s,
2143 1115 2442 1170 Ergavicenfi’s,

338 1171 652 1215 Graccuritanos,
684 1167 952 1220 Leonicenses‚
982 1166 1262 1222 Offigerdenses.
1303 1168 1568 1223 Municipium
1584 1169 1624 1209 in
1642 1169 1829 1217 nummis,
1858 1180 1901 1210 ut
1916 1170 2146 1211 Cascantum
2163 1197 2174 1217 ,
2201 1171 2386 1227 Ergavica
2400 1176 2442 1214 δε

335 1225 538 1265 Graccuris
553 1251 564 1270 ,
593 1223 827 1278 perhibetur.
867 1223 947 1263 Bos
963 1248 976 1268 ‚
1005 1223 1058 1264 ait
1073 1223 1114 1263 Ρ.
1133 1223 1360 1265 Harduinus
1382 1238 1468 1279 pag.
1488 1237 1507 1278 3
1515 1237 1577 1277 72.
1607 1224 1665 1265 ibi
1677 1225 1912 1279 infcusptus,
1939 1225 2008 1265 vel
2024 1226 2072 1278 ‘st
2090 1225 2258 1266 deducta
2278 1227 2444 1269 Coloniae

336 1279 451 1319 index
467 1307 478 1326 ,
506 1279 574 1319 vel
588 1293 632 1319 ea
653 1281 810 1319 litatum
835 1277 953 1331 hostia
973 1279 1142 1332 Augusto
1165 1279 1213 1320 ab
1236 1279 1527 1331 Oficerdensibus
1537 1279 1745 1335 figmficat.
1792 1280 1939 1322 Vertim
1964 1282 2052 1322 cum
2070 1281 2255 1322 Olicerda
2272 1282 2443 1326 Colonia

331 1349 413 1375 non
431 1334 475 1375 fit
490 1362 502 1382 ,
534 1335 602 1376 bos
620 1335 659 1374 in
677 1334 760 1387 ejus
778 1348 944 1375 nummo
961 1335 1138 1389 depictus
1156 1363 1169 1382 ‚
1198 1335 1378 1376 Coloniae
1395 1335 1514 1376 index
1534 1335 1609 1376 effe
1627 1337 1765 1391 nequit
1785 1357 1797 1383 3
1834 1339 2003 1390 cumque
2024 1352 2097 1378 nec
2118 1336 2235 1378 infula
2255 1352 2329 1379 nec
2345 1339 2444 1381 vitta

334 1390 379 1486 {it
403 1404 558 1432 ornatus
578 1419 590 1439 ,
629 1390 677 1431 ad
707 1389 887 1431 sacrificia
918 1404 1169 1446 nequaquam
1194 1390 1369 1446 speeiau
1403 1391 1469 1432 sed
1492 1392 1534 1431 in
1559 1392 1787 1448 Municipiis
1819 1406 1892 1447 pro
1920 1393 2065 1449 vulgari
2096 1407 2232 1435 eorum
2264 1393 2443 1450 symbolo

350 1458 507 1501 ignatur.

388 1525 471 1566 Hic
483 1540 655 1567 nummus
658 1526 840 1580 secundae
854 1527 1152 1583 magnitudinis,
1171 1524 1196 1568 ὰ
1209 1526 1361 1568 Patina
1373 1538 1463 1585 pag.
1482 1541 1506 1582 7
1515 1542 1545 1569 1.
1562 1528 1747 1585 vuggatus
1758 1552 1772 1577 ,
1800 1541 1874 1571 non
1890 1529 2026 1572 obvius
2039 1528 2102 1582 cst.

1123 1632 1714 1676 SAGUNTUM‘

346 2232 414 2263 τι.
445 2233 469 2262 c
483 2232 509 2259 A
523 2230 615 2258 ESA
632 2229 663 2257 R
692 2228 825 2257 D1v1.
857 2229 885 2256 A
900 2228 974 2257 ve.
1005 2227 1044 2256 F.
1076 2226 1197 2256 Avo.
1235 2212 1371 2269 Caput
1386 2210 1536 2254 Tiberii
1555 2209 1721 2254 nudum·

400 2289 421 2317 s
434 2290 460 2317 A
476 2289 514 2316 e.
546 2289 583 2315 L.
618 2287 636 2313 s
649 2287 672 2312 E
684 2286 720 2312 M
732 2287 765 2312 P.
796 2286 823 2312 G
837 2286 907 2312 EM
919 2286 933 2311 1
945 2286 975 2312 N
987 2285 1027 2312 o.
1065 2285 1106 2313 L.
1135 2286 1163 2313 v
1176 2285 1202 2312 A
1215 2286 1255 2312 L.
1287 2284 1306 2310 s
1321 2285 1347 2310 v
1359 2284 1390 2311 R
1403 2283 1445 2309 A.
1479 2283 1494 2309 1
1507 2283 1535 2310 1.
1569 2283 1596 2310 v
1610 2283 1626 2310 1
1638 2283 1684 2310 R.
1730 2265 1954 2323 Saguntum.
1985 2264 2111 2308 Lucio
2135 2264 2348 2323 Sempronio
2373 2267 2448 2322 Geaf

454 2333 553 2372 mino
566 2355 580 2377 ,
610 2329 730 2370 Lucio
745 2327 896 2370 Valerio
916 2327 1016 2368 Sura
1030 2327 1282 2369 Duumviris.
1321 2325 1520 2367 Triremis.

402 2411 637 2467 Saguntum,
667 2408 744 2448 aliis
768 2407 985 2464 Saguntus‚
1015 2409 1103 2449 urbs
1124 2407 1320 2462 Hispaniae·
1337 2400 1661 2451 Tarraconenfis,
1689 2403 1711 2444 ὲ
1729 2403 1823 2444 mari
1845 2416 1892 2443 M.
1912 2401 2003 2457 pass
2021 2401 2124 2457 apud
2143 2402 2321 2451 Livium,
2355 2409 2450 2446 111,=

348 2481 477 2509 autem
506 2465 617 2506 millia
637 2463 743 2518 apud
768 2464 929 2504 Plinium
956 2475 1103 2505 remota
1120 2464 1273 2504 videtur
1291 2477 1299 2502 ε
1327 2461 1388 2502 ille
1406 2460 1553 2502 Decad.
1574 2474 1609 2514 3.
1629 2459 1689 2500 lib.
1715 2473 1744 2500 1.
1772 2459 1874 2512 Jam
1889 2458 2101 2513 Saguntum
2111 2458 2263 2510 summa
2277 2461 2323 2500 vi
2338 2470 2450 2515 oppu-

339 2523 534 2579 gnabatur
552 2542 563 2568 3
591 2523 736 2560 civitas·
758 2519 864 2574 longe?
887 2519 1154 2574 opulentiſjima
1178 2519 1283 2559 ultra
1300 2517 1450 2558 Iberum
1461 2517 1553 2569 ficit
1572 2515 1645 2565 fita
1661 2515 1793 2570 paſjus
1813 2514 1914 2554 mille
1923 2515 2046 2565 firme
2065 2513 2089 2553 τὶ
2106 2517 2202 2554 mari
2218 2530 2229 2553 .·
2257 2515 2407 2555 oriundi
2423 2514 2450 2555 a=

350 2576 543 2630 Zacyntho
560 2576 683 2626 insula
697 2575 875 2615 dicuntur
887 2602 899 2622 ‚
928 2574 1025 2614 unde
1041 2575 1111 2629 ipfi
1119 2589 1249 2615 nomen
1266 2573 1471 2628 Saguntus.
1510 2571 1576 2611 Illa
1593 2585 1664 2611 nec
1682 2570 1850 2610 Colonla
1867 2597 1879 2617 ‚
1908 2584 1978 2610 nec
1995 2569 2257 2623 Municipium
2275 2597 2288 2617 ‚
2315 2569 2380 2610 sed
2397 2570 2451 2610 ci-

348 2635 453 2674 vium
472 2634 737 2673 Romanorum
757 2631 947 2684 oppidum
963 2631 1185 2684 perhibetur
1200 2631 1221 2670 a
1241 2630 1364 2669 Plinio
1384 2629 1444 2669 lib.
1464 2641 1497 2681 3.
1517 2642 1597 2682 cap.
1619 2640 1651 2679 3.
1676 2626 1921 2681 distinguitur
1939 2626 2041 2666 enim
2061 2626 2110 2665 ab
2127 2639 2176 2665 eo
2189 2625 2379 2675 Colonia,
2409 2628 2452 2667 δε

348 2689 457 2728 Urbs
481 2688 620 2726 civium
645 2686 926 2726 Romanorum.
966 2685 1146 2726 Valentia
1168 2684 1341 2730 Colonia,
1377 2698 1391 2723 ι
1405 2697 1463 2723 11.
1486 2696 1533 2722 M.
1551 2681 1645 2736 paffi
1667 2681 1690 2721 ὰ
1711 2684 1807 2721 mari
1829 2689 1971 2721 remota
1988 2707 1999 2726 ,
2017 2679 2161 2731 flumen
2182 2680 2340 2720 Turium
2355 2707 2369 2728 ‚
2398 2680 2450 2725 θ’

347 2742 581 2785 tantumdem
605 2741 629 2780 d
651 2744 746 2780 mari
767 2741 975 2794 Saguntum
996 2743 1141 2781 civium
1165 2742 1421 2781 Romanorum
1443 2739 1614 2792 oppidum
1630 2765 1641 2784 ,
1657 2736 1740 2790 fide
1760 2736 1937 2776 notabile.
1974 2735 2159 2775 Triremis
2178 2735 2217 2775 in
2236 2735 2393 2790 Sagunti
2412 2739 2454 2777 &a

348 2797 535 2839 Valenti-:c
553 2796 717 2836 nummis
734 2809 863 2835 earum
881 2796 920 2835 in
937 2797 1031 2835 mari
1048 2794 1260 2850 potentiam
1279 2806 1346 2834 aut
1364 2794 1472 2834 situm
1491 2793 1636 2848 arguit,
1649 2807 1739 2837 nec,
1757 2802 1798 2831 ut
1812 2792 1965 2831 videtur
1978 2790 2019 2829 Ρ.
2031 2790 2240 2830 Harduino
2257 2804 2306 2845 pa
2338 2804 2405 2843 .42
2412 2805 2451 2842 9.

348 2854 529 2894 {frit-enus
554 2851 634 2889 ideo
658 2849 845 2903 instulpta
872 2850 920 2900 est
937 2846 1080 2904 Y'qubd
1097 2864 1146 2888 ex
1165 2849 1367 2900 Zacyntho
1385 2848 1509 2898 infula
1526 2847 1681 2885 Lolonta
1707 2845 1868 2885 deduc‘Ja
1877 2845 1941 2897 fit.
1985 2844 2109 2900 Qod
2125 2845 2204 2896 ipse
2221 2845 2263 2885 P.
2324 2846 2452 2887 ardui-

350 2922 422 2948 nus
446 2920 492 2947 ex
517 2905 675 2949 Patino,
705 2916 748 2944 ut
765 2904 832 2943 iste
852 2917 898 2943 cx
919 2908 1007 2943 Ant.
1028 2904 1246 2958 Augustino
1264 2901 1396 2942 haufit.
1446 2901 1508 2939 De
1527 2900 1741 2953 Sempronia
1763 2903 1801 2938 δε
1818 2900 1972 2939 Valeria
2026 2900 2176 2940 entibus
2195 2900 2349 2941 abunde
2364 2929 2378 2948 ‚
2405 2912 2452 2943 ut

351 2963 401 3002 ‹le
419 2963 570 3000 Gemini
587 2963 624 2999 ὃ(
642 2959 746 2999 Surae
761 2960 1066 3013 cognominibus.
1104 2958 1256 2997 Gemini
1271 2966 1491 3010 cognomen
1511 2955 1533 2994 a
1550 2955 1793 3010 geminorum
1812 2967 1924 3009 partu
1939 2974 1950 3001 ;
1977 2913 2083 2995 ὗξινιε
2102 2957 2197 2998 vero
2212 2957 2235 2997 a
2253 2956 2340 3011 pilae
2353 2956 2452 2999 ludo

352 3017 495 3056 dielum
515 3016 578 3056 est.

410 3093 489 3134 Hic
504 3104 675 3135 nummus
694 3091 888 3133 mediocris
903 3089 1064 3137 moduli,
1091 3089 1116 3129 a
1133 3088 1283 3129 ‘Patina
1289 3098 1381 3143 pag.
1395 3100 1463 3140 70.
1481 3087 1663 3142 vulgatus
1675 3114 1687 3135 ,
1713 3088 2007 3145 haudftequens
2021 3087 2082 3142 est.

1105 3197 1670 3241 SEGOBRIGA.

367 3808 432 3835 TI.
464 3806 758 3834 cAEs.1)1v1.
795 3807 1118 3835 Ave.1³.Ave.
1152 3796 1463 3837 1MP.V11.in
1488 3793 1568 3836 aliis
1598 3806 1706 3834 1M12.
1737 3804 1877 3834 v111.
1917 3788 2215 3847 CaputTiberii
2233 3789 2398 3831 nudum.

419 3861 742 3888 SEGOBRIGA.
771 3847 816 3887 In
834 3862 1007 3901 quercea.

419 3925 617 3979 Segobriga
631 3952 642 3969 ‚
672 3925 760 3964 urbs
777 3925 928 3978 gemina
938 3925 1131 3979 Hispaniae
1139 3925 1434 3967 Tarraconenfis
1443 3953 1455 3972 ,
1483 3928 1597 3968 altera
1613 3929 1652 3967 in
1662 3926 1874 3968 Valentino
1890 3939 2011 3980 regno
2027 3924 2077 3965 ad
2086 3923 2264 3964 Turulim
2277 3922 2456 3969 fluvium

365 3980 477 4022 altera
494 3981 532 4021 in
549 3993 668 4034 regno
685 3979 859 4020 castella:
873 3979 922 4019 ad
941 3981 1082 4021 montis
1101 3981 1314 4035 Orospedae
1337 3981 1482 4022 radices
1502 3986 1540 4022 ὅ(
1559 3983 1802 4023 Duratonam
1821 3981 1986 4023 fluvium
2007 3995 2015 4021 :
2042 3980 2126 4022 haec
2143 3978 2356 4035 Seputveda
2372 3978 2458 4032 qui-

2276 4031 2435 4075 busdam
2443 4051 2459 4080 5

2564 1166 2571 1184 .,
2548 886 2569 1135 -ι--ι-εηὲκὲἳὼ
2547 871 2549 874 ’
2546 859 2547 862 ⁴
