2574 4214
255 207 321 252 90.
916 163 1692 259 &rtssssat'usg

260 771 305 798 M.
334 770 382 796 M.
410 770 436 796 1.
459 769 500 794 v.
532 769 568 796 c.
596 768 749 795 v11310
780 765 971 794 MARSO
1004 765 1076 792 PR.
1109 765 1212 793 eos.
1244 764 1327 791 111.
1357 764 1394 791 c.
1427 763 1484 790 SA
1501 760 1739 789 Lvsrlvs
1772 760 1968 787 1vsrvs
2001 747 2364 788 11.V1R.B121ni·

369 813 468 865 cipes
486 811 695 863 Municipii
711 809 819 861 Julii
834 806 1037 856 Uticenfis,
1067 809 1159 849 Caio
1177 807 1287 848 Vibio
1304 806 1438 859 illudo
1451 802 1683 857 Proconsule
1699 803 1876 850 tertium,
1907 804 2023 843 Caius
2034 802 2217 854 Salustius
2227 802 2368 856 Justus

369 868 586 907 Duumvir.
624 865 773 905 Eadem
792 864 911 919 figura
930 862 1073 903 sedens.

314 945 436 1000 Apud
453 945 632 985 Patinum
654 957 743 998 pag.
761 948 825 983 66.
850 955 922 996 pro
953 955 989 982 c.
1021 956 1038 981 s
1056 949 1226 981 ALLvs
1256 950 1486 985 RVSIVS,
1514 950 1662 992 repone
1690 949 1952 977 c.8A1.vs1·
1968 948 2051 976 1vs
2079 949 2294 984 1vsrvs,
2323 945 2368 977 ut

258 1002 365 1056 apud
384 1000 685 1041 Mediobarbum
701 1013 786 1054 pag.
803 1012 866 1050 70.

320 1055 522 1098 Uticenses
536 1056 577 1095 in
594 1055 762 1095 nummis
780 1053 901 1094 modo
917 1053 1059 1093 litteras
1078 1050 1239 1092 initiales
1267 1062 1318 1089 M.
1337 1063 1386 1089 M.
1409 1063 1435 1089 1.
1455 1062 1493 1089 v.
1515 1047 1650 1088 urbem
1668 1047 1772 1088 suam
1791 1045 2026 1094 indicantes,
2054 1046 2178 1087 modo
2197 1046 2266 1087 has
2289 1060 2370 1088 Du.

263 1126 286 1153 P
299 1127 333 1154 Ρ.
355 1112 405 1153 ad
422 1112 583 1152 statuam
598 1111 717 1151 Liviae
735 1110 948 1164 spectantes
965 1107 1168 1163 signarunt.
1209 1106 1273 1146 De
1289 1104 1360 1146 illis
1377 1105 1467 1145 cum
1488 1104 1698 1158 ambigeret
1713 1102 1870 1143 Patinus
1885 1128 1898 1148 ,
1925 1101 2008 1142 haec
2029 1102 2081 1143 ait
2099 1118 2107 1142 z
2135 1101 2372 1157 Qidfignt'-

251 1166 377 1221 ficent
397 1166 536 1221 duplex
556 1181 582 1206 D
594 1178 632 1206 ι).
651 1165 799 1205 decreto
816 1165 1080 1204 ‘Decurionum
1103 1162 1313 1218 conjiciunt
1329 1180 1342 1208 ·‚
1365 1159 1443 1214 sed
1465 1158 1607 1214 duplici
1634 1173 1666 1198 P.
1683 1172 1714 1198 P.
1739 1172 1788 1198 M.
1805 1170 1854 1197 M.
1873 1154 1922 1200 &e
1941 1171 1967 1196 1.
1989 1171 2028 1197 v.
2058 1157 2163 1198 nihil
2175 1159 2373 1205 tribuunt,

252 1222 356 1275 ficut
371 1222 627 1276 inscriptionis
634 1221 754 1275 parti.
790 1219 832 1259 P.
847 1218 1073 1260 Harduinus
1089 1233 1174 1273 pag.
1195 1231 1239 1269 51
1252 1229 1283 1267 5.
1299 1215 1449 1256 nummi
1465 1214 1760 1270 explicationem
1777 1213 1855 1253 hoc
1873 1213 1996 1253 modo
2013 1211 2207 1268 aggress'us
2222 1212 2277 1253 est
2294 1228 2302 1253 :
2333 1227 2371 1254 c.

269 1291 296 1317 v
309 1292 324 1317 1
337 1293 358 1317 B
371 1291 387 1316 1
399 1291 424 1316 ο
458 1290 495 1316 Μ
508 1289 535 1316 A
550 1290 580 1316 R
591 1289 608 1316 s
619 1289 645 1315 o
678 1290 699 1315 P
714 1289 757 1315 R.
790 1290 813 1315 c
825 1289 852 1314 o
863 1289 892 1315 s.
923 1288 939 1314 1
950 1287 965 1314 1
978 1288 1005 1314 1.
1037 1287 1083 1314 M.
1107 1287 1156 1313 M.
1180 1287 1209 1313 1.
1233 1285 1271 1312 v.
1302 1285 1475 1312 nummus
1497 1270 1601 1323 apud
1614 1271 1808 1310 Patinum
1823 1296 1836 1316 ,
1865 1269 1973 1323 cujus
1992 1268 2056 1309 ille
2073 1277 2185 1309 notas
2200 1267 2376 1323 expedire

253 1332 302 1385 se
316 1331 469 1372 minime
477 1330 577 1386 poffi’
586 1330 787 1387 profitetur
800 1357 812 1377 ,
839 1345 904 1371 nos
911 1329 969 1381 fic
994 1331 1287 1383 interpretamur
1302 1355 1315 1374 ,
1343 1329 1436 1368 Caio
1453 1326 1566 1367 Vibio
1581 1325 1715 1378 Marso
1734 1324 1965 1376 Proconfide
1981 1323 2139 1364 tertium
2156 1324 2375 1378 Municipes
2410 1367 2412 1369 ,

265 1387 391 1442 Juliae
409 1388 606 1427 Valentiae.
643 1385 720 1427 Sed
739 1399 920 1426 nummus
937 1384 988 1425 ad
1007 1383 1270 1438 Municipium
1291 1381 1476 1424 Uticense
1490 1409 1503 1429 ,
1530 1392 1574 1423 ut
1590 1381 1663 1424 Vir
1679 1380 1923 1436 pereruditus
1940 1380 2101 1422 alterum
2119 1379 2268 1420 Tiberii
2285 1392 2378 1435 pag.

273 1456 363 1494 519.
386 1453 543 1487 revocat
554 1468 567 1489 ,
597 1446 636 1482 ὃ(
652 1456 733 1482 non
750 1441 801 1482 ad
818 1440 1028 1482 Coloniam
1042 1440 1260 1481 Valentiam
1271 1465 1284 1486 ,
1311 1439 1489 1493 pertinet.

323 1499 444 1539 Caius
464 1497 644 1538 Salustius
658 1497 790 1552 Justus
809 1497 1004 1537 Duumvir
1026 1497 1140 1537 etiam
1162 1496 1203 1535 in
1222 1494 1335 1536 tertio
1354 1494 1461 1536 Vibii
1483 1492 1601 1534 Marsi
1623 1492 1916 1534 Proconsulatus
1933 1505 2036 1532 anno
2054 1491 2297 1538 nominatur,
2324 1489 2380 1532 ita

268 1563 313 1594 ut
330 1564 405 1594 tres
426 1553 566 1594 eodem
587 1566 690 1593 anno
709 1552 946 1606 reperiantur
961 1572 973 1599 3
1001 1551 1068 1592 sed
1086 1565 1166 1591 uno
1186 1564 1234 1592 ex
1255 1550 1480 1591 Duumviris
1501 1560 1658 1590 mortuo
1675 1576 1687 1595 ,
1715 1549 1808 1589 alter
1826 1547 1896 1603 ipsi
1914 1547 2066 1588 videtur
2081 1546 2261 1587 suffectus
2276 1571 2289 1593 ,
2315 1544 2379 1587 vel

271 1623 352 1649 non
378 1608 483 1649 idem
507 1607 801 1649 Proconsulatus
825 1621 870 1648 ac
894 1607 1200 1648 Duumvirorum
1228 1606 1466 1662 magistratus
1489 1605 1641 1646 initium
1668 1604 1740 1646 fuit
1761 1620 1769 1644 :
1798 1604 2006 1644 Duumviri
2020 1604 2124 1644 enim
2143 1600 2273 1644 media
2288 1599 2381 1642 anni

271 1663 565 1704 Proconsulatus
586 1675 694 1717 parte
714 1663 1013 1703 Duumviratum
1039 1662 1246 1717 perficere;
1276 1665 1316 1701 &
1333 1662 1394 1701 alii
1413 1661 1494 1702 duo
1513 1660 1675 1701 alterum
1696 1659 1879 1714 perficere
1903 1669 2138 1713 potuerunt,
2165 1661 2205 1698 ὃ(
2222 1655 2273 1697 fic
2292 1669 2380 1697 non

272 1719 396 1760 modo
411 1719 600 1787 tres,xsed
618 1729 786 1815 {uatuor
802 1719 1006 1759 Duumviri
1023 1718 1248 1773 prodibunt.
1283 1717 1451 1770 Salustia
1465 1730 1584 1772 gens,
1614 1717 1637 1757 a
1654 1716 1729 1758 sale
1745 1715 1824 1759 five
1839 1716 1863 1756 a
1880 1715 1998 1757 salute
2018 1715 2198 1757 derivata.
2226 1711 2381 1766 Justus,

271 1789 493 1830 cognomen
511 1790 534 1815 a
550 1788 622 1829 pro
650 1786 752 1815 itate.

327 1852 411 1894 Hic
426 1866 600 1895 nummus
616 1853 813 1893 mediocris
832 1851 973 1893 moduli
984 1863 1055 1907 pro
1068 1866 1154 1892 raro
1172 1850 1380 1892 habendus.

1028 1953 1638 1996 INCERTA.

275 2524 301 2554 τ
315 2525 344 2552 1.
376 2524 400 2551 c
413 2524 440 2552 A
453 2524 477 2550 E
490 2522 509 2550 s
521 2523 550 2550 A
562 2523 607 2550 R.
640 2521 668 2548 A
682 2521 709 2548 v
722 2520 763 2548 G.
795 2519 833 2547 F.
869 2504 1003 2561 Caput
1017 2502 1168 2544 Tiberii
1176 2501 1255 2544 fine
1271 2501 1405 2544 laurea.

273 2561 276 2564 ⁴
329 2582 369 2608 L.
401 2580 444 2607 A.
476 2580 499 2606 F
515 2579 543 2605 A
556 2577 646 2612 vsa·
659 2576 728 2604 vs.
759 2577 799 2603 D.
829 2576 865 2602 c.
897 2576 921 2602 B
933 2576 960 2601 A
972 2574 1015 2602 ss
1027 2574 1092 2601 vs.
1122 2574 1138 2600 1
1151 2574 1179 2600 1.
1210 2573 1263 2600 vl
1276 2572 1319 2599 R.
1348 2574 1375 2600 ι)
1388 2573 1428 2599 D.
1460 2571 1482 2598 Ρ
1497 2570 1530 2598 Ρ.
1579 2555 1732 2597 Lucius
1755 2554 1951 2604 Antistius
1971 2553 2132 2607 Faustus
2147 2580 2161 2602 ,
2188 2553 2382 2597 Decimus

386 2621 564 2662 Caecilius
578 2619 718 2673 Baffus
732 2619 967 2660 Duumviri.
996 2616 1236 2657 ‘Decuriones
1243 2614 1408 2670 posuere.
1445 2614 1578 2654 Statua
1592 2611 1728 2653 sedens
1743 2623 1788 2652 ut
1801 2611 1924 2666 supra.

329 2699 582 2742 Uticensibus
597 2711 803 2740 nummum
818 2696 924 2737 hunc
939 2695 1104 2736 tribuere
1118 2693 1231 2734 nobis
1248 2707 1328 2733 non
1345 2692 1509 2747 placuit,
1538 2690 1606 2732 etfi
1624 2691 1757 2732 litterae
1777 2705 1802 2730 ι)
1816 2704 1854 2730 D.
1874 2703 1896 2729 P
1909 2703 1944 2730 P.
1961 2689 2001 2730 in
2017 2688 2088 2730 illis
2107 2687 2382 2737 exhibeantur,

276 2757 366 2799 cum
386 2756 466 2797 aliis
479 2755 657 2796 Coloniis
673 2753 882 2795 convenire
898 2751 1061 2806 possint,
1091 2754 1128 2790 δε
1145 2748 1272 2790 similis
1290 2749 1408 2788 Liviae
1427 2748 1548 2788 statua
1565 2747 1606 2787 in
1622 2745 1870 2801 sequentibus
1886 2745 2054 2786 nummis
2065 2744 2209 2800 signata
2221 2744 2266 2785 fit
2277 2771 2290 2792 ,
2317 2744 2386 2785 ad-

278 2813 329 2853 de
347 2811 459 2867 quod
479 2810 720 2852 Uticenfium
740 2807 950 2849 Duumviri
970 2806 1079 2848 fimul
1100 2819 1179 2847 non
1199 2804 1479 2845 renunciantur.
1523 2801 1589 2842 Ad
1607 2801 1821 2854 Antistium
1837 2811 1993 2856 gentem
2009 2800 2175 2854 priorem
2192 2799 2385 2841 Duumvi-

277 2882 364 2909 rum
383 2867 647 2908 revocavimus
666 2892 677 2910 ‚
703 2865 794 2905 licet
817 2864 1000 2918 pleraque
1023 2861 1249 2903 familiarum
1265 2860 1425 2898 nomina
1441 2871 1512 2911 per
1527 2857 1692 2898 litteram
1709 2870 1737 2896 A
1756 2856 1977 2896 inchoantia
1991 2883 2004 2902 ,
2033 2855 2083 2895 ad
2105 2855 2195 2894 alias
2213 2854 2384 2909 speetare

278 2938 361 2964 non
378 2936 563 2979 negemus
576 2949 588 2969 ,
615 2920 681 2961 sed
699 2920 741 2960 id
759 2919 870 2959 suasit
890 2919 1034 2959 Lucius
1052 2915 1239 2957 Antistius
1257 2913 1420 2953 Faustus
1435 2911 1542 2966 apud
1561 2911 1773 2952 Gruterum
1789 2911 1925 2952 citatus
1941 2924 1989 2951 ex
2009 2909 2084 2950 basi
2103 2909 2245 2950 Romae
2261 2922 2386 2958 eruta,

280 2994 368 3034 pag.
392 2992 483 3030 241.
523 2977 700 3018 Alterum
717 2976 812 3016 vero
828 2975 1090 3014 Duumvirum
1110 2970 1160 3013 ad
1178 2967 1372 3008 Caeciliam
1397 2966 1595 3008 retulimus
1613 2967 1746 3021 potius
1765 2967 1882 3021 quam
1903 2965 1954 3006 ad
1968 2965 2079 3006 aliam
2099 2977 2254 3019 gentem
2270 2978 2340 3020 per
2357 2980 2383 3008 c
2419 3006 2423 3008 .

280 3035 549 3088 incipientem,
577 3033 668 3086 quia
685 3030 748 3070 illa
765 3031 805 3070 in
822 3029 1004 3083 superiori
1015 3024 1259 3068 Uticenfium
1274 3037 1436 3064 nummo
1451 3022 1551 3064 inter
1559 3021 1798 3064 Duumviros
1812 3021 2036 3063 recensetur.
2064 3019 2224 3071 Faustus
2238 3034 2387 3077 cogno-

284 3103 372 3130 men
389 3101 431 3130 ut
448 3088 556 3130 Felix
571 3090 593 3128 a
610 3087 765 3128 fortuna
782 3084 930 3125 dietum
946 3084 1109 3125 videtur.
1147 3080 1341 3120 Decimus
1355 3090 1486 3120 autem
1503 3081 1525 3119 a
1540 3091 1716 3121 numero.

338 3166 420 3208 Hic
436 3181 608 3211 nummus
623 3167 787 3208 minimae
797 3164 933 3220 formae
950 3177 1017 3204 nec
1035 3175 1144 3203 rarus
1163 3173 1230 3201 nec
1249 3157 1383 3200 obvius
1398 3157 1457 3212 est.

286 3675 423 3730 Caput
435 3669 586 3712 Tiberii
603 3669 752 3711 nudum
769 3669 848 3711 sine
862 3669 1083 3726 epigraphe.
1826 3715 1833 3723 Ι

344 3745 380 3772 1³.
401 3744 429 3771 s.
453 3743 478 3770 s.
501 3742 536 3768 c.
569 3741 604 3766 c.
627 3740 689 3765 Lo
701 3741 726 3766 L
738 3741 763 3765 L
775 3739 803 3766 1.
833 3740 883 3766 M.
904 3740 966 3766 Do
979 3739 1029 3765 M.
1060 3739 1076 3764 1
1088 3738 1115 3764 1.
1141 3737 1168 3764 ν
1180 3737 1195 3764 ῐ
1207 3737 1247 3764 R.
1278 3720 1447 3776 ‘Poficere
1462 3716 1630 3772 Suffetes
1645 3715 1973 3771 Carthaginenses.
2001 3712 2301 3763 CaiusLollius,
2312 3714 2378 3756 M.

397 3784 605 3879 {Dimum
619 3780 860 3876 {mammas
873 3782 1004 3822 Statua
1019 3780 1137 3821 Liviae
1152 3779 1316 3822 sedentis
1331 3777 1464 3820 velatae
1475 3804 1488 3825 ‚
1515 3774 1653 3817 dextra
1667 3785 1858 3830 pateram,
1885 3771 1979 3812 laeva
1993 3769 2137 3811 hastam
2152 3783 2308 3824 puram,
2336 3781 2381 3817 ut

399 3854 441 3882 1n
473 3851 638 3893 upenori
666 3850 720 3876 us.
769 3870 781 3877 .

347 3919 522 3962 Alterum
544 3916 622 3969 jam
645 3927 847 3954 nummum
870 3913 937 3953 sub
961 3914 1011 3954 C.
1031 3912 1157 3954 Lollio
1183 3915 1222 3951 δε
1242 3912 1302 3951 Μ.
1322 3910 1500 3953 Domitio
1517 3907 1743 3950 Duumviris
1761 3904 1976 3961 perculsum
1992 3917 2081 3945 cum
2098 3903 2231 3945 iisdem
2245 3902 2381 3962 litteris

290 3989 326 4020 ι’.
345 3990 361 4018 s
374 3989 402 4017 s.
423 3990 456 4017 c.
481 3976 520 4013 δε
535 3971 732 4012 fimulacro
748 3969 912 4025 Augusti
927 3967 1038 4023 supra
1056 3967 1173 4008 basim
1192 3967 1312 4008 stante
1329 3992 1343 4013 ,
1370 3967 1470 4008 inter
1484 3966 1627 4007 incerta
1641 3962 1807 4018 Augusti
1825 3960 2050 4003 numismata
2066 3959 2287 4006 retulimus3
2313 3957 2379 4021 hie

2281 4025 2375 4054 vero
