2491 4219
675 137 1699 189 ELAGABALUS.
2110 163 2236 205 ‚93

140 728 204 760 :M
217 729 252 756 Ρ.
283 729 306 755 c
319 729 346 755 A
359 728 382 755 E
395 727 428 754 s.
461 727 507 753 M.
540 729 568 755 A
581 727 620 755 v.
652 727 679 754 A
695 727 725 753 N
736 728 760 755 r
772 728 798 754 o
810 727 840 755 N
852 729 867 755 1
880 729 910 755 N
923 729 949 755 v
962 729 994 755 s.
1031 729 1058 756 A
1073 730 1114 756 v.
1143 717 1275 770 Caput
1293 715 1483 771 Elagabali
1504 716 1724 758 laureatum.

196 787 221 812 r
234 785 259 811 Y
275 784 304 811 R
317 783 407 810 IoR
421 783 509 810 VM.
538 770 636 809 circa
653 771 839 810 ambitum
857 774 1013 811 nummi.
1045 775 1237 810 ΔΕΙΔςιΝ.
1266 772 1401 818 Dido,
1430 773 1469 811 iu
1488 773 1577 813 imo.
1604 774 1724 816 Dido
1754 772 1882 813 stolata
1908 773 2008 813 stans
2029 774 2145 829 cippo
2165 775 2234 814 inie>

246 825 388 882 posita,
416 824 547 865 dextra
574 824 803 878 scipionem,
831 826 924 866 laesra
951 826 1161 880 sceptrum,
1190 839 1279 868 ante
1305 841 1389 867 eam
1417 841 1528 881 porta
1558 829 1660 879 urbis
1690 828 1799 881 supra
1826 842 1944 882 quam
1974 829 2094 884 figura
2120 830 2234 870 virilis

246 880 517 922 construstioni
534 879 738 926 incumbit,
767 881 880 921 altera
897 895 971 935 pro
988 883 1150 936 pedibus
1166 883 1263 923 illius
1279 883 1408 938 ligone
1425 895 1561 923 terram
1579 884 1710 938 aperit.
1783 887 1787 890 ’

188 960 299 1016 Tyrii
313 959 508 999 Didonem
528 957 595 998 fibi
616 957 851 999 vindicantes
868 986 880 1005 ,
908 959 1009 999 illam
1027 961 1076 1000 'ad
1095 962 1359 1014 antiquitatem
1385 961 1487 1002 urbis
1507 961 1768 1002 denotandam
1785 990 1795 1009 ,
1825 962 1863 1001 in
1886 963 2052 1003 nummis
2072 962 2235 1016 Cartha-

160 1018 269 1059 inem-
289 1014 389 1054 illam
416 1013 694 1058 celeberrimam
721 1014 963 1055 olim-urbem
985 1015 1219 1056 condentem
1237 1018 1501 1058 exhibuerunt.
1541 1017 1651 1057 Dido
1673 1018 1752 1057 Beli
1772 1017 1999 1058 Phoenicum
2021 1019 2142 1073 Regis
2160 1017 2235 1057 filia

46 1098 70 1118 ,
166 1070 419 1128 ygmalionem
445 1067 598 1109 fratrem
625 1068 774 1124 fugiens
796 1097 807 1116 ,
835 1070 922 1123 post
937 1071 1056 1111 varias
1075 1073 1186 1111 maris
1203 1072 1526 1127 peregrinationes
1547 1073 1584 1112 in
1604 1072 1774 1113 Africam
1793 1073 1949 1113 tandem
1968 1074 2092 1114 delata
2109 1101 2120 1120 ,
2148 1085 2233 1114 tan-

48 1131 55 1163 1'
72 1126 83 1162 ’ἶ
134 1138 221 1176 ηιιῐῐι7
234 1125 300 1167 soli
315 1125 384 1165 fibi
399 1124 512 1172 emit,
542 1136 730 1180 quantum
747 1125 897 1166 taurino
913 1127 1020 1166 corio
1037 1122 1162 1181 p0ss⁴et
1178 1128 1433 1176 circumdare,
1461 1129 1569 1179 cujus
1586 1129 1759 1169 meminit
1776 1129 1884 1169 Silius
1899 1129 1962 1169 lib.
1987 1144 2018 1169 1.

51 1170 61 1184 '⁴
104 1180 107 1185 ’
558 1185 563 1190 ’
616 1181 712 1220 Tum
720 1182 844 1234 pretio
862 1190 1030 1221 mercata
1035 1182 1160 1235 solum
1179 1197 1280 1223 nova
1300 1185 1435 1224 moenia
1444 1185 1557 1238 ponit

608 1237 764 1290 Cingere
777 1234 965 1291 quasiste
977 1240 1192 1292 permiffum
1208 1238 1342 1278 littora
1359 1248 1479 1279 tauro.

57 1302 60 1310 ¹
122 1292 239 1340 ³Ci1m
261 1302 389 1332 autem
415 1291 475 1331 illa
498 1292 643 1332 corium
668 1293 707 1332 in
734 1291 964 1332 tenuissimas
982 1305 1108 1346 partes
1125 1293 1351 1334 dissec'uiffet
1367 1321 1379 1340 ,
1408 1294 1536 1334 locum
1555 1294 1640 1335 satis
1658 1294 1828 1349 amplum
1845 1295 2067 1349 complexa,
2097 1296 2232 1335 urbem

131 1348 325 1394 condidit,
341 1361 457 1402 quam
470 1347 743 1402 Carthaginem
761 1347 977 1401 appellavit.
1005 1348 1205 1403 Carthago
1221 1362 1350 1389 autem
1363 1349 1530 1395 Punice,
1549 1350 1748 1389 Carthada
1758 1351 1803 1389 id
1810 1351 1873 1402 est,
1895 1351 2054 1390 Kartha
2070 1350 2233 1397 hadtha,

45 1398 68 1441 ³1²>
129 1404 181 1450 de
200 1417 277 1459 qua
291 1403 441 1455 Solinus
450 1417 491 1442 ca
525 1436 530 1441 .
546 1417 605 1453 29.
636 1402 760 1455 Eltffa
778 1403 910 1443 mulier
925 1406 1104 1455 extrn'm't
1116 1431 1128 1450 ‚
1156 1401 1204 1448 ἄν
1218 1404 1459 1449 Carthadam
1475 1406 1602 1452 dixit,
1632 1405 1734 1460 qnod
1743 1406 1892 1445 Punico
1909 1420 1970 1445 ore
1985 1408 2164 1458 exprimit
2180 1408 2232 1445 ci-

58 1492 66 1499 ,,
129 1461 296 1500 vitatem
311 1472 457 1498 navam.
523 1458 598 1498 deo
620 1458 744 1498 Graeci
762 1460 782 1498 a
802 1459 959 1500 Cadmo
972 1461 1053 1513 jam
1069 1459 1266 1500 conditam
1285 1460 1419 1500 urbem
1442 1461 1605 1501 afferunt
1624 1476 1631 1499 :
1666 1461 1797 1514 itaque
1816 1461 1924 1500 Dido
1943 1475 2021 1500 non
2042 1474 2119 1502 tam
2140 1463 2236 1501 Car-

44 1507 69 1556 ¹¹4.
128 1514 324 1570 thaginem
341 1513 567 1560 condidiss'c,
598 1514 715 1566 quam
731 1514 968 1561 instaurasse,
997 1521 1036 1554 δε
1054 1517 1172 1568 Byrsa
1185 1518 1278 1554 'arce
1297 1516 1446 1568 adjecshi
1466 1517 1608 1556 auxisse
1625 1516 1785 1557 videtur.
1819 1516 1922 1557 Vide
1941 1517 2176 1558 Bochartum
2193 1519 2234 1557 in

52 1570 61 1611 ἐ
112 1570 277 1624 ·Geogr.
295 1569 361 1609 sac.
382 1581 476 1623 part.
499 1584 533 1609 2.
553 1583 634 1622 cap.
656 1582 716 1620 24.

183 1647 267 1693 liic
287 1660 458 1687 nummus
472 1647 768 1702 minorisformae
786 1649 888 1690 inter
907 1648 1151 1703 elegantiores
1167 1648 1407 1701 monendus.
2056 1634 2072 1653 ⁹

173 2213 203 2260 'tr
215 2211 240 2254 'Y
253 2209 286 2254 ιζ’
295 2223 312 2252 1
323 2223 349 2251 o
361 2223 392 2252 R
403 2222 432 2251 v
440 2221 490 2251 M.
518 2207 682 2264 Serpens
697 2208 894 2251 involutus
911 2209 1009 2251 circa
1024 2209 1194 2264 lapidem
1213 2220 1373 2251 ovatum
1393 2212 1670 2266 praegrandem.

154 2290 334 2337 ¹Nullum
361 2290 414 2332 est
438 2289 599 2331 dubium
617 2317 628 2336 ,
657 2290 751 2343 quin
771 2288 925 2342 serpens
944 2289 1006 2329 ille
1022 2288 1140 2343 lapidi
1156 2288 1353 2345 involutus
1374 2290 1425 2335 ad
1442 2301 1610 2332 veterem
1627 2291 1793 2346 aliquam
1810 2291 1907 2348 Tyri
1929 2291 2122 2338 historiam
2141 2297 2224 2353 spc-

113 2348 214 2397 ἃοε,
233 2361 320 2403 quae
339 2346 452 2387 nobis*
464 2344 736 2400 investiganda.
777 2344 872 2384 Duo
880 2343 1092 2398 Tyriorum
1106 2345 1276 2390 nummi,
1304 2344 1354 2385 de
1371 2346 1512 2400 quibus
1528 2345 1646 2394 infra,
1676 2349 1781 2402 prior
1796 2349 2006 2398 Gordiani,
2025 2353 2117 2394 alter
2128 2355 2221 2394 Gal-

113 2402 203 2449 lieni
218 2431 230 2451 ,
258 2403 456 2445 hominem
482 2400 586 2441 fimili
611 2400 704 2440 saxo
723 2412 910 2441 armatum
928 2411 1062 2441 contra
1077 2400 1246 2440 erestum
1267 2399 1481 2455 serpentem
1503 2401 1715 2451 exhibent,
1744 2404 1895 2446 videtur
1912 2420 2006 2462 ergo
2024 2406 2139 2449 draco
2156 2410 2218 2451 ille

112 2461 212 2505 circa
232 2458 398 2513 lapidem
419 2456 605 2511 ejusmodi
622 2456 817 2498 involutus
834 2482 846 2502 ,
875 2455 1048 2510 iu-ipfius
1065 2457 1168 2497 necis
1184 2457 1408 2498 memoriam
1427 2458 1449 2497 a
1467 2457 1597 2512 Tyriis
1614 2456 1839 2509 in‘nummis
1857 2461 2048 2516 signatus,
2078 2478 2217 2519 quem-
2242 2463 2247 2470 '

112 2515 327 2561 admodum
345 2514 431 2554 duae
446 2513 526 2552 aliae
542 2523 658 2566 petrae
678 2516 717 2552 δε
735 2512 888 2566 serpens
908 2512 1034 2553 arbori
1051 2512 1248 2554 involutus
1265 2514 1305 2553 in
1322 2528 1485 2556 nummo
1502 2514 1691 2556 Gordiani
1706 2515 1764 2556 Pii
1780 2517 1828 2558 ab
1844 2517 1931 2572 ipsis
1940 2519 2069 2572 Tyriis
2086 2522 2219 2563 cst—lan-

115 2581 202 2616 tur,
229 2569 339 2621 cujus
361 2567 551 2608 historiam
570 2568 766 2608 Tristanus
783 2578 873 2607 tom.
900 2581 931 2607 1.
949 2581 1033 2623 pag.
1051 2581 1142 2621 491.
1169 2569 1282 2610 nobis
1301 2569 1451 2611 erudite
1469 2570 1736 2613 &luculenter
1751 2581 1798 2613 ex
1819 2573 1859 2613 N
1864 2575 1956 2614 onni
1976 2575 2215 2630 Dionyfiacis

113 2625 220 2669 eruit.
256 2623 333 2665 Sed
355 2624 442 2677 quis
457 2623 518 2664 ille
538 2622 660 2663 homo
678 2623 892 2677 serpentem
907 2623 960 2664 ita
976 2624 1174 2679 ingentem
1190 2625 1332 2667 occidit
1348 2645 1360 2672 ς
1388 2622 1416 2666 fi
1435 2623 1528 2666 mihi
1545 2626 1776 2680 conjeewrae
1798 2628 1905 2670 locus
1924 2657 1934 2675 ‚
1966 2631 2139 2672 Cadmus
2158 2634 2215 2673 cst

43 2710 48 2714 .
111 2681 282 2733 Europae
299 2677 430 2719 frater:
460 2691 502 2720 ut
517 2690 646 2718 autem
667 2679 726 2719 illa
743 2679 780 2718 in
791 2679 957 2719 Sidoniis
976 2681 1142 2720 nummis
1158 2681 1179 2719 a
1198 2691 1307 2720 tauro
1324 2692 1432 2734 rapta
1451 2681 1615 2722 habetur
1631 2709 1643 2728 ,
1672 2683 1722 2723 ita
1741 2684 1936 2725 Cadmum
1953 2686 2062 2738 Tyrii
2080 2701 2214 2741 reprae-

112 2735 305 2789 sentarunt
321 2754 332 2779 ·,
359 2733 492 2774 ambos
510 2734 612 2775 enim
627 2734 756 2788 Tyrus
773 2737 812 2773 &
828 2733 950 2775 Sidon
971 2734 1038 2775 fibi
1059 2734 1275 2778 vendicant.
1313 2736 1511 2777 Cadmum
1527 2736 1616 2778 saxo
1633 2738 1841 2781 draconem
1856 2741 2083 2782 interemisse
2100 2743 2214 2785 tradit

110 2790 283 2838 Nonnus
301 2789 538 2844 Dionys'lib.
557 2803 592 2843 5.

444 2873 450 2879 -
1085 2844 1197 2892 ι’θνπίρῳ
1222 2845 1243 2892 ’3

627 2902 716 2940 Aa&
730 2892 929 2941 sequar-refoto
943 2894 1086 2941 καρήατος
1102 2895 1218 2930 ’ἔθλασε
1235 2896 1343 2941 πέτξῳ.

1021 2943 1231 2997 reft'igrado
1251 2944 1341 2984 verb

628 2999 894 3039 Summitatem
910 2998 1082 3039 draconez
1101 3000 1240 3053 capitis
1244 2999 1374 3054 fregit
1378 3001 1490 3050 saxo,

10 3079 17 3098 2
107 3052 168 3095 Ita
186 3050 313 3106 sakum
332 3053 395 3094 cui
414 3053 564 3108 serpens
580 3054 795 3102 involutus,
823 3055 863 3095 in
871 3054 1083 3108 Tyriorum
1099 3055 1267 3095 nummis
1283 3055 1323 3095 in
1338 3056 1566 3098 memoriam
1576 3058 1720 3100 Cadmi
1736 3058 1887 3101 videtur
1902 3060 2136 3115 percussum,
2154 3062 2204 3104 de

17 3110 27 3125 ³
108 3121 193 3169 quo
209 3107 314 3161 plura
332 3108 369 3147 in
387 3108 577 3150 Gordiani
594 3114 634 3152 δε
651 3110 816 3152 Gallieni
831 3111 1009 3151 nummis.
1517 3128 1525 3130 ’·

15 3164 66 3234 ‘⁹7
103 3240 123 3260 a
141 3185 243 3255 'Hic
259 3199 429 3228 nummus
431 3186 610 3239 secundae
626 3189 903 3246 magnitudinis
917 3190 1019 3229 inter
1037 3187 1280 3242 elegantiores
1298 3190 1555 3234 numerandus.

121 3720 130 3729 ·
155 3715 657 3762 TYR1onM.Oleast1-i
682 3729 807 3760 ramus
832 3719 873 3759 in
897 3718 982 3760 vase
1008 3719 1072 3761 seu
1098 3731 1213 3769 urna,
1239 3723 1280 3764 in
1304 3722 1380 3778 qua
1404 3721 1584 3778 scriptum
1614 3737 1641 3766 u
1656 3737 1716 3765 ΡΛ
1730 3737 1756 3766 1<
1771 3738 1796 3764 A
1809 3736 1866 3769 rA
1905 3739 1932 3766 o
1948 3738 1972 3764 A
1986 3711 2091 3767 risu
2106 3739 2119 3765 ι
2137 3715 2179 3766 A.

208 3770 393 3814 Heraclia
410 3773 592 3827 Olympia.

152 3848 263 3903 Qin
286 3849 470 3912 adtlutlos
495 3852 682 3905 pertineat
708 3866 774 3895 vas
791 3866 879 3896 cum
899 3869 1006 3896 ramo
1017 3882 1030 3903 ‚
1057 3870 1176 3898 nemo
1198 3856 1315 3900 nestit
1332 3878 1343 3905 ;
1371 3856 1436 3899 sed
1452 3873 1506 3904 an*
1517 3858 1726 3915 epigraphe
1742 3875 1771 3901 Η
1782 3873 1802 3899 1’
1816 3873 1842 3900 A
1855 3873 1879 3899 1<
1893 3872 1918 3898 A
1932 3873 1946 3898 1
1961 3873 1985 3899 A
2018 3874 2044 3899 o
2056 3873 2081 3898 A
2094 3872 2181 3901 ΥΜ-

14 3912 47 3980 ἐξ..
91 3914 153 3958 πΙ
165 3918 194 3953 Δ
205 3930 219 3954 2
245 3905 329 3948 duo
340 3906 403 3951 illa
419 3918 550 3963 arguat
565 3909 793 3968 certamina,
816 3912 860 3954 in·
879 3912 1056 3956 Herculis
1072 3914 1296 3958 memoriam
1311 3914 1412 4013 dicht?
1430 3929 1458 3955 u
1469 3930 1491 3955 P
1505 3930 1533 3956 A
1546 3930 1573 3957 1<
1587 3929 1614 3956 A
1626 3930 1642 3957 1
1655 3930 1682 3957 A
1694 3943 1706 3965 ,
1733 3915 1815 3957 haec
1831 3916 1870 3956 in
1887 3915 1990 3969 Jovis
2006 3914 2179 4009 ΟΙῖιτιρίὶ

16 3979 20 3987 “
38 3986 52 3995 «ν
248 3982 250 3987 ·
266 3977 272 3983 ·
1434 3984 1455 4028 3
2076 3983 2190 4010 Iono-
