2491 4219
238 180 301 223 aa
878 164 937 209 M
1008 160 1049 209 A
1104 164 1164 207 ἐ
1223 149 1280 211 ’τι
1346 164 1367 210 1
1422 163 1487 211 N
1560 162 1603 212 υ
1660 162 1717 207 ³3.

1053 277 1088 317 e
1143 277 1181 316 o
1232 259 1356 316 ἰτ-ω
1413 277 1454 318 L
1510 277 1557 318 cs.

246 815 282 842 1.
311 816 339 841 o
354 816 390 843 Ρ.
420 815 439 842 s
453 816 477 842 E
490 816 531 842 v.
560 815 598 841 M
613 815 639 841 A
654 816 677 842 c
689 816 719 842 R
731 815 746 841 1
758 815 784 841 N
799 814 826 841 v
840 814 859 840 s
895 813 921 839 A
936 814 962 837 v
976 814 1016 841 G.
1047 800 1181 855 Caput
1198 801 1366 840 Macrini
1385 800 1607 842 laureatum.

308 871 339 897 A
352 872 375 897 n
387 872 425 898 L.
458 872 495 898 M
508 872 534 898 v
547 871 577 896 N
590 871 605 897 1
617 872 650 897 c.
683 872 707 898 c
719 872 745 897 o
759 871 774 897 1
788 872 824 897 1..
845 857 884 896 in
901 855 980 896 aliis
998 871 1020 896 c
1031 859 1057 895 o
1070 870 1105 895 M
1120 871 1166 895 M.
1198 855 1385 902 &Elium
1401 856 1659 912 Municipium
1680 855 1801 898 Coillu
1809 883 1822 905 ,
1849 856 1910 898 vel
1927 855 2185 901 Coillatanum
2197 859 2365 903 Commo-

361 913 529 954 dianum.
559 912 731 953 Dimidia
745 912 871 958 navis,
899 912 1144 966 cornucopiae
1160 911 1331 965 desuper.

304 991 438 1032 Coillu
457 991 546 1031 urbs
565 994 604 1030 ὅτ
620 991 884 1045 Municipium
901 989 1104 1030 Numidia:
1112 1017 1124 1036 ,
1154 989 1204 1031 de
1219 1004 1303 1045 quo
1318 988 1463 1031 dierum
1479 990 1534 1031 est
1550 991 1589 1031 in
1610 991 1814 1032 Antonino
1833 989 1925 1038 Pio,
1955 992 2204 1040 Commodo,
2234 995 2272 1034 ὃς
2288 995 2368 1036 Ca-

242 1046 387 1087 racalla
398 1075 410 1094 ,
440 1047 620 1087 Macrino
636 1046 864 1101 Imperatori
881 1045 1068 1086 Africano
1087 1046 1301 1101 gratulans,
1331 1060 1512 1087 nummos
1528 1046 1692 1088 dedicat.
1732 1047 1853 1087 Hunc
1872 1048 1912 1086 in
1930 1048 2100 1089 Africam
2117 1050 2367 1092 amandatum

253 1114 380 1143 inari-at
398 1103 656 1156 Capitolinus.
685 1104 732 1143 A
747 1102 886 1142 Severo
904 1109 1086 1142 remotum
1100 1103 1218 1142 etiam
1237 1101 1261 1141 a
1285 1102 1503 1154 mistorrimis
1523 1101 1679 1153 offi'ciis,
1707 1103 1984 1158 relegatumque
2008 1106 2049 1144 in
2072 1105 2275 1157 Africam,
2301 1107 2369 1146 ubi

252 1168 300 1198 nt
316 1157 519 1211 infamiam
535 1158 791 1199 damnationis
804 1166 966 1212 tegeret,
992 1157 1148 1197 leii'iom'
1162 1169 1308 1210 operam
1324 1158 1479 1212 dedtffl’,
1505 1158 1615 1213 egiſj}
1628 1158 1802 1212 causulas
1811 1184 1822 1204 ,
1851 1158 2090 1212 ίίεείαφηαβὶ),
2106 1161 2180 1214 jus
2187 1161 2367 1214 postremi>

253 1213 403 1266 dedilse.
438 1213 544 1262 Urbs
561 1213 771 1253 Macriana
787 1213 827 1252 in
850 1213 1085 1253 Mauritania
1101 1213 1287 1259 Sitifenfi‚
1314 1227 1362 1253 ex
1380 1227 1458 1268 qua
1478 1226 1590 1254 natus
1609 1226 1707 1261 erat,
1736 1215 1776 1253 in
1791 1213 1891 1254 illius
1913 1215 2027 1256 etiam
2051 1215 2243 1256 honorem
2269 1216 2370 1258 dieta

249 1269 410 1310 ‘videtur
428 1289 440 1316 3
469 1268 828 1321 ejus‘meminerunt
844 1267 1009 1309 Notitiae
1026 1267 1188 1316 Africae,
1216 1269 1281 1309 ubi
1296 1268 1514 1310 Restitutus
1530 1269 1806 1311 Macrianenfis
1823 1269 1980 1325 legitur,
2008 1270 2165 1324 hucque
2180 1273 2373 1326 pertinere

255 1336 369 1379 putat
395 1325 520 1365 Lucas
551 1325 779 1365 Holstenius
804 1327 950 1365 Annot.
981 1324 1032 1364 de
1059 1324 1262 1365 Patriarch.
1290 1324 1410 1367 Rom.
1450 1325 1645 1366 Silvanum
1685 1325 1989 1366 Macrianensem
2027 1327 2067 1366 in
2097 1326 2198 1368 Con.
2232 1327 2369 1368 Carth.
2414 1349 2417 1351 >

255 1380 470 1421 Coillutani
499 1379 698 1421 dimidiam
726 1380 886 1427 navem,
915 1380 965 1421 ad
990 1379 1103 1420 fitam
1129 1380 1233 1421 urbis
1255 1380 1529 1427 indicandum,
1560 1381 1752 1436 signarunt
1773 1397 1780 1421 :
1810 1382 2055 1436 cornucopiae
2077 1383 2171 1423 vero
2193 1383 2243 1424 ad
2261 1383 2373 1424 uber-

258 1448 379 1477 tatem
396 1450 523 1476 rerum
540 1438 716 1477 omnium
736 1437 775 1476 in
794 1437 1016 1490 Municipio
1033 1435 1268 1490 arguendam
1280 1463 1292 1482 ,
1322 1437 1386 1477 cui
1400 1436 1649 1490 adstipulatur
1665 1437 1859 1478 Lucianus
1877 1437 1917 1476 in
1933 1437 2097 1478 Rhetor.
2120 1438 2236 1479 Praec.
2267 1441 2306 1477 τὸ
2319 1447 2370 1481 τῆς

258 1496 442 1542 Apamestini
457 1501 551 1542 ’.ἐΰς
566 1497 661 1543 ἔχευα
677 1500 707 1546 ‹3¹1›
722 1501 759 1543 τῇ
775 1498 865 1540 δεξιᾷ
880 1523 888 1534 ,
915 1499 1044 1531 marum
1059 1505 1172 1544 κιιςπυῑς
1186 1495 1372 1541 ςπερξρόρν.
1399 1492 1567 1531 ‘Dextra
1583 1501 1714 1532 tenens
1732 1492 1948 1534 Amalthea
1961 1506 2074 1533 cornu
2075 1493 2278 1547 fruc‘iibus
2281 1493 2375 1546 sia-

256 1558 344 1590 tens
358 1549 583 1601 omnifariis.
613 1544 844 1589 Numidiam
862 1549 912 1589 ita
930 1548 1093 1589 fertilem
1109 1547 1314 1588 reddidisse
1333 1546 1582 1588 Massiniffiim
1596 1547 1734 1588 alicubi
1747 1546 1921 1589 diximus.
2179 1595 2183 1604 1

256 1637 260 1645 ,
315 1605 426 1645 Cave
436 1604 493 1644 ‘ne
511 1618 714 1644 nummum
731 1605 780 1644 ad
797 1604 983 1650 QAEliam
1001 1604 1259 1658 Capitolinam
1274 1618 1363 1644 cum
1381 1604 1454 1658 Eq.
1475 1603 1614 1644 Patino
1635 1618 1720 1659 pag.
1751 1617 1842 1658 323.
1867 1608 1906 1644 &
1925 1602 1966 1643 P.
1984 1601 2193 1646 Harduino
2209 1600 2298 1661 τΡὲιὲ.
2315 1618 2375 1659 13.

261 1675 308 1701 ac
325 1674 374 1700 ne
392 1674 481 1701 cum
497 1661 616 1700 Com.
635 1660 900 1700 Mediobarbo
923 1672 1015 1713 307.
1032 1659 1083 1699 ad
1103 1658 1358 1709 Municipium
1377 1658 1551 1712 Fanestre
1569 1659 1609 1698 in
1635 1659 1821 1714 Hispania
1845 1659 1979 1700 frustra
1995 1659 2265 1709 constitutum,
2294 1661 2376 1702 imo

263 1730 315 1757 ne
331 1715 489 1756 tandem
505 1730 595 1756 cum
611 1716 776 1770 ipsomet
789 1715 830 1756 P.
851 1715 1061 1755 Harduino
1081 1729 1171 1770 pag.
1195 1729 1283 1755 110.
1299 1714 1356 1755 *ad
1375 1715 1533 1755 Coelium
1550 1714 1737 1755 Calabria
1753 1717 1888 1755 urbem
1903 1728 2071 1755 revoces.

319 1794 403 1835 ,Hic
421 1807 595 1835 nummus
610 1795 758 1835 minimi
772 1793 914 1835 moduli
921 1821 934 1842 ,
963 1793 988 1834 a
1007 1794 1257 1849 Patinopag.
1280 1807 1371 1848 3²2·
1394 1792 1600 1848 umigatus,
1628 1797 1729 1835 inter
1743 1808 1846 1835 raros
1869 1793 2108 1849 reponendus.

1001 1874 1053 1921 D
1109 1872 1151 1921 Ε
1207 1880 1251 1921 U
1301 1880 1341 1922 L
1397 1868 1438 1922 T
1488 1872 1534 1920 'U
1582 1879 1641 1922 M.

271 2453 289 2480 1
301 2452 336 2479 M
347 2452 382 2479 P.
415 2450 463 2478 M.
495 2450 522 2477 o
534 2450 556 2476 P
568 2450 591 2476 E
604 2450 643 2477 L.
675 2431 713 2475 ivr
725 2448 753 2474 A
767 2447 790 2475 c
802 2447 833 2474 R
845 2447 860 2473 1
872 2445 903 2473 N
916 2444 941 2474 v
954 2445 974 2472 s
1009 2427 1036 2472 'A
1050 2446 1077 2473 v
1090 2414 1131 2473 G..
1160 2429 1296 2487 Caput
1312 2431 1479 2473 Macrini
1493 2425 1712 2473 laureatum.

326 2509 351 2535 c
362 2509 388 2534 o
398 2509 434 2534 L.
467 2507 491 2533 12
506 2508 544 2533 L.
576 2507 597 2532 P
611 2506 639 2532 A
654 2506 687 2532 c.
717 2506 744 2530 D
756 2505 780 2530 E
793 2503 820 2530 v
832 2505 858 2530 L
870 2503 909 2529 r.
940 2487 1098 2529 Colonia
1118 2487 1261 2528 Flavia
1277 2488 1459 2540 Pacensts
1475 2489 1681 2530 Deultum.
1711 2484 1888 2528 Bacchus
1915 2484 2037 2534 stans,
2066 2485 2200 2527 dextra
2227 2485 2382 2529 cantha‹

385 2563 470 2590 rum
480 2576 491 2597 ‚
521 2549 615 2588 laeva
638 2546 810 2601 thyrsum
821 2573 834 2594 ,
861 2559 934 2600 pro
950 2544 1116 2600 pedibus
1136 2544 1336 2599 panthera.

328 2629 540 2674 Deultum,
566 2626 657 2667 urbs
683 2626 740 2666 est
763 2625 960 2670 Thraciae‚
989 2623 1160 2664 Colonia
1180 2623 1202 2664 ὲ
1227 2621 1465 2677 Vespasiano
1487 2622 1677 2670 dedueh,
1704 2635 1792 2676 qua:
1819 2634 1900 2661 non
1925 2631 2003 2661 tam
2024 2619 2108 2661 laeta
2127 2619 2294 2662 Macrini
2312 2620 2387 2670 ele-

271 2686 422 2730 ξῇοηε,
451 2685 571 2738 quam
592 2681 797 2722 Caracalla:
814 2681 990 2726 interitu,
1020 2694 1126 2720 novo
1148 2691 1277 2720 tamen
1297 2679 1525 2732 Imperatori
1551 2678 1745 2719 dedicavit
1774 2690 1955 2717 nummos
1983 2692 1991 2716 ε
2020 2676 2085 2716 sed
2113 2677 2202 2717 etim
2230 2676 2385 2734 plurimi

273 2752 477 2782 occurrant
493 2740 541 2780 ab
561 2738 697 2779 eadem
715 2738 809 2778 urbe
828 2736 927 2783 cufi,
956 2735 1186 2776 beneficium
1210 2733 1412 2789 quoddam
1425 2761 1436 2781 ,
1463 2734 1524 2775 vel
1544 2748 1692 2775 novum
1714 2733 1925 2774 Provinciae
1954 2731 2188 2778 Rectorem,
2214 2731 2316 2772 illam
2335 2733 2386 2784 ab

274 2810 325 2838 eo
345 2795 530 2848 accepisse
546 2793 745 2834 verisimile
762 2792 924 2833 videtur.
956 2791 1131 2831 Bacchus
1148 2791 1188 2830 in
1209 2804 1372 2831 nummo
1389 2790 1524 2831 Deulti
1541 2789 1730 2846 signatus,
1757 2787 1874 2842 ipsius
1898 2785 2044 2827 cultum
2061 2788 2100 2826 in
2121 2786 2194 2827 hac
2213 2788 2309 2828 urbe
2327 2788 2386 2837 inf

273 2853 397 2898 dicat,
426 2850 528 2892 forte
547 2850 600 2890 ob
618 2849 752 2890 vitium
768 2849 808 2888 in
828 2847 925 2887 illius
943 2862 1037 2902 agro
1053 2846 1337 2887 abundantiam.
1367 2845 1580 2887 Athenaeus
1596 2846 1699 2886 enim
1713 2844 1921 2884 Thraciam
1939 2842 1990 2883 ob
2006 2842 2140 2882 vinum
2157 2842 2388 2886 celebratam

277 2918 404 2949 narrat
423 2906 446 2945 i.
479 2921 512 2946 1.
530 2921 562 2946 C.
595 2918 656 2956 24.
676 2919 714 2958 p.
736 2919 755 2958 3
767 2918 800 2944 I.
832 2911 968 2943 Εσηε-ικῶς
984 2906 1002 2952 ὃ
1018 2909 1034 2947 ἡ
1053 2905 1163 2952 Θρᾴκη
1181 2903 1360 2951 ἐθαυμάζετο
1376 2907 1414 2941 αἶς
1428 2905 1590 2946 ἡδ’ύοινιὲψ,
1616 2906 1640 2954 ἢ,
1659 2902 1787 2939 ο-ιωόλως
1801 2902 1839 2936 τοὶ
1856 2905 1978 2941 πλησίον
1994 2905 2088 2938 οἰυτῆς
2105 2900 2226 2949 χωώα.
2263 2898 2388 2940 Thra-

276 2966 346 3003 ciae
363 2961 514 3017 quidem
530 2961 576 3000 ob
595 2962 682 3000 vini
701 2959 802 3015 quod
802 2958 890 3013 fert
902 2959 1184 3013 praestantiam‚
1211 2972 1258 2997 ac
1284 2959 1498 2998 vicinorum
1518 2958 1581 3011 ipfi
1605 2958 1765 2998 locorum
1784 2971 1923 3012 magna
1928 2955 2019 3010 fiiit
2036 2955 2245 2995 celebritas.
2283 2955 2390 3000 Can,-

279 3020 434 3059 tharum
451 3017 581 3072 poculi
598 3028 719 3071 genus
739 3015 836 3071 gerit
853 3014 1050 3060 Bacchus⁹
1079 3013 1130 3053 de
1150 3026 1233 3066 quo
1248 3011 1352 3052 idem
1365 3012 1578 3053 Athenaeus
1593 3013 1657 3052 lib.
1673 3026 1687 3050 1
1699 3027 1730 3052 1.
1741 3027 1822 3066 cap.
1835 3019 1868 3053 6.
1901 3014 2013 3050 Ἑκατὸν
2028 3015 2055 3049 ¹1³
2071 3016 2188 3060 ἦμέςφς
2202 3013 2318 3054 {amer
2331 3016 2389 3050 oi'va

278 3079 435 3123 zmsffiu‘m.
464 3075 625 3113 Centum
641 3070 809 3110 interdiu
829 3071 916 3109 vini
931 3069 1137 3110 cantharos
1153 3067 1299 3119 absumi
1317 3067 1603 3119 lactjymabatur.
1633 3067 1807 3121 Thyrsus
1825 3068 1878 3107 est
1898 3067 2002 3108 hasta
2029 3067 2219 3114 aculeata,
2246 3065 2390 3108 hedera

281 3132 455 3176 obtecta,
485 3142 602 3182 quam
623 3127 662 3166 in
683 3126 780 3180 bigis
801 3125 962 3165 Bacchae
985 3124 1218 3179 quatiebant.
1247 3122 1438 3163 Panthera
1460 3122 1615 3163 Baccho
1637 3136 1769 3163 comes
1786 3122 1961 3169 additur,
1990 3121 2043 3162 ob
2063 3123 2197 3162 vinum
2221 3120 2389 3175 quo-de-

281 3186 439 3225 leuatur
456 3205 468 3231 3
496 3183 563 3225 sed
581 3182 804 3223 Phornutus
823 3180 873 3221 de
890 3180 986 3220 Nat.
1009 3180 1127 3220 Deor.
1145 3179 1272 3233 inquit
1288 3178 1388 3219 hanc
1409 3178 1500 3220 Deo
1516 3178 1748 3221 Pantheram
1765 3178 1961 3226 adsistere,
1988 3177 2039 3220 ad
2065 3177 2316 3219 indicandum
2333 3175 2388 3218 as-

284 3242 470 3294 perrimos
489 3239 604 3280 etiam
622 3251 750 3278 mores
770 3248 986 3291 temperato
1003 3236 1081 3284 vini
1101 3234 1169 3275 usu
1183 3233 1454 3276 mansuescere.
1509 3287 1512 3290 Δ
2297 3241 2300 3245 ’

340 3318 422 3358 Hic
436 3331 608 3359 nummus
611 3314 794 3369 fi’cundae
810 3314 1088 3370 magnitudinis
1103 3323 1214 3357 rarus
1228 3311 1292 3365 est.
1342 3342 1351 3345 --

298 3842 488 3869 IMR-M.
519 3841 664 3868 orm„
697 3840 801 3867 sav,
830 3841 1132 3869 MACRINVS.
1164 3841 1200 3868 P.
1231 3841 1312 3869 Av.
1342 3826 1476 3882 Caput
1496 3824 1663 3870 Macrini
1679 3821 1882 3864 radiatum.

351 3899 376 3925 c
388 3897 413 3922 o
426 3898 464 3923 L.
495 3898 517 3924 F
530 3895 569 3923 1..
601 3897 622 3922 1>
636 3897 663 3922 A
677 3898 712 3923 c.
743 3897 770 3921 D
783 3896 806 3921 Ε
818 3897 844 3922 ν
858 3898 882 3923 L
893 3897 931 3923 T.
961 3884 1117 3924 Colonia
1133 3882 1275 3924 Pla-via
1291 3882 1472 3937 Pacenfis
1489 3880 1692 3922 Deultum.
1735 3880 1882 3922 Silenus
1906 3877 2080 3924 dextram
2095 3880 2294 3931 attollens,
2321 3878 2394 3922 huss

406 3952 514 3980 mero
532 3939 676 3980 finistro
694 3950 818 3979 utrem
833 3937 1022 3980 hircinum
1041 3939 1150 3992 gerit.
2327 3985 2400 4029 Nil
