2491 4219
855 96 903 146 U
939 102 973 146 L
1010 103 1030 147 Ῑ
1065 97 1107 147 Α
1212 98 1267 150 Μ
1304 102 1346 150 Α
1381 105 1437 152 Μ
1473 102 1528 151 AE
1563 105 1618 150 A.
2168 121 2184 152 1
2238 127 2254 153 1
2292 141 2297 147 .

167 163 209 207 in
232 162 465 216 Alexandro.
494 163 592 220 Egit
606 165 730 206 omnia
746 99 956 211 echonfflio
972 169 1114 206 matris.
1145 168 1270 210 Diana
1288 171 1431 224 fignata
1452 172 1506 210 est
1523 171 1562 210 in
1577 171 1654 210 hoc
1671 183 1853 217 nummo,
1883 171 1988 212 ficuti
2005 127 2223 227 depingitui
2238 175 2260 213 a

167 219 349 261 Minucio
363 219 402 259 in
419 219 557 260 Oelav.
577 235 663 274 pag.
687 235 700 260 1
711 223 771 270 87.
799 220 943 260 ‘Diana
958 224 1111 261 interim
1127 224 1176 271 cst
1195 224 1273 263 alte'
1281 226 1481 277 suc-einch
1498 228 1693 265 venatrix.
1722 226 1790 264 Illa
1806 225 1859 265 sui
1874 227 2017 267 cultum
2036 228 2074 266 in
2092 229 2260 273 Colonia.

165 274 360 315 Deultana
380 273 559 321 denotat,
589 274 654 314 sed
674 274 798 315 forsan
814 275 854 315 in
875 275 993 315 filii&
1009 278 1136 317 matris
1154 281 1321 319 nummis
1339 280 1480 334 figmata
1496 281 1570 325 est,
1600 280 1708 333 quod
1735 281 1938 321 venatione
1962 282 2077 320 ambo
2094 283 2256 322 delecta-

164 341 307 370 rentur.
349 329 412 368 De
438 329 657 369 Alexandro
682 330 838 382 quidem
863 330 1116 383 Lampridius.
1155 333 1198 372 Si
1212 334 1255 373 id
1269 348 1342 374 non
1349 343 1525 388 poterat,
1542 346 1615 388 pro
1631 334 1702 374 loci
1717 336 1906 387 qualitate
1923 335 1991 375 vel
2007 336 2257 387 vefi‘abatur,

164 384 233 425 vel
236 383 458 437 pilhabatur
467 411 479 429 ,
506 384 575 423 vel
585 384 874 427 deambulabat,
901 387 969 426 vel
978 387 1202 426 venabatur.

215 461 301 503 Hic
314 475 484 504 nummus
491 460 672 514 ficundae
687 463 962 518 magnitudinis
971 475 1041 519 pro
1060 478 1145 504 raro
1159 473 1388 506 numeratur.

206 1038 318 1074 cor..
349 1047 420 1073 FL.
450 1045 472 1071 P
487 1045 559 1071 Ac.
589 1035 728 1071 Davi,
743 1044 780 1070 Τ.
811 1031 964 1072 Colonia
989 1030 1131 1072 Flavia
1160 1033 1340 1085 Pacensts
1365 1034 1585 1076 Deultana.
1623 1034 1795 1077 Fortuna
1823 1035 1943 1082 stans,
1971 1033 2103 1077 dextra
2127 1033 2252 1086 temo}

262 1102 372 1135 nem,
394 1088 492 1127 >laeva
512 1087 764 1140 cornucopiae.
1976 1092 1980 1096 ·
2256 1110 2258 1114 .

145 1179 148 1182 ·
202 1166 283 1208 Hic
299 1167 480 1206 Fortunat
497 1177 610 1219 typus
627 1166 667 1205 in
685 1165 892 1205 Alexandri
908 1167 1075 1206 nummis
1097 1165 1172 1212 iam
1190 1166 1211 1206 a
1233 1167 1434 1208 Deultanis
1454 1168 1647 1223 percuss‘us
1663 1170 1738 1216 est,
1766 1170 1828 1210 seu
1847 1169 1956 1224 quod
1972 1169 2065 1212 esset
2083 1167 2161 1210 hoc
2178 1170 2251 1209 nuel

147 1228 237 1263 inen
258 1223 305 1261 ab
322 1223 366 1261 iis
383 1221 548 1266 cultum,
579 1221 642 1260 seu
664 1220 772 1273 quod
793 1221 958 1260 Mamaea
976 1236 1049 1274 pro
1070 1222 1202 1262 Genio
1220 1222 1397 1262 Coloniae
1420 1223 1623 1265 haberetur
1641 1245 1653 1271 3
1688 1229 1726 1264 ὃς
1745 1224 1796 1265 fic
1814 1226 1976 1281 Augusti
1996 1238 2143 1274 mater,
2163 1237 2250 1266 tan-

146 1292 265 1331 quam
285 1276 450 1318 tutelaris
466 1277 567 1316 urbis
585 1277 657 1316 suae
674 1276 781 1322 Dea,
808 1276 848 1316 in
864 1276 1109 1330 Imperatoris
1125 1278 1293 1317 nummis
1310 1291 1421 1331 aeque
1443 1294 1487 1318 ac
1505 1280 1545 1318 in
1570 1280 1660 1327 suis,
1689 1279 2014 1335 repraesentaretur
2043 1296 2052 1322 t
2080 1281 2248 1322 Alexan-³

145 1334 215 1374 der
231 1334 332 1373 enim
352 1333 480 1372 matris
495 1331 657 1372 confilio
673 1331 864 1371 nihilnon
881 1333 1058 1386 regebat,
1086 1333 1137 1372 ita
1157 1344 1199 1371 ut
1214 1332 1292 1385 ip'sa
1310 1346 1441 1386 parem
1458 1348 1546 1374 cum
1567 1349 1617 1374 eo
1633 1337 1844 1389 potentiam
1868 1336 2036 1376 haberet.
2084 1336 2148 1375 De
2163 1343 2246 1392 quo

143 1388 386 1441 Lamprldius
402 1387 441 1426 in
462 1387 666 1426 Alexandri
689 1387 773 1427 vita.
814 1387 873 1426 Et
893 1388 978 1426 cum
989 1399 1083 1441 puer
1101 1387 1157 1426 ad
1172 1386 1375 1442 Imperium
1390 1389 1640 1442 perveuiſjbt,
1655 1390 1762 1442 fecit
1777 1392 1915 1431 cuuc‘Ya
1931 1405 2014 1430 cum
2030 1399 2174 1438 matre,
2200 1397 2246 1431 ut

143 1441 192 1488 ὀ·
209 1444 277 1484 illa
297 1443 491 1482 videretur
507 1445 706 1497 imperare,
735 1441 866 1482 mulier
868 1442 1033 1493 sancia,
1058 1442 1127 1492 fed
1138 1456 1275 1482 avara.
1314 1443 1410 1483 Eam
1427 1444 1480 1485 ob
1495 1445 1643 1487 caulam
1660 1446 1797 1503 populi
1812 1446 1914 1487 illam
1930 1456 2165 1503 magnopere
2180 1460 2246 1498 vc:-⁴

141 1501 383 1540 nerabantur.

195 1578 279 1619 Hic
294 1589 466 1619 nummus
481 1574 677 1616 mediocris
692 1574 833 1617 moduli
835 1574 1005 1630 fizcilius
1019 1573 1132 1630 quam
1139 1573 1310 1630 fitperior
1314 1585 1493 1630 paratur.

966 1678 1409 1722 PELLA.

129 2241 338 2284 to'vL1A.
369 2253 614 2280 MAMAEA
647 2253 770 2280 AVG.
799 2224 1263 2293 CaputJuliaeMamaeae.
1499 2281 1538 2286 ..
1575 2281 1578 2284 Δ
1898 2281 1902 2288 ,
1992 2295 1994 2297 -
2042 2283 2045 2287 ,

130 2301 132 2304 ’
183 2312 207 2338 c
218 2311 244 2337 o
255 2311 293 2337 L.
325 2311 340 2336 1
352 2310 378 2336 v
393 2311 430 2336 L.
464 2309 490 2334 A
509 2308 531 2334 v
546 2308 586 2334 G.
618 2308 640 2334 ι»
654 2309 677 2333 E
690 2309 716 2334 L
728 2310 753 2334 L
765 2308 804 2333 A.
834 2294 989 2334 Colonia
1003 2294 1121 2345 Julia
1137 2293 1310 2348 Aug-ista
1328 2292 1454 2334 Pella.
1492 2291 1637 2334 Mulier
1655 2293 1790 2336 sedens
1806 2295 1965 2336 tutulata
1979 2310 1993 2344 ,
2020 2296 2155 2339 dextra
2170 2298 2232 2350 ca}

237 2363 310 2406 put
327 2352 555 2395 sustentans,
585 2348 726 2389 sinistra
743 2349 836 2389 vero
856 2349 1028 2388 demissa.

128 2466 131 2470 .
178 2421 281 2470 Pella
297 2429 386 2468 urbs
403 2427 668 2474 Macedoniae,
696 2439 738 2468 ut
753 2428 805 2468 ait
822 2428 929 2468 Mela
946 2427 1010 2468 lib.
1029 2441 1063 2467 2.
1082 2442 1165 2482 cap.
1186 2441 1219 2467 1.
1247 2426 1382 2483 Qam
1401 2426 1566 2468 maxim&
1585 2427 1763 2475 illustrem
1780 2428 1924 2469 alumni
1942 2428 2108 2481 efficiunt
2126 2432 2229 2474 Phi-

124 2486 247 2540 lippus
265 2485 421 2523 Graeciae
437 2484 617 2529 domitor,
646 2483 869 2522 Alexander
884 2486 1000 2523 etiam
1017 2483 1123 2533 Astae.
1154 2482 1322 2523 Colonia
1340 2486 1360 2522 a
1378 2483 1477 2536 Julio
1494 2484 1697 2524 constituta
1708 2511 1719 2530 ,
1748 2489 1787 2525 ὅτ.
1803 2486 1852 2525 ab
1869 2487 2048 2540 Augusto
2066 2487 2227 2530 Vetera-

123 2550 183 2583 nis
202 2540 440 2592 frequentata
458 2538 532 2584 est,
559 2538 615 2577 uti
629 2537 753 2589 Juliae
771 2542 809 2577 δε
825 2539 1004 2592 Augustae
1021 2538 1178 2579 nomina
1197 2539 1388 2585 indicant,
1415 2540 1475 2579 illa
1497 2553 1676 2579 nummos
1694 2540 1869 2580 Mamaeae
1884 2541 2131 2595 Imperatoris
2146 2559 2227 2586 ma-

121 2598 170 2638 tri
196 2595 364 2638 dedicat,
396 2594 452 2633 uti
475 2593 702 2633 Alexandro
730 2592 809 2633 filio
833 2593 1029 2647 percuffit,
1058 2607 1266 2647 utrumque
1289 2608 1467 2634 venerata
1495 2614 1507 2641 ς
1536 2594 1633 2635 filius
1656 2597 1758 2635 enim
1777 2598 1890 2637 unice
1905 2598 1944 2636 in
1961 2610 2120 2639 matrem
2137 2600 2226 2653 pius

120 2652 216 2696 fuit,
245 2649 337 2690 teste
359 2646 581 2700 Lampridio
599 2663 607 2687 z
636 2649 800 2703 Optima>
816 2651 951 2689 matris
967 2649 1125 2701 confiliis
1142 2650 1230 2700 usus
1243 2649 1303 2701 est.
1333 2649 1520 2690 Pellenses
1537 2651 1573 2689 in
1594 2651 1801 2692 Alexandri
1817 2653 1984 2692 nummis
1997 2654 2222 2708 Apollinem

119 2706 320 2748 tutelarem
341 2704 442 2743 urbis
459 2703 587 2743 Deum
604 2729 615 2749 ,
643 2704 681 2743 in
698 2704 774 2744 hoc
792 2704 1060 2751 Securitatem,
1089 2704 1268 2744 Coloniae
1285 2705 1456 2745 Genium
1474 2705 1683 2753 cuderunt,
1715 2709 1867 2762 utrique
1883 2707 2114 2756 alludentes,
2142 2711 2221 2752 Im-

117 2760 285 2818 peratori
305 2759 463 2813 quidem
481 2786 494 2804 ,
522 2758 634 2812 quod
654 2759 745 2800 esset
762 2759 920 2800 alterum
937 2760 1114 2800 Coloniae
1135 2759 1295 2800 tutelare
1316 2774 1459 2800 numen
1481 2781 1492 2807 ·,
1523 2762 1696 2802 Mamaeae
1717 2777 1809 2803 vero
1827 2790 1838 2810 ,
1867 2764 1977 2818 qued
2002 2765 2105 2806 urbis
2127 2767 2229 2809 esset*

119 2817 292 2861 Genius,
314 2815 374 2854 ille
394 2814 459 2854 sub
478 2814 553 2854 Dei
571 2813 711 2868 figura,
729 2814 810 2855 haec
827 2815 894 2856 sub
911 2816 1006 2855 Deae
1021 2815 1147 2871 effigie
1164 2815 1346 2869 percussa.
1384 2817 1628 2857 Securitatem
1648 2818 1684 2857 in
1703 2818 1813 2858 Pellae
1829 2820 2016 2866 nummis,
2044 2834 2116 2873 pro
2133 2822 2219 2863 Ge-

117 2874 186 2915 nio
204 2872 306 2911 urbis
324 2897 335 2914 ‚
363 2868 616 2923 repraesentari
637 2870 802 2910 diximus
827 2871 867 2910 in
885 2871 1102 2924 Caracalla,
1132 2872 1184 2912 ob
1205 2871 1288 2925 ejus
1312 2873 1351 2912 in
1370 2872 1520 2913 tumulo
1544 2872 1654 2913 situm
1667 2900 1680 2920 ,
1709 2886 1843 2916 natura
1866 2879 1904 2916 &
1924 2887 2004 2916 arte
2023 2877 2217 2921 munitum

118 2929 170 2970 ad
186 2926 394 2968 Provincia:
414 2924 739 2966 conservationem
752 2953 764 2971 ,
793 2926 854 2966 cui
872 2926 1004 2968 alludit
1020 2927 1210 2967 Lucanus.

610 2981 1016 3036 Extguaeficurafuit
1033 2982 1250 3022 Provincia
1267 2982 1400 3023 Pellae.

114 3037 302 3080 Pellenses
318 3035 525 3090 Imperium
543 3036 720 3077 Mamaeae
738 3037 902 3078 confiliis
917 3037 1088 3078 securum
1100 3064 1111 3083 ,
1140 3038 1353 3092 urbemque
1369 3038 1474 3079 suam
1492 3039 1737 3093 Imperatoris
1759 3042 1885 3081 matris
1906 3040 2021 3081 turcl-3.
2038 3040 2206 3085 securam'

116 3093 371 3134 existimantes
388 3118 399 3137 ,
426 3091 642 3133 Securitatis
655 3093 857 3147 imaginem
872 3121 883 3139 ,
911 3105 1026 3147 prout
1042 3094 1064 3132 a
1080 3093 1271 3133 Romanis
1289 3093 1394 3147 apud
1410 3096 1500 3136 Ant.
1521 3098 1781 3152 Augustinum
1797 3097 1880 3137 dial.
1903 3111 1937 3136 2.
1954 3110 2041 3152 pag.
2058 3099 2125 3150 48.
2142 3097 2212 3141 dec

113 3149 305 3205 pingitur,
333 3147 372 3186 in
380 3146 492 3199 Juliae
507 3147 682 3188 Mamaeae
698 3150 864 3188 nummis
881 3148 1001 3188 caelari
1015 3159 1254 3188 curaverunt.

170 3227 255 3268 Hic
271 3238 441 3269 nummus
453 3224 589 3279 infimae
605 3226 712 3268 molis
722 3253 736 3275 ,
763 3228 864 3269 inter
879 3228 1037 3267 rariores
1052 3225 1288 3280 reponendum

948 3335 1368 3392 TROA&

167 3920 272 3967 Tem.
301 3906 368 3959 II.
1607 3906 1653 3963 R
1682 3919 1705 3961 2⁴
