2574 4214
324 179 352 212 ε
360 183 384 231 o
394 184 429 210 o·
1077 166 1129 211 L.

387 795 425 821 c.
459 796 496 821 1..
529 795 557 820 1.
589 795 647 822 co
660 796 705 822 R.
733 782 888 822 Colonia
906 780 1015 820 Laus
1034 778 1152 833 Julia
1168 781 1385 824 Corinthus.
1427 780 1672 835 AEsculapius
1690 784 1729 821 &
1744 779 1895 836 Hygaea
1914 779 2073 828 stantes,
2102 778 2165 823 ille
2185 780 2345 829 baculo,
2373 776 2438 824 cui

444 835 598 891 serpens
616 837 832 884 involutus,
863 837 1014 877 innixus
1032 837 1085 877 est
1099 864 1111 884 ‚
1140 838 1223 878 haec
1241 838 1456 891 serpentem
1475 835 1603 890 pascit.

388 925 630 983 AEsculapius
656 927 863 968 Medicinae
887 926 1072 968 Inventor
1084 955 1094 974 ‚
1124 925 1187 967 seu
1212 925 1382 966 Medicae
1397 927 1486 967 artis
1505 926 1708 981 ampliator
1722 953 1735 972 ‚
1764 939 1929 980 eamque
1945 927 1998 966 ob
2016 940 2096 967 rem
2113 927 2152 967 in
2169 927 2346 968 Deorum
2363 941 2437 968 nu-

330 992 483 1023 merum
502 995 676 1036 receptus
696 983 816 1023 fertur
830 1011 843 1030 ‚
872 983 933 1023 cui
951 997 1081 1023 comes
1099 983 1206 1023 Salus
1221 1009 1233 1029 ‚
1260 982 1324 1022 seu
1342 982 1498 1037 Hygeia
1516 981 1592 1022 filia
1611 981 1743 1022 adstat.
1782 981 1996 1035 Utriusque
2018 982 2214 1022 fimulacra
2232 983 2274 1023 in
2290 982 2440 1038 templo

334 1036 546 1093 AEsculapii
562 1039 665 1093 apud
682 1038 910 1079 Corinthios
927 1037 1033 1078 fuisse
1053 1038 1167 1078 tradit
1183 1037 1384 1078 Pausanias
1400 1038 1460 1078 lib.
1481 1051 1516 1078 2.
1536 1052 1574 1092 p.
1588 1049 1652 1091 93.
1683 1040 1758 1089 Πρὸς
1773 1039 1854 1087 τέτῳ
1870 1045 1913 1086 τῷ
1926 1045 2074 1087 γυμνασίῳ
2092 1045 2153 1076 mo}
2167 1043 2236 1084 θεῶν
2248 1044 2334 1082 dciv,
2349 1043 2364 1076 ὅ
2379 1040 2435 1087 ,2212

335 1097 420 1138 Διδς,
447 1100 459 1132 ἱ
475 1098 494 1143 ᾖ
510 1100 676 1137 Ammoni·
698 1097 737 1132 ’πὶ
753 1097 957 1143 ’ςῗοὶγιῖλμοιπ
972 1124 981 1137 ,
1010 1097 1175 1137 Ammon&
1190 1092 1243 1142 [¹⁴23
1260 1099 1284 1148 »ᾖ
1299 1097 1397 1143 Ὑγεία
1409 1097 1506 1132 mm}
1519 1099 1610 1131 ales.
1648 1093 1964 1148 Conjunft'a-filnt
1982 1107 2066 1133 cum
2083 1092 2253 1148 ipsbfirel
2272 1094 2440 1147 Gymna-

318 1146 379 1198 sto
397 1177 408 1196 ‚
437 1150 612 1190 Deorum
637 1150 793 1190 delubra
818 1151 889 1190 dno
902 1177 914 1196 ,
943 1149 1064 1202 Jovis
1086 1150 1250 1191 alterum
1266 1177 1277 1195 ,
1304 1150 1465 1190 alterum
1483 1147 1734 1203 QAEsculapii
1754 1164 1766 1188 .·
1796 1147 2076 1202 QAEsculapius
2097 1149 2173 1204 ipsb
2192 1147 2241 1193 (y
2256 1148 2324 1203 Hy
2348 1163 2406 1191 aea
2421 1149 2445 1190 ἰ·

336 1205 496 1244 candido
520 1205 643 1259 lapide
656 1205 767 1256 fiant.
806 1206 1003 1246 Corinthii
1027 1220 1099 1260 pro
1116 1205 1211 1247 Veri
1234 1205 1351 1246 salute
1373 1204 1552 1246 sacrificia
1573 1204 1797 1259 AEsculapio
1818 1204 1943 1245 forsan
1969 1203 2168 1251 fecerunt,
2198 1205 2287 1246 curn
2309 1205 2371 1246 ile
2391 1204 2444 1246 ad

335 1258 554 1300 Parthicum
576 1261 717 1301 bellum
733 1260 974 1301 contendens
991 1261 1029 1300 in
1045 1261 1187 1316 Apulia
1206 1261 1440 1316 aegrotasset,
1469 1261 1579 1315 cujus
1594 1260 1720 1301 morbi
1736 1260 1912 1301 meminit
1923 1260 2167 1315 Capitolinus
2185 1260 2225 1301 in
2241 1260 2320 1302 vita
2335 1260 2444 1303 Veri.

337 1313 474 1354 Morbo
493 1316 720 1370 implicitus,
749 1316 855 1370 apud
868 1316 1065 1367 Cannfium
1080 1318 1291 1371 (egrotabat
1307 1332 1319 1356 .·
1347 1316 1417 1372 quo
1437 1317 1494 1357 ad
1506 1331 1589 1357 eum
1608 1315 1849 1368 invisendum
1855 1314 1987 1367 frater
2003 1316 2210 1358 contendit.
2238 1315 2286 1358 In
2300 1316 2447 1360 restitu-

338 1381 386 1410 tae
402 1370 528 1413 salutis
542 1372 766 1412 memoriam
786 1372 983 1413 Corinthii
1002 1371 1271 1427 AEsculapium
1290 1375 1329 1413 ὃς
1348 1373 1541 1429 Hygaeam
1556 1373 1597 1414 in
1613 1385 1776 1414 nummo
1793 1371 1934 1413 caelasse
1951 1370 2142 1414 videntur.
2438 1365 2446 1371 ³

393 1448 480 1489 Hic
494 1463 664 1491 nummus
682 1450 960 1505 mediaeformae
966 1461 1040 1505 pro
1056 1465 1141 1491 raro
1157 1450 1421 1492 numerandus.

399 2072 439 2101 c.
468 2055 510 2099 14:
538 2067 568 2095 1.
599 2068 623 2096 c
635 2069 661 2095 o
675 2069 720 2097 R.
750 2053 908 2095 Colonia
923 2052 1032 2094 Laus
1047 2052 1166 2107 Julia
1181 2051 1404 2097 Corinthus.
1440 2051 1644 2095 Melicerta
1658 2049 1862 2107 Delphino
1878 2049 2098 2106 inequitans
2112 2075 2126 2098 ,
2151 2049 2192 2092 in
2206 2048 2288 2093 aliis
2303 2049 2376 2104 ipfi
2393 2049 2458 2103 ini

459 2114 559 2153 stans
576 2111 799 2166 Delphino,
826 2111 868 2150 in
884 2109 963 2150 aliis
980 2109 1108 2150 eidem
1122 2110 1336 2151 substratus.

400 2190 525 2233 Vario
541 2188 665 2230 modo
686 2187 882 2244 effingitur
901 2186 1104 2229 Melicerta
1121 2186 1368 2229 Athamantis
1387 2185 1483 2226 filius
1501 2186 1523 2225 ὲ
1540 2184 1740 2239 Delphino
1755 2184 1991 2226 Corinthum
2010 2183 2160 2226 delatus
2175 2210 2189 2233 ‚
2216 2183 2339 2226 modo
2356 2183 2458 2226 stans

349 2247 462 2303 super
482 2245 608 2300 ipsum
622 2273 634 2293 ‚
663 2244 785 2285 modo
803 2242 872 2299 ipsi
889 2242 1056 2284 infidens
1071 2242 1179 2297 quasi
1195 2243 1305 2284 vivus
1323 2269 1334 2289 ,
1361 2241 1484 2282 modo
1502 2240 1634 2281 stratus
1650 2240 1762 2295 super
1777 2241 1901 2296 ipsum
1916 2252 1960 2282 ut
1979 2252 2153 2282 mortuus
2169 2243 2210 2281 &
2225 2240 2274 2281 ab
2288 2253 2340 2282 eo
2355 2238 2458 2282 dela·

350 2315 413 2345 tus
424 2330 435 2348 ,
462 2302 513 2342 de
528 2315 611 2355 quo
626 2300 828 2341 Pausanias
845 2299 906 2339 lib.
923 2313 959 2339 2.
989 2300 1046 2339 Koa?
1062 2304 1228 2350 Μελικέςτκ
1243 2299 1348 2348 βωμδς
1362 2297 1417 2334 ff.
1443 2306 1478 2336 Ες
1492 2303 1575 2334 τὲπν
1592 2299 1612 2332 >r
1625 2298 1700 2334 ’τύπον
1714 2300 1935 2347 &amomon
1953 2300 1973 2334 ἒ
1988 2301 2086 2336 παῖδα
2100 2299 2171 2338 t‘zn*
2187 2301 2324 2343 δελφῖνος
2337 2301 2458 2346 λέγει-ια’

352 2358 447 2400 Fuit
462 2357 590 2397 hocin
605 2356 682 2409 ipso
698 2356 775 2397 loco
796 2355 844 2400 ἕν’
857 2354 1071 2395 Melicertae
1086 2369 1156 2395 ara
1174 2369 1186 2393 .·
1216 2352 1255 2394 eb
1271 2360 1369 2394 enim
1385 2352 1409 2392 ὰ
1425 2351 1624 2407 'Delphina’
1648 2354 1823 2393 evec't'nm
1838 2364 1996 2408 puerum
2017 2361 2230 2394 memorant.
2287 2351 2396 2394 Deus
2415 2361 2459 2395 ut

350 2424 432 2455 erat
446 2412 508 2453 ille
523 2412 667 2467 patrius
677 2439 689 2459 ‚
715 2426 788 2452 nec
807 2425 855 2452 ex
871 2410 952 2452 aliis
965 2411 1146 2466 gentibus
1161 2409 1347 2457 adscitus,
1374 2408 1429 2450 nil
1442 2407 1583 2449 mirum
1597 2406 1626 2448 fi
1643 2419 1722 2450 tam
1738 2408 1960 2464 frequenter
1971 2409 2129 2452 &variis
2143 2407 2270 2452 modis
2284 2407 2328 2450 in
2343 2420 2458 2460 numf

351 2470 424 2511 mis
440 2469 462 2509 a
480 2467 697 2509 Corinthiis
714 2466 1011 2523 repraesentetur.

408 2546 471 2588 Hi
489 2548 630 2588 nummi
637 2545 798 2601 secundi
820 2545 961 2587 moduli
964 2545 1191 2602 frequentes
1207 2541 1256 2588 ὼ
1273 2544 1364 2586 triti
1380 2562 1394 2591 ς
1407 2542 1570 2588 ,minimi
1583 2542 1695 2591 vero,
1721 2544 1802 2584 rari
1819 2542 2016 2584 habentur.

414 3174 453 3202 c.
483 3172 521 3198 L.
552 3167 582 3196 1.
613 3169 636 3195 c
648 3168 674 3195 o
688 3169 732 3195 R.
760 3153 916 3195 Colonia
931 3151 1042 3192 Laus
1061 3149 1174 3203 Julia
1191 3147 1407 3192 Corinthus.
1444 3146 1647 3190 Melicerta
1664 3144 1866 3202 Delphino
1883 3144 2087 3186 substratus
2099 3144 2208 3198 juxta
2229 3143 2404 3187 arborem
2418 3143 2461 3186 in

470 3211 620 3266 templo
636 3210 830 3266 tetrastylo
846 3237 858 3257 ‚
885 3208 976 3250 hinc
993 3207 1139 3249 &inde
1156 3206 1342 3262 Delphini
1358 3204 1491 3262 figura.

416 3292 480 3331 De
494 3291 571 3331 hoc
587 3303 749 3330 nummo
769 3289 807 3328 in
826 3288 886 3328 M.
908 3287 1063 3328 Aurelio
1079 3285 1244 3327 diximus
1263 3300 1273 3325 τ
1301 3284 1456 3326 exhibet
1478 3282 1542 3324 ille
1567 3282 1728 3338 figuram
1748 3279 1881 3335 templi
1898 3280 1937 3321 in
1956 3279 2147 3321 honorem
2165 3277 2464 3340 Melicertaesub

365 3346 590 3388 Palaernonis
610 3349 768 3386 nomine
789 3345 829 3384 in
851 3344 999 3385 Isthmo
1015 3342 1218 3383 constructi
1230 3368 1242 3389 ‚
1269 3340 1320 3381 de
1335 3354 1418 3396 quo
1433 3339 1604 3394 loquitur
1621 3333 1822 3378 Pausanias
1840 3336 1901 3376 lib.
1918 3348 1953 3375 2.
1996 3336 2123 3376 Arbor
2138 3363 2150 3382 ,
2177 3333 2328 3375 videtur
2345 3346 2465 3396 Eum?

366 3402 426 3444 illa
450 3401 516 3441 sub
542 3414 619 3453 qua
642 3401 820 3441 inventus
844 3400 899 3440 est
919 3398 1116 3440 Melicerta
1133 3425 1146 3445 ,
1175 3398 1214 3437 in
1233 3396 1345 3450 cujus
1372 3395 1597 3437 memoriam
1615 3392 1773 3434 instituti
1795 3392 1817 3431 a
1840 3390 2004 3446 Sisypho
2021 3391 2186 3445 Ephyrae
2199 3389 2263 3430 seu
2280 3388 2464 3450 Corinthi

368 3454 612 3500 vetustissimo
628 3456 741 3511 Rege
760 3455 841 3495 ludi
858 3454 1028 3495 Isthmici
1044 3481 1056 3501 ,
1083 3466 1250 3508 quorum
1266 3452 1431 3493 virtores
1454 3451 1548 3506 pinu
1572 3448 1620 3491 ad
1643 3449 1696 3490 rei
1716 3458 2011 3487 monumentum
2030 3445 2317 3487 coronabantur.
2356 3443 2462 3485 Vide

371 3513 425 3554 Ill.
447 3510 720 3565 spanhemium·
739 3510 833 3551 Diss.
853 3524 888 3565 3.
905 3525 991 3567 pag.
1012 3515 1097 3561 196.
1122 3510 1191 3564 qui
1212 3508 1372 3549 blandos
1389 3506 1636 3562 quorundam
1653 3515 1861 3560 puerorum
1877 3528 1891 3549 ,
1919 3505 1958 3542 &
1974 3501 2213 3558 Delphinum
2234 3514 2303 3542 eos
2316 3499 2465 3556 gestan-⁶

372 3569 472 3610 tium
490 3579 636 3606 amores
651 3567 829 3607 recenset.

427 3645 510 3688 Hic
533 3657 703 3685 nummus
721 3644 850 3685 mediae
856 3644 1017 3700 fhrmae,
1045 3643 1070 3686 ὰ
1086 3643 1235 3687 ‘Patino
1242 3653 1335 3699 pag.
1354 3655 1374 3683 2
1384 3646 1444 3696 56.
1462 3640 1667 3699 vulgatus,
1683 3650 1757 3697 pro
1770 3651 1856 3681 raro
1869 3635 2068 3703 notandus.

2223 4011 2260 4037 e.
2273 4008 2314 4038 τ..
2327 4007 2356 4043 1.
2374 4006 2471 4043 con.
