2574 4214
125 286 205 321 erat
219 275 388 318 summus
404 268 622 314 Antiochiae
639 269 786 311 Pisidiae
801 266 947 315 cultus,
976 267 1027 308 de
1043 275 1125 322 quo
1142 266 1277 307 Strabo
1296 266 1360 306 lib.
1383 279 1442 305 12.
1461 279 1498 318 p.
1525 276 1611 316 577.
1642 274 1681 300 Ην
1697 268 1728 322 δὲ
1746 268 1874 308 &2ch
1887 265 1936 312 ’tol
1952 265 2080 312 ιερωωίνη
2097 267 2137 302 ἧς
2151 275 2219 306 Mna

127 335 170 371 ..ὃς
186 334 311 379 Apum,
335 335 445 373 πλῆθις
459 331 554 376 {xxm
570 329 721 375 ἱεροδέλων
735 327 782 372 Ul
799 326 913 370 χορίων
930 330 1016 371 ἱερῶν.
1046 323 1139 362 Fuit
1154 322 1208 362 ibi
1223 320 1602 372 etiamfiicerdotium
1611 318 1752 370 Iliensis
1761 321 1891 358 Arcaei
1898 346 1911 365 ,
1937 320 2218 358 multitudinem

126 384 396 431 hierodulorum
412 383 554 423 habens
571 381 820 433 &sacrorum
837 382 1007 417 locorum.
1047 377 1145 418 Non
1170 376 1382 417 audiendus
1403 376 1495 430 ergo
1515 374 1557 414 P.
1576 374 1801 415 Harduinus
1824 387 1909 428 pag.
1934 387 1996 423 55.
2024 373 2092 426 qui
2115 373 2219 413 hunc

125 452 326 484 nummum
346 439 396 479 ad
415 438 573 478 Antium
590 435 688 475 Latii
705 432 912 475 Coloniam
929 444 1094 473 revocat.
1132 433 1311 473 Colonus
1328 431 1376 471 ad
1394 430 1580 484 originem
1599 429 1844 468 indicandam
1863 429 2028 483 signatur
2043 455 2055 474 ,
2083 427 2216 468 dextra*⁴

125 496 302 536 vexillum
317 494 432 550 gerit,
461 492 569 546 quod
589 504 659 530 arae
676 488 942 542 imponebatur
958 488 1044 542 post
1060 488 1279 528 sacrificium
1293 514 1304 533 ‚
1333 487 1372 526 in
1392 500 1473 540 quo
1490 485 1671 525 vexillum
1694 484 1874 538 Legionis
1894 482 2132 523 deducendae
2148 484 2217 522 im-

125 550 340 605 ponebatur
351 576 363 596 ,
391 549 443 588 ita
460 560 502 588 ut
519 547 620 587 reue
635 546 825 599 Hyginus.
855 543 999 583 M‘ultis
1020 543 1250 598 Legionibus
1268 543 1430 594 contigit
1449 540 1582 580 bellum
1588 539 1760 593 feliciter
1776 538 1907 593 traifig
1914 553 1972 578 ere
1985 566 1998 585 ‚
2028 536 2075 580 ἔγ
2091 540 2143 575 ast
2157 537 2214 576 la-

127 605 301 656 boriosam
320 601 558 658 agriculturae
573 602 733 654 requiem
746 626 756 644 ‚
774 599 898 653 primo
915 600 1089 650 tyrocinii
1101 598 1225 651 gradu
1235 598 1437 651 pervenire
1458 611 1469 633 .·
1497 609 1584 635 num
1601 607 1684 634 cum
1687 593 1809 647 signis
1827 592 1873 637 ὠ
1891 593 2050 648 aquilis,
2080 589 2217 648 &pri-v

125 662 196 700 mis
213 659 400 699 ordinibus
416 671 461 697 ac
478 656 655 696 Tribunis
672 652 959 694 deducebantur.
1796 650 1799 653 '

178 737 260 777 Hic
275 748 445 776 nummus
460 731 768 786 minimaeformae
788 732 888 769 inter
908 729 1151 783 elegantiores
1165 726 1400 781 reponendus.

780 818 813 857 C
840 816 933 864 2AE
961 813 993 854 S
1017 814 1063 854 A
1088 813 1129 854 R
1158 813 1199 855 E
1225 815 1272 855 A
1324 812 1550 866 Palaestinae.

123 1343 212 1377 ππ
223 1344 253 1371 0
281 1342 382 1371 nisa
397 1342 423 1370 v
436 1341 491 1369 ro
518 1342 545 1369 v
557 1343 580 1369 r:
595 1343 611 1369 s
625 1343 646 1370 P
659 1343 685 1369 A
699 1343 741 1370 ει
753 1344 778 1369 A
794 1341 824 1368 N
836 1342 875 1368 ο.
911 1329 1046 1383 Caput
1062 1328 1146 1370 Tin*
1162 1329 1384 1370 laureatum.

152 1407 162 1413 -
172 1399 201 1428 c
210 1397 236 1427 o
247 1399 285 1427 1..
299 1385 303 1415 5
312 1394 417 1427 ean
427 1396 450 1425 -α
463 1399 533 1426 Aa
545 1399 561 1425 1
573 1400 614 1425 A.
647 1399 672 1426 L
683 1400 698 1426 1
709 1399 743 1428 B.
775 1395 797 1423 Φ
807 1397 833 1423 A
843 1398 875 1423 A.
916 1385 1075 1426 Colonia
1088 1386 1253 1435 Caesczria
1272 1385 1416 1425 Libera
1432 1381 1584 1424 Flavia.
1621 1382 1754 1439 Caput
1771 1379 1955 1423 muliebre
1973 1380 2137 1424 turribus
2154 1382 2216 1435 025

227 1452 371 1483 natum.
388 1465 397 1472 ν
420 1465 421 1469 ’

172 1520 343 1576 Caesarea
358 1549 370 1568 ,
398 1520 485 1561 urbs
507 1521 708 1562 Palaestinae
732 1521 917 1562 maritima
934 1548 946 1567 ‚
974 1519 1066 1560 olim
1082 1517 1283 1572 Apollonia
1301 1517 1425 1558 Plinio
1442 1545 1453 1564 ‚
1481 1516 1614 1571 postea
1637 1516 1833 1557 Stratonis
1852 1516 2000 1571 Pyigos
2011 1515 2188 1571 Josepho
2198 1518 2215 1564 ‚¹

118 1576 282 1622 tandem
293 1588 440 1618 mutato
453 1578 610 1617 nomine
626 1577 797 1628 Caesurea
817 1577 857 1616 in
877 1576 1070 1616 honorem
1089 1574 1252 1629 Augusti
1269 1573 1317 1613 ab
1334 1572 1731 1627 HerodeJudaeorum
1743 1573 1856 1627 Rege
1872 1572 2060 1627 appellata
2072 1573 2147 1619 est,
2165 1585 2214 1612 ex

117 1632 254 1673 eodem
272 1633 466 1672 Historico
485 1634 618 1687 Antiq.
641 1633 702 1672 lib.
726 1646 741 1671 1
755 1645 785 1682 5.
806 1646 888 1686 cap.
913 1646 972 1685 13.
1004 1635 1044 1670 To*
1063 1633 1157 1671 mim
1179 1631 1232 1679 μᾶξᾶ
1252 1631 1416 1678 κοιλέμῑξωον
1439 1631 1626 1674 Στςοέτωνςῲ·
1642 1632 1749 1680 riu‘gyssv
1764 1659 1773 1671 ‚
1800 1631 1972 1677 Καισάρειον)
1994 1632 2033 1673 <115
2050 1634 2118 1667 ὑπ’
2132 1633 2216 1666 olori?

118 1691 355 1738 ωηγορώθέν.
387 1687 490 1727 Olim
507 1688 698 1729 Stratonis
715 1686 866 1727 Turrim
882 1688 1026 1727 dictam
1040 1715 1057 1738 ,q
1079 1688 1156 1743 ipfi²
1172 1687 1380 1738 Caesaream
1397 1701 1421 1726 a
1441 1685 1618 1741 pellavit.
1659 1686 1826 1727 Colonia
1844 1684 1942 1726 facta
1959 1685 2012 1725 est
2028 1686 2049 1725 a
2066 1684 2212 1738 Vespa-

115 1741 220 1783 fiano
231 1769 244 1790 ‚
271 1744 363 1784 teste
379 1742 498 1783 Paulo
515 1743 577 1783 lib.
601 1758 635 1783 2.
655 1743 706 1784 dc
722 1744 878 1784 Cenfib.
908 1742 1054 1783 ’Divus‘
1069 1742 1313 1797 Vespafiunm
1331 1698 1574 1793 Caefirienses
1591 1741 1860 1796 Colonosfecit
1872 1768 1883 1787 ‚
1911 1755 1984 1781 non
2002 1739 2149 1795 adjecto
2165 1746 2211 1778 ut

115 1796 272 1853 &juris
283 1799 416 1838 Italici
431 1797 542 1851 effi’nt
556 1798 648 1850 ,sed
655 1798 838 1839 tributum
851 1798 916 1838 hic
931 1798 1066 1848 remifit
1083 1800 1232 1852 capitis.
1262 1798 1489 1846 SedDivus
1501 1797 1616 1836 Tuus
1627 1796 1874 1848 etiamsolum
1885 1797 2046 1835 immune
2050 1794 2210 1847 fuitum

114 1854 383 1906 interpretatus
397 1853 454 1904 est.
493 1854 613 1896 Unde
631 1854 801 1895 Caesarea
819 1851 995 1896 beneficii
1014 1868 1182 1900 memor,
1212 1852 1363 1894 Flavia>
1379 1866 1523 1894 nomen
1541 1852 1707 1905 accepi-t,
1735 1855 1773 1890 δε
1787 1850 1968 1891 Liberam
1984 1849 2022 1890 se
2038 1850 2079 1891 in
2097 1862 2210 1900 num-¹

113 1907 185 1948 mis
202 1907 394 1961 instripsir.
430 1908 563 1962 Caput
579 1910 780 1954 muliebre,
808 1910 1024 1962 principum
1041 1910 1193 1959 urbium
1210 1907 1421 1963 symbolum
1444 1909 1509 1948 est.
1596 1912 1599 1914 ’
1637 1914 1639 1916 ’

168 1962 232 2003 De
254 1963 383 2003 litteris
410 1975 507 2002 ΦΛΑ.
536 1964 711 2016 quaedam
736 1964 842 2017 apud
864 1964 1115 2017 Antiquari'os
1133 1960 1564 2004 videtur-controversia.
1603 1960 1657 2000 Ill.
1676 1959 1929 2015 Spanhemius
1948 1957 2043 2000 Diffi
2058 1972 2095 2009 9.
2115 1961 2209 2014 pag.'

113 2019 205 2069 784.
223 2017 392 2058 nostrum
408 2017 490 2058 Titi
509 2028 558 2063 ex
574 2019 685 2060 Gaza
703 2018 1086 2074 ChristinaeReginae
1101 2045 1114 2065 ,
1143 2028 1262 2072 quem
1281 2018 1629 2061 commeravimus,
1651 2028 1852 2056 nummum
1872 2014 2038 2068 vulgavit
2053 2040 2066 2060 ,
2096 2017 2135 2053 &
2153 2011 2205 2054 ad

112 2072 322 2113 Caesaream
338 2072 539 2113 Palaestinae
556 2097 568 2120 5
596 2073 750 2128 liberam
768 2074 790 2118 a
808 2074 841 2113 F
844 2073 951 2126 laviis
962 2074 1254 2127 pronuntiatam
1268 2099 1288 2126 ‚3
1312 2085 1477 2126 utroque
1495 2083 1760 2126 cognomento
1778 2070 1852 2111 hac
1867 2068 2076 2124 epigraphe
2092 2068 2205 2122 infig-

111 2141 202 2171 nem
218 2154 231 2174 ,
258 2128 445 2182 pertinere
464 2127 593 2170 retulit
610 2143 617 2168 :
650 2141 691 2177 at
712 2127 754 2175 P.
775 2125 1001 2176 Harduinus
1020 2141 1111 2181 pag.
1128 2130 1197 2182 48.
1223 2126 1333 2181 supra
1354 2125 1558 2181 Caracalla:
1579 2139 1785 2179 nummum
1807 2126 1831 2166 a
1847 2125 2028 2165 Tristano
2047 2135 2139 2164 tom.
2165 2137 2202 2163 2.

110 2196 150 2238 p.
172 2185 258 2224 168.
284 2182 474 2236 prolatum
488 2211 500 2231 ,
527 2183 567 2224 in
591 2183 676 2238 quo
696 2183 875 2238 corrupte
901 2172 1079 2239 legitur¹,‘
1096 2193 1120 2222 c
1132 2192 1157 2221 o
1170 2196 1209 2223 1..
1241 2174 1411 2237 (ϊΛἘὲΑ
1425 2195 1455 2222 R
1468 2196 1491 2222 E
1505 2188 1549 2222 A}
1578 2184 1630 2222 '1³1
1644 2188 1813 2236 NJjAAfr».
1843 2184 1981 2235 vocem
2008 2194 2033 2220 E
2045 2192 2115 2218 IN.
2144 2179 2202 2217 in-

111 2249 338 2294 terpretatus
354 2238 434 2286 est,‘
448 2249 485 2279 'A
498 2252 579 2280 ΝΤ.
608 2240 647 2280 &
665 2240 869 2280 'nummum
886 2238 935 2279 ad
951 2237 1163 2279 Caesaream
1183 2236 1437 2279 Antiochiam.
1448 2234 1596 2278 Pifi'diae
1609 2233 1809 2279 'revocavit
1824 2256 1836 2284 ;
1853 2235 1935 2277 has·
1949 2229 2041 2276 vero
2061 2234 2203 2274 litteras

112 2305 211 2335 ᾼΛφ.
239 2293 290 2334 ad
306 2308 385 2334 aerae
405 2294 509 2350 qrbis
522 2309 582 2336 an.
602 2309 691 2350 531.
710 2295 768 2336 ob-
777 2294 897 2351 idque
913 2293 1188 2348 Spanhemium
1206 2293 1471 2349 reprehendit,
1499 2293 1613 2348 qued
1625 2294 1669 2342 in,
1682 2293 1766 2339 Titi
1781 2304 1945 2335 nummo
1959 2301 2074 2332 voces
2098 2300 2201 2327 ΦΛΑ.

111 2347 251 2393 Flavia
269 2341 486 2390 reddiderit.
528 2349 620 2398 Sed,
642 2351 768 2405 inquit
780 2378 791 2398 ,
814 2363 931 2406 neque
946 2349 1046 2390 illud
1069 2361 1166 2389 ΑΛΦ.
1197 2350 1242 2390 de
1260 2349 1422 2404 Alphaea
1438 2350 1581 2389 Diana
1597 2350 1718 2404 accipi
1732 2357 1895 2403 oportet,
1922 2356 1966 2387 ut
1981 2345 2057 2400 ipst'
2064 2352 2201 2398 putat,

111 2419 179 2445 nec
192 2405 238 2445 de
252 2403 400 2445 Flaviae
408 2409 656 2459 praenomine‚
683 2415 728 2446 ut
745 2406 814 2446 alii
831 2407 978 2446 volunt.
1014 2404 1055 2444 P.
1074 2405 1267 2446 Harduini
1286 2419 1356 2445 aera
1382 2418 1470 2458 531.
1487 2405 1528 2444 in
1539 2405 1621 2445 Titi
1639 2417 1799 2445 nummo
1817 2402 1922 2444 haud
1941 2402 2035 2442 stare
2051 2400 2200 2453 potest3

111 2470 360 2502 anteverteret
378 2461 479 2501 enim
502 2461 708 2503 Alexandri
728 2462 786 2502 M.
811 2462 850 2501 in
875 2461 953 2501 illas
977 2461 1190 2514 provincias
1206 2460 1491 2515 expeditionem
1510 2475 1519 2499 :
1547 2459 1649 2500 adde
1667 2459 1776 2514 quod
1795 2459 1899 2500 idem
1917 2470 1997 2497 aerae
2012 2462 2136 2496 annus'
2157 2455 2198 2495 in

110 2515 231 2562 Tito,
257 2517 326 2569 qui
344 2517 384 2555 in
403 2516 595 2558 Caracalla
612 2545 623 2564 ‚
650 2516 725 2557 este
745 2517 881 2570 nequit
898 2536 909 2562 3
936 2515 1001 2556 sed
1019 2517 1068 2556 ad
1087 2530 1166 2557 rem
1183 2516 1314 2571 aliquo
1331 2515 1452 2556 modo
1466 2515 1776 2569 componendam
1789 2542 1800 2561 ,
1829 2515 1968 2555 litteras
1996 2522 2053 2548 ΦΛ
2063 2526 2098 2548 Α.
2126 2509 2196 2550 etfi

109 2570 300 2612 idiomatis
319 2570 455 2611 diversi
474 2599 485 2618 ‚
515 2573 554 2611 in
570 2573 668 2613 Tito
686 2571 829 2612 Flavia
848 2572 1150 2625 interpretandas
1164 2586 1252 2613 cum
1269 2571 1324 2612 Ill.
1341 2571 1577 2625 Spanhemio
1594 2571 1826 2611 arbitramur.
1865 2569 1910 2609 In
1923 2566 2118 2608 Caracalla
2132 2579 2198 2606 ve-

110 2626 156 2665 ro
171 2651 182 2670 ‚
209 2625 273 2665 seu
298 2626 426 2678 potius
451 2627 490 2665 in
514 2626 719 2680 Elagabalo
735 2654 747 2673 ‚
774 2640 816 2667 ut
841 2627 1040 2667 annotavit
1062 2626 1103 2665 P.
1126 2625 1352 2666 Harduinus
1370 2653 1381 2671 ,
1408 2640 1490 2666 aerae
1505 2625 1684 2666 Caesareae
1701 2625 1926 2669 Palaestinae‚
1954 2622 2125 2666 Aradiis,
2152 2622 2192 2659 &

111 2680 310 2732 Tripolitis
328 2679 434 2719 fimul
454 2683 658 2721 convenire
679 2682 804 2734 potest
821 2708 833 2727 ,
860 2681 925 2722 sed
945 2695 1025 2721 non
1042 2681 1223 2721 Caesareae
1242 2680 1459 2721 Antiochiae
1477 2680 1624 2720 Pifidiae
1635 2707 1648 2725 ‚
1675 2681 1737 2719 cui
1754 2690 1952 2733 perperam
1968 2688 2196 2720 nummum,

112 2747 156 2777 ut
171 2735 239 2774 suo
255 2735 342 2775 loco
358 2734 528 2776 dicemus
541 2763 552 2782 ,
582 2736 722 2777 tribuit.

165 2802 248 2843 Hic
259 2817 427 2845 nummus
444 2805 589 2845 minimi
607 2803 769 2850 moduli,
791 2812 861 2857 pro
880 2801 1057 2854 rarffmo
1078 2799 1126 2846 ἐφ’
1145 2800 1405 2857 elegantiffi'mo
1425 2799 1618 2842 habendus
1636 2799 1696 2853 est.

959 2878 1344 2922 STOBJ.

106 3478 145 3509 τ.
176 3476 358 3504 IMPER.
389 3474 466 3502 τι.
497 3473 606 3502 Por.
636 3475 745 3502 cos.
776 3473 845 3501 vr.
881 3460 1014 3514 Caput
1027 3458 1111 3501 Titi
1125 3457 1344 3501 laureatum.
1668 3504 1669 3507 Ἴ
2104 3500 2107 3504 ,

157 3533 194 3559 Μ
205 3533 232 3558 ν
244 3531 274 3557 N
287 3531 301 3557 1
314 3532 349 3557 c.
381 3532 399 3557 s
414 3532 438 3557 τ
452 3531 478 3556 o
491 3532 514 3558 B
527 3532 549 3557 E
561 3531 591 3557 N
604 3531 637 3557 s.
667 3517 922 3570 Municipium
937 3514 1170 3565 Stobenfium.
1206 3515 1416 3570 Templum
1430 3524 1596 3569 quatuor
1611 3510 1896 3558 columnarum,
1923 3508 1965 3551 in
1980 3523 2063 3566 quo
2080 3510 2179 3568 figu}

211 3587 251 3614 ra
268 3571 445 3627 paludata
461 3572 559 3613 stans
570 3599 583 3619 ,
611 3572 743 3613 dextra
757 3572 933 3618 extensa,
960 3570 1051 3610 laeva
1070 3569 1227 3610 hastam.

154 3650 353 3692 Stobenses
370 3650 612 3691 Macedoniae
635 3664 813 3691 nummos
841 3661 884 3690 ut
899 3648 1131 3704 Vespasiano
1147 3674 1160 3694 ,
1187 3647 1240 3688 ita
1265 3651 1302 3688 ὅ(
1319 3648 1415 3690 Tito
1439 3647 1520 3687 filio
1544 3645 1768 3688 dedicarunt
1787 3661 1796 3686 ε
1823 3645 1887 3687 hic
1908 3647 2002 3688 vero
2026 3646 2066 3686 in
2087 3644 2171 3698 ejus

104 3706 313 3748 Consulatu
332 3719 394 3746 v1.
411 3706 575 3762 signatus
590 3705 665 3753 est,
693 3720 811 3761 quem
829 3706 889 3746 ille
909 3719 996 3745 cum
1011 3715 1117 3758 patre
1133 3717 1178 3743 vl
1191 3717 1206 3742 1
1218 3717 1250 3743 1.
1269 3703 1396 3758 gessit,
1422 3703 1472 3743 de
1485 3716 1567 3757 quo
1583 3702 1797 3743 Suetonius.
1824 3702 1963 3742 Eidem
1976 3698 2170 3761 collega&

103 3764 143 3804 in
160 3760 376 3800 Tribunitia
388 3761 571 3816 potestate
585 3760 632 3805 (T
647 3763 687 3801 in
695 3760 840 3816 septem
857 3757 1220 3812 Consulatibusfitit.
1259 3758 1352 3798 Hoc
1369 3759 1461 3798 vero
1481 3759 1531 3798 U.
1543 3758 1592 3798 C.
1610 3772 1712 3798 anno
1731 3760 1819 3811 830.
1840 3757 1987 3798 nummi
2003 3760 2171 3810 argentei

105 3819 143 3859 &
159 3816 261 3856 aurei
276 3827 357 3855 tum
375 3817 488 3870 patris
504 3816 594 3857 Cos.
606 3831 653 3858 v1
665 3830 680 3856 1
692 3831 724 3856 1.
745 3828 826 3857 tum
842 3816 925 3856 Titi
942 3815 1031 3856 Cos
1048 3828 1112 3854 vl.
1130 3826 1219 3853 cum
1233 3813 1375 3853 colono
1387 3814 1504 3853 boves
1516 3824 1652 3868 agente
1664 3840 1676 3859 ,
1705 3813 1889 3855 Colonias
1903 3814 1925 3854 ἐι
1938 3812 2171 3864 Vespasiano

109 3874 147 3914 &
163 3870 241 3911 filio
257 3869 438 3912 deductas
454 3883 627 3927 arguunt.
656 3871 720 3912 De
730 3872 855 3913 Stobis
868 3875 906 3911 &
918 3871 993 3911 hoc
1005 3869 1150 3924 templo
1165 3869 1205 3908 in
1218 3867 1450 3923 Vespafiano
1461 3868 1606 3908 dietum
1618 3868 1681 3909 est.

159 3948 242 4011 Hic
255 3948 602 4004 nummusficundae
621 3950 891 4005 magnitudinis
900 3976 913 3997 ‚
930 3959 1003 4005 pro
1019 3962 1103 3990 raro
1119 3946 1167 3992 ὠ·
1178 3947 1341 4002 eleganti
1356 3945 1603 4000 recenftndm„
