2574 4214
745 198 1754 258 *COMMODURV
1928 197 2234 258 ὲὶς

198 284 235 312 c.
273 283 312 310 G.
351 283 381 310 1.
422 282 464 309 Η.
502 281 540 308 Ρ.
585 265 742 307 Colonia
770 265 938 305 Gemella
967 264 1085 318 Julia
1111 264 1360 322 Hipponensis
1387 265 1480 305 Pia.
1531 264 1643 318 Lupa
1678 262 1972 316 cumxpuerulis
2000 262 2176 303 Roinulo
2202 268 2241 303 ὃς

250 326 394 366 Remo.

140 421 145 426 ·
191 402 460 458 Hipponensis
485 401 653 442 Colonia
677 400 906 440 Commodo
934 412 1004 453 per
1020 412 1201 439 nummos
1216 398 1392 455 gratulari
1405 396 1578 444 videtur,
1607 394 1716 451 quod
1733 395 1883 436 classem
1899 390 2118 435 Africanam
2135 396 2238 435 insli-

137 460 270 505 tuerit,
299 473 386 513 quae
403 457 569 497 subsidio
586 457 696 502 esset,
726 455 752 496 si
770 455 871 496 forte
890 454 1148 496 Alexandrina
1168 453 1359 497 frumenta
1374 453 1608 496 defecissent.
1639 451 1775 498 Hanc,
1804 463 1847 492 ut
1866 449 1980 493 tradit
1995 450 2238 503 Lampridius

133 515 174 554 in
191 515 273 569 ejus
296 516 392 560 vira,
421 512 750 553 Commodianam
766 511 1002 552 Herculeam
1022 511 1186 552 vocavit.
1214 511 1350 565 Quum
1365 509 1513 564 classem
1527 520 1668 563 quoque
1689 506 1919 559 Africanam
1935 503 2239 549 Commodianam

132 569 364 610 Herculeam
391 567 614 621 appellaffet.
656 567 703 606 In
720 566 830 620 cujus
847 566 1070 607 memoriam
1087 567 1250 607 Senatus
1265 566 1470 606 Romanus
1486 565 1556 618 ipsi
1575 574 1779 604 nummum
1795 560 1972 615 percussit
1987 574 2076 601 cum
2093 560 2240 614 epigra-

132 625 212 680 phe
224 653 236 672 ,
266 639 287 664 P
302 638 332 663 R
344 638 370 663 o
384 638 409 663 v
424 637 437 662 1
452 638 477 663 D
490 638 512 662 E
525 636 555 662 N
570 637 593 662 T
607 636 622 662 1
636 636 663 661 A
678 636 701 661 E
733 636 759 661 A
777 636 803 660 v
815 636 855 661 G.
886 621 1136 662 Commodus
1152 620 1220 661 sub
1238 620 1418 660 Herculis
1435 619 1564 673 effigie
1575 646 1588 665 ,
1614 616 1716 671 pede
1737 631 1858 670 prorae
1882 615 2087 670 imposito,
2120 615 2238 668 spicas

132 681 180 721 ab
199 679 326 720 Africa
350 678 574 733 Elephantis
597 677 826 732 proboscide
844 689 979 718 ornata
998 677 1147 730 accipit.
1177 677 1290 729 Lupa
1308 688 1396 715 cum
1417 674 1586 728 puerulis
1604 674 1822 716 innummo
1842 671 2027 726 signatur,
2056 683 2099 712 ut
2118 670 2239 711 Colo-

131 737 205 776 niae
230 736 421 775 Romanae
445 733 610 789 insigne,
640 733 828 787 originem
857 733 879 772 ὲ
902 731 1078 772 Romulo
1098 734 1137 770 ὃς
1152 730 1286 770 Remo
1308 729 1501 778 indicans,
1530 729 1580 770 de
1599 743 1675 784 qua
1693 728 1775 768 haec
1791 738 1916 767 narrat
1933 728 2063 768 Livius
2077 728 2173 767 Dec.
2201 739 2235 766 1.

130 791 189 831 lib.
215 805 247 831 1.
276 790 395 830 Tenet
399 789 536 842 fama,
563 788 879 840 citmfluitantem
899 786 1075 831 alveum,
1103 799 1174 841 quo
1189 784 1345 839 expostti
1360 794 1469 825 erant
1477 788 1607 839 pueri,
1636 786 1760 825 tenues
1774 785 1814 823 in
1824 782 1918 833 βίω
1935 797 2036 838 aqua
2052 780 2239 834 destituiss

117 846 208 899 set,
236 845 363 898 lupam
368 844 563 896 sitientem
581 858 631 884 ex
645 843 835 884 montibus
853 845 919 898 qui
938 844 1040 882 circa
1052 840 1172 893 sunt,
1201 841 1256 881 ad
1265 840 1447 895 puerilem
1469 844 1646 895 vagitum
1671 837 1973 892 cuisttmflexiffe
1998 853 2009 877 :
2039 851 2119 878 eam
2126 839 2237 889 sum-

129 901 257 954 mzffas
272 899 487 953 infantibus
501 898 592 941 adeo
611 903 742 939 mitem
754 898 950 954 praeliuiffe
966 911 1168 944 mammas,
1197 905 1242 937 ut
1261 896 1392 951 lingua
1410 896 1637 937 lambentem
1644 907 1780 951 pueros
1800 894 1970 949 magister
1988 895 2081 948 regii
2087 893 2237 947 pecori-‘5

131 958 332 997 invenerit.

185 1032 268 1074 Hic
284 1047 455 1073 nummus
471 1035 596 1073 tertiae
610 1032 886 1089 magnitudinis
902 1030 1291 1086 interpraestantiores
1309 1030 1549 1085 reponendus.

931 1134 1420 1184 PATRQAE.

121 1732 230 1766 1MP.
258 1737 306 1764 M.
338 1738 363 1765 c
374 1738 401 1764 o
414 1737 463 1763 M.
497 1738 525 1763 A
538 1737 567 1764 N
579 1737 604 1764 T
616 1737 642 1763 0
654 1736 685 1764 N
698 1737 715 1763 1
731 1736 758 1763 N
771 1736 797 1763 v
810 1736 843 1763 s.
875 1735 903 1763 A
919 1735 944 1760 v
958 1736 999 1764 G.
1030 1723 1165 1778 Caput
1187 1718 1407 1765 Commodi
1423 1706 1648 1765 laureatum.
1852 1759 1853 1762 ,
1950 1751 1958 1756 -

173 1794 234 1822 co
247 1795 286 1822 L.
317 1794 360 1820 A.
394 1793 434 1820 Α.
466 1793 488 1820 1‘
503 1793 531 1819 A
544 1793 569 1818 T
580 1793 623 1820 R.
653 1778 810 1819 Colonia
826 1778 1002 1835 Augusta
1020 1782 1124 1819 Aroe
1142 1778 1347 1833 Patrenfis.
1368 1778 1526 1834 Jupiter
1540 1779 1700 1825 sedens,
1727 1775 1863 1819 dextra
1888 1773 2110 1826 visteriam,
2135 1777 2233 1820 laeva

227 1835 384 1877 hastam.

171 1912 368 1954 Patrenses
379 1912 524 1968 Jovem
539 1911 770 1966 Olympium
790 1912 991 1959 colebant,
1017 1913 1080 1953 cui
1100 1912 1206 1967 apud
1221 1911 1448 1952 Pausaniam
1466 1912 1507 1952 in
1528 1911 1711 1953 Achaicis
1734 1910 1925 1966 templum
1939 1924 2162 1959 erexerunt,
2191 1921 2237 1954 ut

116 1969 157 2009 in
182 1967 387 2010 Hadriano
411 1982 495 2023 pag.
527 1982 543 2008 1
556 1971 617 2020 58.
643 1968 821 2010 diximus.
851 1968 921 2008 Ille
940 1967 1075 2009 sedens
1095 1968 1309 2009 Vidioriam
1330 1967 1463 2008 dextra
1479 1967 1603 2024 gerit,
1628 1970 1682 2009 ob
1698 1969 1870 2023 praelium
1887 1967 2047 2023 aliquod
2069 1969 2090 2008 a
2107 1968 2233 2008 Com-

116 2024 226 2065 modi
249 2022 404 2080 Legatis
429 2023 588 2065 feliciter
614 2025 787 2078 gestum,
817 2034 862 2064 ut
889 2023 1049 2065 innuere
1073 2023 1227 2066 videtur
1243 2023 1489 2080 Lampridius
1507 2024 1548 2065 in
1564 2023 1647 2076 ejus
1663 2025 1754 2066 vita.
1795 2022 2009 2076 Vic‘lisunt
2018 2023 2096 2075 sub
2112 2038 2152 2063 eo
2168 2032 2231 2063 ta-

114 2093 219 2126 men,
244 2093 360 2136 quum
387 2077 453 2119 ille
466 2077 526 2128 sic
552 2081 727 2126 viveret,
747 2090 818 2134 per
843 2079 1012 2134 Legatos
1040 2079 1199 2125 Mauri,
1226 2081 1328 2120 vieti
1351 2078 1488 2125 Daci,
1516 2078 1734 2119 Pannoniae
1786 2092 1903 2134 noque
1920 2078 2120 2133 compofitae
2148 2094 2160 2117 :
2187 2080 2230 2119 in

115 2136 347 2182 Britannia,
373 2136 414 2174 in
436 2133 642 2174 Germania
658 2131 706 2178 ἐν
726 2136 767 2174 in
787 2133 926 2174 Dacia
941 2136 1138 2189 imperium
1154 2134 1238 2188 ejus
1251 2132 1517 2185 recusantibus
1523 2093 1844 2188 provincialiZus.
1878 2133 2076 2176 Patrenses
2084 2133 2228 2189 Jovem

113 2189 327 2233 ViEtoriam
342 2189 554 2246 gestantem
570 2183 848 2236 exhibuerunt,
875 2188 983 2244 quasi
1001 2187 1253 2231 Commodus
1268 2202 1354 2230 eam
1366 2187 1481 2245 Jovis
1499 2199 1578 2245 ope
1592 2188 1828 2246 reportasset.

125 2257 133 2267 ι
167 2268 251 2311 Hic
265 2283 436 2311 nummus
443 2267 624 2322 secunde
637 2267 915 2324 magnitudinis
922 2264 1000 2324 'pro
1015 2281 1100 2310 raro
1116 2266 1322 2311 habendus.

110 2839 159 2869 M.
189 2838 212 2865 c
223 2838 249 2864 ο
263 2837 300 2864 Μ
311 2836 348 2863 Μ
358 2837 419 2864 on
430 2836 457 2863 v
471 2835 502 2862 s.
535 2835 561 2861 A
574 2834 606 2861 N
619 2835 654 2860 τ.
688 2836 715 2861 A
728 2836 755 2861 v
768 2836 806 2863 G.
836 2822 971 2877 Caput
985 2822 1202 2864 Commodi
1215 2822 1437 2865 laureatum.

163 2895 186 2922 c
196 2895 270 2921 or..
303 2894 342 2919 A.
375 2893 416 2918 A.
448 2891 469 2917 P
485 2891 512 2917 A
528 2891 553 2917 τ
565 2892 609 2918 R.
640 2877 796 2918 Colonia
821 2878 996 2932 Augusta
1018 2879 1123 2919 Aroe
1148 2880 1357 2930 Patrensis.
1397 2879 1620 2921 Mercurius
1641 2880 1779 2922 sedens
1805 2880 1845 2921 in
1871 2880 2019 2936 templo
2048 2879 2188 2936 distylo
2196 2906 2211 2930 9

215 2935 348 2976 dextra
365 2933 541 2980 extensa,
570 2933 663 2974 laeva
677 2933 913 2981 caduceum,
939 2948 1012 2989 pro
1027 2934 1193 2988 pedibus
1212 2936 1320 2977 aries.

157 3013 278 3054 Nulla
302 3013 357 3054 est
378 3014 400 3054 a
422 3011 663 3053 Patrensibus
688 3011 873 3053 Mercurii
899 3012 1010 3060 culti,
1037 3013 1140 3054 nulla
1167 3013 1251 3068 ejus
1280 3014 1412 3055 statuae
1437 3025 1505 3056 aut
1528 3014 1621 3054 aedis
1648 3015 1755 3070 apud
1781 3015 2004 3056 Pausaniam
2027 3017 2175 3058 mentio
2193 3021 2208 3065 ς’

104 3083 286 3113 nummus
302 3081 430 3110 tamen
445 3068 483 3107 in
500 3068 647 3122 templo
662 3067 745 3122 ejus
766 3068 918 3124 signum
934 3069 1113 3117 exhibet,
1140 3070 1251 3124 quod
1266 3070 1402 3111 Pharae
1427 3070 1566 3111 ditioni
1592 3070 1828 3113 Patrensium
1855 3073 1904 3112 ab
1937 3072 2113 3126 Augusto
2142 3073 2210 3113 ad-

98 3126 210 3183 jedhe
223 3123 368 3165 summa
387 3138 476 3165 cum
494 3124 677 3179 religione
692 3123 869 3166 colebant
882 3125 952 3166 sub
968 3127 1124 3181 Agoraei
1138 3126 1202 3167 seu
1218 3125 1383 3178 Forensis
1400 3126 1656 3182 cognomine,
1686 3140 1729 3169 ut
1745 3128 1847 3168 idem
1865 3126 2065 3168 Pausanias
2083 3127 2147 3169 lib.
2169 3141 2206 3181 7.

103 3194 188 3236 pag.
207 3194 300 3232 440.
322 3181 444 3222 tradlt.
476 3187 569 3231 Ερμῆς
583 3197 613 3218 π
629 3187 661 3219 ἐν
675 3186 750 3232 μέσῃ
766 3187 803 3231 τῇ
817 3187 910 3232 ἀγορᾷ
923 3187 1001 3220 afflig
1015 3184 1196 3230 πεπτιημῼῦον
1210 3185 1360 3234 dymnum,
1387 3186 1462 3233 ἔχων
1480 3189 1504 3237 25⁸7
1520 3186 1622 3231 Wax-
1663 3183 1713 3224 In
1729 3184 1848 3224 medio
1865 3183 2052 3223 Mercurii
2061 3182 2206 3238 fignum

101 3249 343 3276 marmoreum
361 3250 444 3276 cum
459 3236 587 3278 barba.
616 3245 758 3284 Καιλέῐτιᾳ
774 3239 827 3285 W>
843 3242 880 3280 δὴ
897 3250 1058 3289 Amarae,
1079 3241 1158 3288 wi&
1173 3244 1212 3285 dl}
1227 3243 1303 3292 01an
1316 3243 1365 3291 &l
1380 3244 1544 3295 χρηςήωον
1559 3243 1712 3288 unffi-mne.
1750 3241 1960 3295 Cognomen
1983 3239 2018 3277 ei
2033 3238 2084 3290 est
2098 3242 2205 3295 Ago-

100 3304 173 3353 raeo
181 3318 193 3337 ,
222 3290 324 3347 quod
333 3291 431 3353 illem
444 3294 592 3354 omnino
611 3293 661 3347 ast
676 3307 722 3335 ac
721 3292 767 3343 st
773 3290 968 3347 Forensem
981 3294 1099 3334 dicas.
1127 3295 1273 3336 Forsan
1290 3296 1491 3337 Mercurio
1507 3296 1692 3352 templum
1708 3295 1730 3335 a
1745 3293 1987 3334 Patrensibus
2004 3294 2091 3349 post
2103 3294 2203 3336 Pau-

97 3345 207 3387 samae
228 3358 575 3403 peregrinationem
595 3348 824 3392 :edificatum
850 3361 917 3390 aut
942 3350 1158 3392 restitutum
1177 3351 1254 3400 est,
1281 3352 1373 3394 alias
1389 3353 1636 3409 antiquitates
1651 3361 1778 3392 narrat
1794 3349 1963 3405 Sponsus
1979 3349 2090 3392 Mist.
2110 3350 2202 3396 se&-

101 3414 161 3443 10.
179 3417 263 3458 pag.
283 3409 375 3457 364.

150 3478 234 3551 {iic
252 3494 423 3522 nummus
442 3483 589 3524 minimi
605 3482 745 3525 moduli
762 3496 874 3525 rarus
888 3482 938 3539 est
954 3481 1004 3528 ἄν’
1021 3484 1248 3540 conspicuus.
