2574 4214
844 188 1661 238 CALIGULA.
2200 208 2284 249 103

826 310 1338 352 CARTHAGO
1402 310 1659 351 NOVA.

194 871 231 899 c.
262 870 285 897 c
297 871 324 897 A
337 870 361 896 E
374 869 408 895 s.
440 867 467 894 A
481 867 508 894 v
520 868 560 894 G.
593 868 619 895 G
632 868 656 894 E
669 867 699 894 R
711 867 748 893 M
762 867 788 894 A
800 867 831 894 N
846 867 862 894 1
879 869 914 894 c.
945 867 961 894 1
972 867 1008 894 M
1020 868 1053 895 P.
1084 868 1120 895 P.
1151 868 1202 895 M.
1235 867 1260 894 T
1271 868 1315 895 R.
1334 867 1381 894 -92
1413 867 1471 895 co
1485 867 1515 894 s.
1555 855 1688 910 Caput
1705 854 1889 909 Caligulae
1905 854 2130 896 laureatum:

249 926 358 952 SAL.
396 924 514 950 Avo.
548 923 626 950 cN.
658 924 684 949 A
701 924 808 950 TEL.
842 923 992 950 FLAc.
1025 923 1101 950 cN.
1134 923 1290 950 POMP.
1323 924 1476 950 FLAc.
1508 924 1771 963 11.V1R.Q
1797 925 1833 949 v.
1865 925 1894 950 1.
1925 924 1966 949 N.
1998 925 2033 950 c.
2071 909 2285 950 SalusAaa

293 966 413 1022 gusta.
443 966 541 1005 Cneo
557 964 702 1004 Atellio
716 963 850 1006 Flacco
867 992 878 1012 ‚
909 966 1008 1005 Cneo
1024 966 1204 1020 Pompeio
1222 963 1356 1005 Flacco
1373 965 1614 1006 Duumviris
1633 965 1994 1021 Qinqztennalibus
2012 967 2054 1006 V
2048 966 2193 1006 ift'ricis
2209 965 2288 1018 Ju-

299 1022 361 1062 liae
376 1019 507 1061 Novae
524 1020 783 1074 Carthaginis.
826 1020 960 1075 Caput
977 1021 1171 1062 muliebre.

246 1098 368 1154 Apud
381 1098 558 1140 Patinum
575 1113 660 1154 pag.
677 1113 742 1148 90.
759 1111 897 1139 vocem
925 1113 952 1140 A
967 1114 1004 1140 T.
1028 1114 1052 1140 E
1066 1114 1102 1140 L.
1123 1099 1340 1154 conjunge,
1368 1103 1408 1140 δε
1423 1100 1594 1142 mutilam
1610 1097 1694 1154 lege
1710 1110 1753 1140 ut
1770 1099 1891 1153 supra.
1922 1099 2043 1155 Apud
2059 1099 2285 1141 Mediobar-

194 1155 287 1196 bum
306 1169 377 1209 pro
406 1169 433 1194 A
447 1168 472 1194 T
486 1169 510 1193 ἰ-
525 1168 548 1193 E
562 1168 590 1193 1.
621 1168 767 1207 repone
798 1168 825 1193 A
839 1169 951 1195 TEL.
981 1159 1020 1195 &
1041 1154 1102 1195 hae
1123 1154 1255 1196 litterae
1284 1170 1387 1210 Q-v.
1411 1169 1437 1195 1.
1460 1169 1501 1195 N.
1526 1171 1561 1196 c.
1587 1156 1917 1210 interpungantur.

236 1209 382 1265 Juliam
399 1209 611 1264 Augustam
628 1209 775 1250 Tiberii
802 1221 961 1250 matrem
986 1210 1054 1251 sub
1072 1210 1219 1251 Salatis
1234 1210 1415 1265 Augustae
1432 1212 1589 1251 nomine
1613 1212 1653 1251 in
1674 1212 1840 1251 nummis
1863 1222 1946 1251 tum
1963 1210 2287 1252 senatusconsulto

189 1265 391 1321 percuffis,
419 1276 503 1305 tum
519 1268 559 1304 in
573 1265 750 1306 Coloniis
769 1264 952 1320 fignatam
971 1265 1137 1307 vidimus
1157 1281 1164 1305 :
1184 1267 1278 1317 rcum
1298 1267 1391 1306 vero
1407 1266 1484 1306 hoc
1501 1267 1684 1307 muliebre
1700 1278 1815 1320 caput
1831 1267 1970 1308 eodem
1988 1266 2068 1308 fere
2086 1267 2206 1307 modo
2226 1282 2287 1307 ca-

188 1321 301 1375 pillos
320 1320 460 1361 habeat
475 1348 488 1368 ,
516 1334 598 1374 quo
623 1320 683 1361 his
704 1321 942 1374 temporibus
966 1332 1148 1362 matronae
1166 1322 1357 1362 Romanae
1380 1321 1586 1363 adornatos
1611 1322 1794 1377 gerebant
1809 1350 1821 1369 ,
1851 1323 2036 1377 Caligulae
2057 1324 2184 1364 uxoris
2203 1321 2284 1362 effi-

189 1377 293 1431 giem
308 1377 440 1430 potius
459 1376 639 1416 exhibere
656 1377 895 1430 putavimus,
923 1377 1040 1430 quam
1056 1377 1191 1417 Salutis
1208 1377 1303 1417 Deae
1319 1389 1454 1431 caput,
1474 1377 1639 1418 viderint
1654 1392 1769 1430 porro
1786 1378 1936 1418 eruditi.
1966 1377 2285 1432 Carthaginenses

190 1432 386 1486 Hispaniae
397 1459 410 1479 ‚
438 1432 521 1486 quo
540 1431 733 1486 quaefitior
749 1431 841 1473 esset
856 1446 945 1487 erga
965 1432 1182 1487 Caligulam
1202 1446 1338 1473 eorum
1358 1431 1547 1479 adulatio,
1577 1433 1791 1473 Caesoniam
1811 1434 1850 1472 in
1868 1433 2034 1473 nummis
2054 1433 2122 1472 sub
2139 1433 2285 1472 Salam

189 1487 371 1543 Augustae
386 1487 543 1527 nomine
563 1486 688 1528 forsan
705 1488 973 1542 percusserunt.
1010 1488 1216 1528 Suetonius
1235 1501 1318 1542 cap.
1336 1501 1399 1540 27.
1431 1487 1638 1540 Caefimiam
1654 1487 1852 1527 ardentms
1869 1487 1917 1532 &
1936 1488 2167 1535 constantias
2182 1501 2286 1526 ama-

189 1546 253 1585 vit
268 1571 281 1590 ,
308 1551 353 1583 ut
364 1542 468 1609 saepe
489 1542 682 1597 chlamyde
691 1543 872 1599 peltaque
888 1543 936 1587 (7
945 1543 1060 1598 galea
1074 1552 1247 1583 ornatam
1259 1570 1271 1589 ,
1303 1541 1485 1598 &juxta
1505 1543 1803 1598 aclaequitantem
1821 1570 1832 1588 ‚
1861 1544 2047 1584 militibus
2066 1543 2284 1593 astenderit,

188 1600 322 1640 'amicis
343 1612 433 1639 vero
456 1599 572 1639 etiam
594 1598 742 1639 nudam.
784 1599 830 1639 In
853 1598 1019 1639 nummis
1043 1598 1193 1639 Goltzii
1212 1597 1415 1639 Thesaurii
1443 1604 1678 1637 ΚΑΙΣΩΝΙΑ
1705 1608 1917 1636 ΣΕΒΑΣΤΗ
1946 1598 2178 1652 perhibetur.
2219 1597 2283 1637 De

188 1653 318 1695 Novae
333 1654 583 1709 Carthaginis
597 1654 780 1696 Wbffricis
799 1658 838 1694 ὃς
853 1653 979 1707 Juliae
994 1655 1289 1711 cognominibus
1308 1654 1441 1708 saepius
1456 1654 1620 1701 di&um3
1650 1655 1709 1694 illa
1728 1655 1935 1708 aliquando
1952 1653 2029 1693 fine
2044 1653 2220 1693 Coloniae
2239 1653 2285 1692 ti-

186 1709 295 1757 tulo,
322 1720 366 1750 ut
384 1709 426 1750 in
443 1709 619 1766 Augusto
636 1709 868 1752 observatur.
910 1711 1089 1765 Uterque
1106 1710 1300 1752 Duumvir
1317 1709 1631 1764 Quinquennalis
1649 1707 1789 1751 eodem
1808 1709 2045 1764 praenomine
2065 1711 2155 1749 Cnez'
2173 1722 2283 1748 orna-

187 1773 271 1813 tur,
299 1779 401 1820 quos
424 1765 472 1806 ab
495 1765 632 1821 insigni
655 1765 781 1820 aliqua
804 1780 844 1806 re
866 1765 973 1820 quafi
997 1769 1142 1815 γζυνοάκς,
1169 1767 1230 1807 vel
1253 1767 1275 1806 a
1301 1773 1442 1816 γίνεοθη,
1469 1766 1508 1806 id
1528 1767 1581 1807 est
1598 1767 1619 1805 a
1638 1767 1883 1820 generatione
1904 1766 2029 1805 futura
2051 1763 2124 1804 ess'e
2140 1764 2283 1808 disto&

185 1821 358 1862 austores
376 1821 654 1876 locupletiffimi
670 1821 756 1862 sunt
768 1821 944 1863 Valerius
957 1826 996 1862 &
1007 1822 1224 1876 Pompeius.
1266 1822 1397 1862 Ambo
1413 1822 1517 1875 idem
1534 1821 1665 1861 Flacci
1682 1835 1899 1874 cognomen
1919 1820 2084 1865 habent3
2104 1819 2154 1859 [ιε
2170 1829 2282 1858 voca·-

186 1876 240 1923 ti,
268 1876 338 1931 qui
355 1890 463 1917 aures
478 1877 573 1918 latas
589 1876 755 1924 habent,
783 1882 822 1918 &
837 1878 889 1918 ob
906 1879 1209 1933 magnitudinem
1225 1873 1404 1919 deorsum
1420 1877 1592 1929 reflexas.
1632 1876 1789 1916 Atelliae
1805 1877 1929 1932 gentis
1949 1875 2123 1916 meminit
2139 1874 2280 1915 Grute-

186 1943 250 1972 rus
267 1946 354 1986 pag.
367 1937 458 1981 961.
488 1947 512 1973 c
524 1945 568 1972 N.
599 1947 627 1972 A
642 1946 666 1972 T
678 1946 702 1971 E
714 1947 775 1972 LL
789 1946 815 1971 1.
848 1948 872 1973 c
884 1946 928 1973 N.
959 1947 998 1973 L.
1029 1947 1058 1972 H
1069 1947 1084 1973 1
1096 1948 1122 1974 L
1135 1947 1162 1973 A
1176 1945 1206 1973 R
1217 1946 1247 1973 1.
1284 1933 1497 1998 Pomgonia
1508 1959 1521 1980 ,
1549 1931 1697 1987 plebeia
1713 1932 1779 1972 est.

190 2061 191 2065 Ἰ
242 2009 326 2051 Hic
339 2023 510 2052 nummus
515 2010 678 2064 ficundi
693 2009 834 2052 moduli
840 2038 854 2060 ‚
883 2012 984 2052 inter
997 2011 1155 2056 rariores
1167 2014 1394 2052 numeratur.

882 2098 1580 2155 ERGAVICA.

188 2717 221 2744 c.
253 2716 276 2742 c
288 2715 315 2740 A
328 2715 352 2739 E
363 2713 380 2740 s
393 2713 419 2738 A
433 2714 474 2740 R.
509 2713 536 2738 A
552 2713 576 2739 v
588 2712 626 2738 G.
657 2713 683 2739 G
696 2711 718 2738 Ε
731 2702 761 2739 A
772 2710 806 2738 Μ
822 2713 848 2738 A
862 2713 893 2738 N
909 2714 924 2739 1
943 2715 964 2740 c
977 2714 1003 2740 v
1014 2713 1032 2740 s
1062 2715 1077 2740 1
1090 2714 1125 2740 M
1137 2716 1171 2742 P.
1211 2702 1345 2756 Caput
1360 2695 1546 2758 Cziligulae
1560 2703 1779 2743 laureatum.

241 2771 278 2797 M
290 2770 330 2795 V.
361 2769 464 2794 ERG
479 2768 505 2794 A
520 2768 571 2794 vl
583 2769 606 2795 c
620 2767 659 2794 A.
691 2768 725 2793 c.
759 2767 782 2793 T
796 2768 820 2794 E
832 2767 875 2794 R.
906 2769 925 2794 s
940 2769 966 2795 v
979 2769 1009 2795 R
1025 2768 1067 2795 A.
1097 2770 1138 2796 A.
1170 2771 1196 2796 L
1208 2771 1223 2796 1
1236 2771 1258 2796 c
1262 2787 1345 2795 .....
1376 2771 1391 2796 1
1403 2772 1431 2798 1.
1459 2772 1484 2797 v
1498 2771 1513 2796 1
1525 2772 1566 2796 R.
1598 2757 2082 2812 AlanicipiumErgavica,
2102 2759 2193 2798 Cam
2206 2759 2276 2799 Τι’-,ι

292 2812 414 2850 rentio
431 2810 552 2856 Sura,
580 2809 684 2850 Aulo
700 2809 855 2849 Licinio
857 2841 936 2850 .....
953 2810 1203 2851 Duumviris.
1243 2812 1333 2851 Bos.

240 2889 460 2944 Ergavica,
489 2888 577 2929 urbs
592 2888 876 2929 Celtiberorum
891 2889 931 2930 in
948 2890 1143 2944 provincia
1155 2888 1432 2930 Tarraconensi
1444 2917 1460 2937 „
1487 2891 1584 2930 inter
1599 2890 1821 2931 Latinorum
1840 2902 2012 2931 veterum
2030 2892 2196 2945 populos
2212 2905 2272 2932 re-

184 2945 355 2987 censetur
370 2944 393 2984 ὲ
409 2944 533 2985 Plinio
550 2944 613 2984 lib.
629 2958 664 2997 3.
683 2958 763 2998 cap.
782 2953 817 2997 3.
846 2943 1077 2986 Latinorum
1095 2953 1265 2986 veterum
1283 2945 1574 2996 Cascantenses,
1596 2946 1887 3000 l2rgavice7fim
1906 2951 1975 2987 &e
2008 2948 2064 2986 Hi
2081 2961 2215 2992 omncs
2231 2948 2271 2987 in

183 3000 349 3042 nummis
376 3000 583 3055 Municipii
610 2999 721 3041 titulo
742 2999 1025 3054 insigniuntur3
1053 3001 1158 3041 unde
1180 3000 1396 3055 Municipia
1419 3001 1480 3041 illa
1503 3001 1710 3055 Hispanica
1733 3001 1820 3041 line·
1837 3002 2016 3057 suffragio
2034 3003 2273 3054 Reipublicae

182 3068 358 3110 tempore
378 3053 476 3096 faeta
495 3055 604 3096 fuiffe
621 3055 857 3110 suspicamur.
895 3056 1164 3112 Ergavicenses
1180 3056 1364 3112 Caligulae
1383 3056 1642 3103 blandientes,
1662 3071 1842 3098 nummos
1858 3057 1964 3102 suos,
1988 3070 2029 3098 ut
2046 3058 2219 3111 Augusto
2233 3061 2273 3098 δε

181 3111 343 3152 Tiberio
361 3137 374 3157 ‚
399 3124 488 3152 cum
515 3112 616 3153 bove
640 3111 945 3166 Municipiorum
970 3111 1145 3166 symbolo
1165 3111 1434 3166 percusserunt.
1475 3111 1652 3152 Terentia
1680 3127 1774 3166 gens
1793 3116 1813 3152 a
1834 3113 1972 3153 Temno
1993 3126 2088 3151 voce
2110 3113 2269 3159 Sabina,

181 3180 269 3220 quae
287 3166 392 3207 molle
410 3166 614 3221 fignificat,-
643 3167 810 3208 Varroni
826 3167 950 3214 dicia,
978 3167 1127 3222 plebeia
1149 3168 1224 3213 est,
1254 3179 1296 3207 ut
1313 3171 1351 3206 δε
1372 3167 1543 3207 Licinia.
1584 3168 1647 3208 De
1662 3169 1760 3209 Sura
1776 3167 2011 3223 cognomine
2028 3166 2170 3221 passim.
2201 3168 2270 3208 Al-

181 3232 304 3262 terum
319 3222 523 3263 Duumviri
537 3223 672 3263 Licinii
687 3237 907 3278 cognomen
924 3223 1108 3278 temporis
1123 3222 1260 3276 injuria
1277 3222 1446 3264 deletum
1464 3223 1528 3262 est.

231 3298 315 3341 Hic
329 3314 499 3342 nummus
513 3301 709 3342 mediocris
711 3300 852 3355 sormae
867 3302 967 3342 inter
985 3314 1089 3342 raros
1107 3299 1152 3345 ὠ
1167 3300 1356 3355 elegantes
1372 3300 1635 3341 numerandus.

1058 3404 1373 3459 osca,
