2574 4214
280 210 380 269 192
838 215 905 264 M.
1013 213 1819 281 AURELI-US'.

333 280 508 320 Plurimae
534 279 806 321 Romanorum
836 281 1015 321 Coloniae
1038 282 1088 322 ad
1116 283 1303 337 originem
1332 283 1576 325 indicandam
1601 285 1639 325 in
1667 286 1832 325 nummis
1857 284 1987 339 lupam
2018 289 2107 324 cum
2136 286 2312 328 Romulo
2341 289 2381 329 ἃ

269 335 415 385 ,Remo
431 336 620 382 caelavere.
669 335 761 388 Ejus
779 336 878 390 lupae
897 337 958 376 his
976 337 1148 393 gemellis
1165 338 1215 378 ad
1233 339 1398 393 Tyberis
1419 339 1540 394 ripam
1562 353 1746 381 mammas
1761 341 1965 395 praebentis
1982 339 2150 381 fabulam
2169 357 2285 383 nemo
2299 344 2382 384 nes-

284 390 358 437 cit,
386 389 437 431 de
455 405 532 444 qua
548 389 668 430 Ovid.
691 390 832 431 Fastor.
850 391 913 431 lib.
935 405 971 431 2.

596 445 722 486 Lade
736 448 823 501 quis
843 445 1015 495 infantes
1037 446 1156 498 nescit
1174 447 1477 501 creviſjiefi’rino.
1779 499 1783 503 ἱ

279 498 413 552 Roma
433 500 455 539 a
475 499 673 546 Romulo,
702 502 772 555 qui
788 502 892 556 prius
911 500 1065 541 Romus
1085 501 1314 548 vocabatur,
1341 503 1531 557 appellata
1547 504 1623 550 est,
1654 504 1748 545 teste
1765 504 1897 546 Servio
1919 521 1926 545 :
1955 517 1998 546 ut
2015 518 2142 547 autem
2159 521 2231 561 pro
2247 508 2383 550 Romo

281 555 478 595 Romulus
503 555 714 604 diceretur,
742 556 992 596 blandimenti
1025 557 1144 611 gratia
1170 556 1313 598 {adium
1340 557 1394 598 est
1422 578 1434 605 ;
1462 558 1527 598 sed
1554 559 1642 599 urbs
1667 559 1839 601 Romula
1869 561 1972 601 haud
2002 563 2197 602 nominata
2222 564 2297 610 est,
2332 578 2382 604 ne

279 610 447 650 nominis
467 608 674 652 diminutio
700 612 802 653 urbis
828 612 1011 665 majestati
1037 611 1182 666 aliquid
1207 613 1425 654 detraheret
1452 628 1460 653 :
1489 613 1578 654 licet
1603 627 1729 655 autem
1753 630 1832 656 non
1849 618 2051 657 conveniat
2068 618 2166 658 inter
2186 617 2384 672 scriptores

278 666 499 726 de'Romae
525 668 708 714 nomine,
738 668 760 708 a
785 682 867 723 quo
893 667 1004 715 urbs,
1043 671 1082 708 ὃς
1108 681 1187 723 qua
1213 669 1262 711 de
1285 668 1395 710 causa
1421 668 1514 710 illud
1538 670 1756 719 invenerit,
1793 672 2040 727 receptissima
2067 685 2195 714 tamen
2226 674 2306 714 haec
2328 674 2382 715 est

277 735 425 776 opimo.

330 788 414 830 Hic
431 804 606 833 nummus
619 794 768 834 minimi
785 792 924 834 modula·
943 792 1080 833 obvius
1095 793 1154 846 est.

278 1322 330 1350 M.
361 1323 388 1349 A
404 1323 430 1350 v
444 1323 486 1350 a.
519 1322 547 1349 A
562 1323 593 1349 N
607 1323 631 1349 Τ
644 1323 670 1349 o
683 1323 714 1350 N
727 1323 743 1350 1
757 1323 800 1350 N.
833 1325 861 1351 A
875 1324 902 1351 v
916 1324 954 1351 G.
994 1309 1129 1366 Caput
1144 1310 1204 1352 M.
1223 1311 1370 1353 Aurelii
1383 1312 1604 1354 laureatum.

333 1380 358 1407 c
370 1379 396 1405 0
411 1380 459 1427 L..
479 1379 522 1405 A.
556 1379 598 1406 A.
629 1380 650 1405 P
665 1380 692 1406 A
707 1381 732 1406 T
746 1381 790 1407 R.
829 1367 984 1408 Colonia
1007 1367 1179 1423 Aungsta
1198 1369 1302 1409 Aroe
1323 1367 1529 1422 Patrenfis.
1571 1367 1714 1424 Aquila
1733 1367 1940 1425 legionaria
1957 1369 2055 1409 inter
2070 1367 2152 1410 duo
2172 1367 2276 1425 signa
2295 1369 2389 1412 mili-

390 1432 496 1462 tana.

335 1500 452 1553 Signa
468 1500 550 1540 haec
569 1499 788 1555 Legionum
806 1501 979 1542 militaria
995 1502 1045 1542 ad
1065 1502 1277 1558 Legionem
1298 1516 1368 1543 xxi
1383 1516 1412 1543 1.
1434 1503 1699 1559 primigeniam
1719 1502 1887 1557 spestant
1906 1531 1917 1550 ,
1945 1502 2054 1554 cujus
2073 1514 2274 1544 veteranos
2294 1504 2390 1545 mili-

282 1566 340 1596 tes
363 1555 491 1596 Patras
517 1557 565 1596 ab
597 1557 771 1610 Augusto
791 1557 969 1598 Colonos
991 1557 1120 1598 missos
1146 1557 1255 1599 fuisse
1279 1558 1547 1599 numismatum
1575 1558 1652 1598 fide
1676 1559 1864 1599 novimus.
1907 1559 2112 1599 Duumviri
2139 1566 2268 1600 autem
2282 1568 2296 1604 ,'
2323 1559 2390 1600 sub

274 1624 454 1664 ‘quorum
479 1612 696 1666 magistratu
721 1612 808 1651 cusa
829 1611 902 1654 fuit
921 1626 1078 1654 moneta
1095 1640 1108 1659 ‚
1136 1626 1178 1654 ut
1197 1614 1385 1667 originem
1405 1613 1441 1653 se
1461 1628 1508 1654 ex
1526 1614 1570 1654 iis
1588 1614 1727 1654 habere
1747 1614 1936 1656 denotent
1954 1642 1967 1661 ,
1996 1614 2055 1654 illa
2075 1614 2270 1668 signarunt
2285 1642 2296 1662 ,
2324 1627 2393 1657 aut

283 1678 329 1706 ut
350 1667 592 1721 antiquitatis
616 1666 690 1707 sua:
713 1668 936 1709 memoriam
962 1679 1204 1709 renovarent.
1256 1668 1383 1709 Urbes
1411 1681 1541 1710 autem
1566 1682 1655 1711 ante
1684 1669 1898 1710 Caesariana
1923 1681 2096 1723 tempora
2127 1670 2164 1709 id
2192 1685 2313 1726 genus
2337 1671 2396 1711 in·

285 1720 451 1776 signium
476 1724 515 1762 in
540 1724 708 1763 nummis
726 1750 737 1769 ,
766 1723 871 1763 unde
896 1724 1062 1778 origines
1088 1724 1172 1763 suas
1194 1723 1429 1770 indicarent,
1459 1724 1685 1766 exhibentes
1701 1726 1831 1766 videre
1851 1725 1904 1766 est
1920 1726 2024 1779 apud
2045 1725 2084 1764 111
2116 1725 2393 1779 Spanhemium

279 1773 369 1816 ‘diss
385 1791 422 1826 9.
440 1792 476 1832 p.
494 1781 585 1831 883.
616 1777 792 1832 ‘Pegasus
818 1779 856 1818 in
875 1780 1044 1819 nummis
1062 1778 1383 1833 Syracusanorum
1397 1806 1408 1826 ‚
1439 1776 1702 1826 Corinthum,·
1733 1779 1879 1821 Palma
1898 1780 2255 1836 Carthaginensium
2271 1809 2283 1829 ‚
2311 1782 2396 1837 Tya-

282 1846 400 1878 rum·,
430 1834 679 1873 Minotaurus
698 1833 1085 1882 Tauromenitarum,
1113 1834 1303 1882 Cretam3
1333 1834 1491 1876 NoHua
1507 1837 1699 1893 Megarae‚
1727 1836 1928 1886 Athena&
1953 1837 2289 1892 Qadrangularis
2305 1851 2394 1878 area

282 1887 608 1942 Dyrrachenfium
618 1917 631 1937 ,
660 1890 894 1944 Corcyram3
921 1891 1049 1932 Diana
1069 1889 1358 1932 Massilienfium
1368 1918 1381 1938 ,
1400 1891 1606 1934 Phocaeam
1623 1892 1805 1934 indicant.

278 2004 281 2014 ,.
333 1966 423 2011 Hic
435 1981 609 2010 nummus
627 1968 936 2025 minimaefhrmae
953 1972 1056 2012 inter
1075 1983 1182 2012 raros
1197 1978 1448 2025 computatur.

1096 2075 1596 2119 PHILIPPI.

285 2697 303 2725 z
315 2696 352 2724 M
366 2696 401 2723 P.
433 2695 457 2722 c
471 2693 499 2720 A
512 2693 537 2720 r,
550 2693 584 2719 s.
614 2691 663 2718 M.
695 2690 723 2718 A
736 2690 764 2716 v
775 2688 820 2716 R.
852 2688 879 2714 A
893 2688 924 2715 N
939 2687 964 2714 T
975 2686 1044 2715 oN
1057 2686 1072 2713 1
1083 2686 1127 2713 N.
1169 2670 1305 2725 Caput
1321 2670 1382 2712 M.
1397 2670 1544 2712 Aurelii
1560 2670 1783 2712 laureatum.

342 2754 366 2780 c
378 2752 405 2778 o
417 2752 457 2778 L.
491 2751 519 2776 A
532 2750 559 2775 v
572 2750 611 2775 G.
646 2748 661 2774 1
673 2747 700 2773 v
714 2747 751 2773 L.
785 2745 807 2770 P
818 2745 847 2771 H
860 2744 874 2770 1
888 2745 910 2771 L
924 2745 939 2770 1
952 2744 972 2769 Ρ
986 2744 1020 2770 Ρ.
1051 2728 1208 2770 Colonia
1224 2727 1342 2780 Julia
1355 2727 1528 2782 Aagusta
1542 2726 1740 2784 Phihppi,
1768 2724 1830 2767 vel
1848 2723 2107 2780 Philsppensts.
2145 2725 2311 2782 Augusti
2326 2726 2397 2768 sta-

398 2806 464 2834 tua
482 2792 522 2832 in
539 2789 614 2831 bafi
628 2817 640 2836 ,
670 2790 718 2828 ab
736 2787 851 2828 altera
868 2785 1043 2827 muliebri
1059 2797 1254 2825 coronata.

340 2871 422 2912 Hic
439 2882 554 2924 typus
573 2869 613 2907 in
631 2863 890 2920 Philippensis
907 2864 1087 2905 Coloniae
1103 2863 1270 2903 nummis
1287 2862 1470 2915 frequens
1485 2888 1497 2908 ,
1525 2861 1606 2902 imo
1626 2860 1706 2902 fere
1725 2861 1766 2900 in
1782 2860 1963 2901 omnibus
1974 2885 1987 2906 ‚
2016 2856 2042 2897 fi
2056 2859 2269 2900 Commodi
2286 2865 2398 2903 num-

287 2941 397 2970 mum
413 2926 580 2979 excipias
598 2950 610 2972 ,
639 2923 678 2962 in
698 2936 782 2975 quo
802 2921 893 2973 lupa
916 2934 1005 2960 curn
1026 2919 1194 2973 puerulis
1209 2944 1221 2964 ,
1250 2930 1394 2958 nomen
1414 2916 1539 2971 Juliae
1556 2943 1569 2963 ,
1598 2916 1806 2957 Coloniam
1831 2915 1968 2970 aJulio
1984 2914 2133 2954 Caelare
2152 2916 2396 2958 constitutam

287 2983 441 3040 argujt3
471 2979 649 3035 Augustae
669 2979 764 3016 vero
788 2975 1088 3029 appellationem
1113 2975 1162 3014 ab
1183 2972 1361 3026 Augusto
1383 2972 1518 3012 habuit
1533 2998 1546 3018 ,
1573 2972 1643 3025 qui
1663 2971 1756 3012 teste
1773 2971 1905 3011 Dione
1923 2970 1962 3010 in
1983 2983 2067 3010 earn
2090 2982 2261 3011 extorres
2279 2972 2398 3013 Italiae

287 3049 554 3081 conventuum
575 3033 735 3075 Antonii
752 3044 878 3084 partes
898 3031 1106 3084 sequutos‚
1134 3027 1355 3074 transmisit,
1383 3039 1426 3068 ut
1441 3028 1487 3067 in
1501 3027 1670 3067 Claudio
1687 3026 1862 3067 diximus.
1901 3026 2064 3080 Augusti
2083 3030 2176 3066 vero
2197 3026 2351 3068 statuam
2373 3029 2397 3068 ὲ

289 3092 598 3149 Philippensibus
613 3082 768 3145 publice
786 3086 948 3139 positam
966 3086 1020 3125 ob
1034 3085 1099 3138 jus
1113 3083 1288 3124 Italicum
1306 3082 1351 3123 iis
1368 3081 1500 3122 abillo
1516 3081 1756 3128 concessum,
1776 3083 1817 3122 in
1832 3081 2060 3122 Domitiano
2074 3082 2279 3124 retulimus.
2308 3082 2398 3124 Phi·

285 3150 383 3206 lippi
395 3148 641 3191 Macedoniae
660 3146 750 3186 urbs
767 3142 922 3183 duobus
939 3139 1100 3196 quidem
1117 3139 1286 3180 civilium
1304 3138 1491 3178 bellorum
1509 3137 1644 3193 praeliis
1657 3137 1835 3185 celebris,
1864 3148 1908 3179 ut
1921 3137 2039 3178 habet
2055 3138 2232 3179 Lucanus
2247 3138 2308 3178 lib.
2324 3151 2358 3179 ιι

735 3212 962 3259 ςᾸῖηιοηέω
980 3209 1073 3249 hinc
1089 3208 1216 3249 urbem
1231 3215 1380 3247 veteres
1397 3206 1528 3246 dixere
1545 3204 1772 3260 Philippos:

733 3268 820 3309 Hic
835 3266 893 3308 bis
908 3266 1081 3306 Romano
1096 3263 1323 3305 maduerunt
1331 3264 1523 3318 sanguine
1538 3263 1661 3318 campi
1675 3260 1734 3314 est.

345 3349 431 3393 Hic
448 3364 619 3394 nummus
627 3348 808 3404 ficundae
824 3345 1101 3405 magnitudinis
1116 3344 1252 3385 obvius
1268 3341 1521 3398 &frequens.

1090 3444 1602 3492 SINOPE.

2197 4042 2248 4075 M·
2279 4046 2403 4076 ΛΥΚ,
