2574 4214
371 654 568 691 marr-51
587 643 653 686 EI
689 643 942 686 nummariae
964 652 1139 702 campus
1159 631 1264 681 adei)
1283 632 1418 680 vastus
1441 641 1484 680 δε
1504 630 1672 697 amplus
1698 632 1780 686 est,
1818 647 1865 677 ut
1887 648 1937 677 ex
1961 648 2014 677 eo
2032 633 2169 677 varios
2190 639 2233 678 δε
2249 649 2343 679 ma-

278 680 568 766 ’ξὲἒιῇἒῇῗῗ
584 706 700 755 xime
726 706 843 755 utiles
868 705 919 753 ad
941 707 1141 753 Historiae
1164 705 1364 750 notitiam
1390 699 1550 748 fructus
1568 698 1765 767 colligere
1786 696 1907 746 liceat
1931 719 1941 745 ε
1979 703 2024 747 in
2045 696 2116 746 illa
2141 704 2343 749 Deorum

276 758 324 822 35(
470 771 483 795 ‘¹
529 757 552 817 ζ
583 776 696 823 series
717 812 730 830 ,
771 794 880 843 quos
906 791 1099 822 venerata
1125 773 1181 820 est
1205 775 1449 837 Antiquitas
1467 807 1480 826 ,
1517 767 1600 817 fere
1626 775 1788 835 integra
1814 768 2054 816 observatur
2080 795 2091 827 ·,
2129 766 2343 838 pleraeque

584 850 827 910 Principum
850 847 1078 910 imagines,
1115 858 1307 908 quorum
1328 845 1478 905 Regna
1498 844 1544 886 in
1563 838 1648 886 suas
1669 842 1908 904 provincias
1929 843 2131 886 Romana
2150 844 2345 905 potentia

445 898 736 978 ⁰u·‘³''{lredegit
755 949 769 969 ,
807 918 852 960 in
882 916 1074 960 nummis
1106 913 1368 976 reperiuntur
1392 928 1401 954 :
1440 912 1484 955 in
1506 913 1553 954 iis
1582 914 1895 974 Imperatorum
1928 905 1952 954 a
1969 905 2081 974 Julio
2106 906 2265 955 Caesare
2289 906 2344 956 ad

258 984 428 1045 Imperii
450 978 645 1028 occasum
675 966 727 1038 ιώ
751 980 958 1049 quosdam
976 983 1196 1046 exceperis)
1225 976 1380 1044 effigies
1402 974 1485 1024 fere
1512 975 1686 1043 singulae
1711 975 1963 1024 exhibentur
1985 1004 1996 1036 3
2034 982 2260 1025 innumera
2283 975 2343 1024 fa·-

258 1047 470 1095 miliarum
493 1054 791 1098 Romanarum
817 1055 1024 1105 nomina,
1063 1047 1261 1096 libertatis
1283 1063 1478 1113 tempore
1503 1043 1943 1103 maximecelebrata,
1982 1051 2027 1094 in
2050 1044 2127 1094 illis
2144 1045 2343 1096 recenfita

255 1115 401 1174 habes;
439 1116 575 1165 civiles
597 1125 902 1169 Romanorum
923 1119 1199 1185 Magistratus
1215 1152 1229 1173 ,
1267 1133 1362 1164 tum
1386 1120 1593 1177 majores,
1631 1114 1733 1163 cum
1753 1120 1967 1172 minores,
2006 1133 2101 1164 tum
2125 1115 2342 1173 ordinarii,

257 1183 357 1231 cum
379 1204 489 1234 extra
509 1186 703 1235 ordinem
727 1215 738 1247 ·‚
775 1186 995 1255 dignitates
1018 1183 1284 1235 sacerdotales
1305 1221 1318 1242 ,
1357 1190 1536 1252 imperia
1559 1183 1755 1233 militaria
1781 1195 1823 1234 &
1851 1190 2065 1233 maritima
2089 1183 2249 1234 ibidem
2274 1205 2345 1233 ex-

256 1252 462 1318 plicantur
488 1275 498 1301 :
543 1251 733 1324 depictos
758 1275 912 1305 eorum
937 1257 1105 1305 vestitus
1128 1253 1253 1322 plane
1277 1259 1412 1303 varios
1427 1291 1440 1310 ‚
1480 1274 1558 1302 nec
1581 1274 1673 1303 non
1702 1264 1745 1303 δε
1767 1259 2090 1323 provinciarum
2107 1292 2119 1311 ,
2155 1254 2346 1322 populo-

256 1339 350 1368 rum
369 1358 382 1378 ,
420 1324 588 1372 urbium
611 1362 625 1382 ,
666 1326 1040 1393 Coloniarumque
1066 1325 1090 1372 a
1114 1329 1271 1373 Graecis
1295 1334 1338 1372 δε
1363 1328 1575 1373 Romanis
1599 1322 1881 1373 dedufflarum
1912 1329 2096 1372 nomina
2124 1330 2170 1372 in
2193 1323 2343 1374 iisdem

255 1389 411 1439 videbis
424 1391 616 1460 inscripta
627 1415 643 1453 5
679 1394 851 1444 diversas
870 1413 1063 1462 praeterea
1081 1392 1348 1462 oppidorum
1367 1411 1486 1450 aeras,
1526 1392 1685 1460 templa
1699 1392 1881 1443 demum
1896 1399 2122 1442 innumera
2134 1430 2147 1450 ,
2186 1412 2234 1441 ac
2247 1393 2344 1462 plu-

253 1462 360 1506 rima
381 1459 577 1520 aedificia,
617 1482 663 1513 ut
684 1470 888 1514 omittam
906 1463 1041 1512 dicere
1064 1463 1118 1512 de
1139 1462 1392 1511 animalibus
1410 1500 1424 1519 ,
1460 1461 1640 1530 piscibus
1653 1499 1667 1520 ,
1706 1472 1750 1512 &
1772 1462 1924 1532 plantis
1932 1500 1947 1521 ‚
1984 1484 2034 1512 ex
2057 1464 2214 1531 quibus
2231 1464 2344 1513 {eor-

254 1525 345 1575 sum
369 1528 576 1579 volumen
599 1533 786 1582 efficitur.

319 1602 337 1644 Ι
343 1616 386 1645 m
394 1601 531 1648 mensa
551 1599 635 1649 fiere
654 1605 711 1651 est
732 1623 781 1651 ex
800 1622 1088 1651 nummorum
1110 1620 1225 1670 penu
1244 1601 1422 1650 collecta
1443 1607 1615 1650 materia
1627 1639 1640 1660 ,
1679 1600 1899 1671 longeque
1912 1600 2110 1670 profee'tb
2126 1601 2345 1671 copiosior

252 1664 387 1732 quam
413 1686 459 1715 ut
479 1670 531 1717 ab
556 1690 645 1718 uno
668 1671 908 1740 eodemque
938 1671 1136 1739 scriptore
1163 1669 1378 1720 cumulate
1405 1676 1604 1720 tractetur
1623 1709 1638 1730 ,
1677 1671 1780 1721 cum
1802 1671 1887 1721 sola
1910 1671 1977 1721 vel
1999 1678 2125 1721 unius
2148 1678 2346 1724 Romani

253 1740 520 1801 Imperatoris
540 1742 652 1805 gesta
672 1759 746 1807 per
768 1761 974 1789 nummos
991 1740 1256 1789 describenda
1278 1741 1436 1789 librum
1459 1739 1638 1808 implere
1655 1739 1776 1791 facile
1793 1740 1978 1810 poffint3
2015 1761 2075 1790 res
2093 1740 2272 1811 quidem
2289 1743 2345 1791 ab

252 1809 507 1872 antiquitatis
528 1807 719 1857 studiosis
739 1816 784 1859 in
805 1809 1067 1859 Illustriffimi
1087 1815 1292 1859 Artmontii
1309 1815 1428 1858 Ducis
1446 1810 1556 1860 aedes
1577 1813 1931 1861 convenientibus
1952 1831 2088 1879 nuper
2109 1810 2345 1880 propofita,

254 1882 297 1920 &
321 1879 473 1939 partim
498 1875 695 1926 inchoata
715 1916 730 1935 ,
765 1878 831 1927 sed
859 1878 946 1927 fato
970 1879 1165 1947 quodam
1187 1880 1416 1928 intermiss'a
1438 1908 1450 1940 3
1489 1880 1603 1930 unde
1625 1887 1657 1930 is
1679 1881 1768 1930 fiatis
1795 1883 1984 1950 praestare
2005 1881 2197 1931 videatur
2214 1919 2228 1939 ,
2266 1885 2346 1950 qui

250 1939 434 2009 aliquam
459 1951 514 1992 rei
537 1952 789 1994 nummariae
810 1965 973 2014 partem
999 1947 1262 1997 &adtandam
1286 1948 1523 2016 susceperit,
1561 1951 1789 2018 praesertim
1811 1950 1842 2000 si
1860 1950 1970 2000 felici
1997 1949 2186 2017 quadam
2208 1955 2346 1999 animi

251 2008 408 2058 solertia
429 2013 626 2077 praeditus
644 2053 656 2070 ,
696 2035 740 2064 ea
763 2035 857 2084 quae
879 2034 1069 2065 veterum
1091 2015 1344 2084 scriptorum
1368 2018 1635 2087 diligentiam
1657 2019 1883 2085 effugerint
1903 2054 1918 2072 ,
1955 2036 2231 2084 expromere,
2270 2034 2344 2066 aut

251 2077 280 2125 si
300 2078 508 2130 selectiora
522 2083 586 2132 vel
602 2090 845 2152 Principum
859 2122 872 2142 ,
909 2084 977 2134 vel
991 2084 1175 2133 aliorum
1189 2104 1576 2154 quorumcumque
1591 2091 1950 2153 Antiquariorum
1967 2083 2226 2132 numismata
2240 2103 2346 2136 cum

249 2147 436 2213 ipsorum
464 2168 666 2219 typorum
691 2159 1033 2223 interpretatione
1058 2172 1271 2222 exponere
1292 2191 1306 2211 ,
1344 2152 1412 2204 vel
1429 2172 1526 2222 quae
1546 2159 1592 2202 in
1612 2153 1689 2203 suis
1711 2154 2122 2222 peregrinationibus
2142 2172 2192 2202 ex
2214 2153 2341 2212 Asia,

252 2221 415 2267 Graecia
429 2257 441 2276 ‚
481 2227 617 2286 Syria,
656 2233 699 2272 &
716 2242 803 2273 tota
824 2223 938 2273 ltalia
958 2223 1149 2273 accurate
1164 2222 1404 2291 collegerit,
1446 2229 1491 2272 in
1514 2223 1657 2272 lucem
1676 2221 1863 2290 proferre
1883 2221 2045 2272 audeat.
2086 2227 2176 2271 Has
2197 2228 2342 2293 itaque

250 2292 438 2353 regiones
459 2327 472 2347 ,
514 2291 566 2340 ad
587 2291 941 2361 locupletandum
966 2300 1089 2342 tantis
1111 2294 1265 2361 opibus
1301 2298 1335 2342 L
1353 2298 1392 2343 U
1411 2299 1454 2342 D
1471 2299 1515 2342 O
1533 2299 1575 2343 V
1592 2299 1609 2342 1
1625 2298 1697 2341 CI
1737 2297 1791 2342 M
1809 2297 1847 2341 A
1865 2297 1906 2342 G
1926 2298 1970 2342 Ν
1991 2300 2001 2340 1
2043 2291 2313 2342 Thesaurum
2324 2329 2343 2351 ,

249 2352 416 2404 lustrare
429 2357 569 2426 saepius
584 2362 745 2420 missus,
765 2362 969 2431 elegantes
986 2382 1096 2431 quos
1111 2362 1372 2431 inspexeram
1394 2368 1566 2411 Latinos
1578 2401 1591 2420 ‚
1619 2367 1815 2419 Graecos,
1842 2371 1885 2411 &
1904 2360 2194 2411 Coloniarum
2210 2383 2341 2412 num-

249 2442 366 2482 mos,
403 2430 526 2488 juss‘us
544 2429 634 2479 sum
657 2431 966 2481 aSereniffimo
986 2437 1179 2500 Principe
1196 2437 1364 2480 Henrico
1385 2434 1577 2481 Borhonio
1597 2433 1762 2481 Vernolt‘i
1787 2439 1891 2479 Duce
1913 2450 1984 2480 eos
2006 2431 2202 2498 publicos
2224 2431 2338 2481 face-

249 2513 290 2541 re
304 2531 316 2550 ,
355 2495 503 2545 verum
526 2504 579 2547 ita
598 2518 643 2548 ut
663 2501 687 2549 :i
709 2507 863 2551 Latinis
884 2500 1176 2569 Imperialibus
1197 2507 1428 2569 inciperem
1449 2539 1463 2558 ,
1489 2513 1546 2563 ,δε
1577 2503 1920 2568 praestantiorum
1947 2500 2066 2550 velut
2091 2501 2340 2570 catalogum

248 2562 299 2609 ad
322 2566 490 2631 Adolphi
508 2575 667 2617 occonis
685 2570 955 2639 exemplum,
983 2570 1070 2618 fine
1093 2577 1205 2618 notis
1229 2580 1273 2619 δε
1298 2571 1712 2637 interpretationibus
1730 2577 1773 2619 in
1794 2569 1936 2620 lucem
1960 2569 2130 2619 tantum
2145 2572 2336 2621 ederem:

247 2651 298 2678 eo
313 2630 521 2684 lubentius
536 2657 702 2688 morem
717 2639 814 2707 geffi
828 2677 841 2697 ‚
878 2638 1002 2708 quod
1016 2637 1302 2688 Serenissimus
1319 2646 1510 2707 Princeps
1525 2639 1609 2688 lioc
1625 2658 1733 2707 opus
1750 2639 1936 2689 Gallieni
1954 2659 2154 2708 tempora
2165 2661 2258 2690 non
2273 2640 2337 2690 su-

248 2717 384 2763 perare
405 2724 617 2772 exoptaret
637 2745 650 2764 ,
695 2709 903 2777 quodque
925 2714 1100 2757 nummi
1125 2708 1365 2776 Imperiales
1390 2713 1635 2757 Graecarum
1662 2708 1835 2757 urbium
1859 2719 1902 2758 &
1928 2708 2220 2757 Coloniarum
2240 2712 2339 2777 post

247 2768 362 2818 hunc
381 2777 686 2840 Imperatorem
700 2797 791 2826 non
807 2795 972 2835 extent,
1002 2777 1068 2827 sed
1083 2782 1222 2826 Graeci
1235 2797 1452 2826 annorum
1471 2783 1641 2846 Imperii
1655 2797 1776 2826 notas
1792 2775 1959 2825 tantum
1976 2777 2213 2826 exhibeant.

314 2843 492 2889 Nostras
514 2849 655 2911 itaque
672 2845 941 2894 colleffiones
963 2853 1008 2894 in
1025 2864 1103 2894 tres
1120 2865 1254 2913 partes
1271 2846 1490 2893 divisimus
1506 2881 1518 2900 ,
1552 2851 1827 2912 primamque
1845 2844 1897 2891 de
1913 2850 2106 2892 nummis
2126 2851 2274 2911 primae
2291 2857 2337 2897 &

250 2908 470 2959 mediocris
491 2912 642 2960 formas
663 2919 797 2970 aereis,
839 2925 880 2962 δε
902 2913 1072 2961 alteram
1092 2913 1143 2960 de
1161 2919 1290 2961 aureis
1317 2923 1360 2960 ἃ
1383 2918 1585 2980 argenteis
1607 2917 1694 2973 jam
1717 2912 1885 2961 dudum
1909 2911 2205 2980 vulgavimus3
2243 2921 2337 2981 Ty..

249 2979 488 3046 pograplius
509 3000 651 3029 autem
675 2987 823 3030 onmia
842 2980 1003 3048 prorsus
1021 2981 1214 3048 exempla
1231 2980 1494 3038 divendidit,
1532 3000 1740 3050 rogatque
1754 3018 1766 3038 ,
1805 3000 1852 3030 ut
1874 3001 1991 3029 nunc
2013 2981 2241 3032 secundam
2263 3005 2336 3034 eo-

249 3065 344 3093 rum
372 3048 601 3098 editionem
626 3070 728 3098 cum
750 3056 862 3098 notis
887 3060 930 3098 δε
953 3055 1155 3118 argenteis
1178 3049 1389 3117 aureisque
1411 3056 1604 3098 nummis
1628 3052 1681 3099 ad
1701 3049 1954 3099 Heraclium
1972 3050 2191 3118 prodmstis
2205 3090 2219 3110 ,
2255 3073 2336 3122 pu-

251 3113 348 3161 blici
369 3121 464 3176 juris
484 3117 685 3166 faciamus
705 3147 714 3178 3
753 3117 873 3187 quod
892 3118 1067 3167 libenter
1092 3124 1137 3166 in
1160 3123 1518 3187 Antiquariorum
1541 3125 1718 3186 gratiam
1746 3120 2036 3187 praestabimus
2048 3157 2063 3178 ,
2101 3125 2337 3192 postquam

251 3182 339 3229 lra‘c
358 3192 471 3232 tertia
493 3205 581 3252 pars
608 3188 659 3236 de
683 3193 838 3237 Graccis
863 3189 1051 3237 Urbium
1075 3197 1118 3236 ὃ(
1141 3187 1430 3236 Coloniarum
1451 3194 1643 3236 nummis
1671 3188 1723 3236 ad
1745 3187 1878 3237 finem
1902 3188 2106 3256 perdutsta
2130 3197 2233 3240 erit:
2272 3193 2336 3243 nil

252 3259 412 3301 mirum
435 3260 557 3320 igitur
577 3256 606 3304 si
625 3256 739 3305 illam
764 3257 964 3306 nondum
986 3256 1266 3314 confecerim,
1306 3276 1414 3325 opus
1431 3263 1547 3305 enim
1571 3263 1616 3305 in
1637 3257 1900 3306 immensum
1920 3257 2004 3306 fere
2018 3266 2221 3318 excrevit,
2249 3269 2337 3330 pri-

254 3340 323 3368 ma
345 3322 518 3389 quidem
543 3335 584 3371 ’ἃ
610 3325 784 3374 secunda
811 3345 902 3393 pars
931 3331 1000 3375 vix
1033 3346 1171 3375 unum
1202 3332 1380 3375 minoris
1402 3325 1554 3375 formae
1576 3326 1786 3375 volumen
1808 3325 2027 3394 implevit3
2072 3334 2211 3379 Graeci
2232 3331 2339 3381 verb

251 3397 445 3446 nummi,
489 3394 768 3461 Municipales
789 3406 830 3444 ὃς
852 3394 1054 3444 Colonici
1070 3432 1081 3451 ,
1119 3412 1303 3464 quatuor
1324 3395 1390 3444 vel
1414 3401 1542 3444 etiam
1565 3401 1760 3465 quinque
1781 3402 1930 3463 primae
1955 3399 2261 3466 magnitudinis
2284 3400 2334 3450 li-

252 3460 348 3506 bros
370 3458 540 3525 implere
562 3465 729 3526 poss'unt
752 3500 763 3519 ,
811 3463 1167 3533 quandoquidem
1191 3470 1353 3530 primus
1380 3464 1448 3513 hic
1469 3464 1522 3513 de
1548 3464 1748 3518 Coloniis
1773 3471 1985 3527 majorem
2013 3487 2141 3536 aequo
2165 3469 2337 3521 molem

253 3534 443 3575 continet
470 3564 482 3583 ,
516 3529 621 3576 adeo
642 3550 686 3578 ut
711 3552 809 3579 eum
840 3533 957 3601 quali
983 3539 1027 3581 in
1049 3533 1157 3581 duos
1181 3551 1327 3582 tomos
1349 3532 1532 3582 dividere
1553 3532 1679 3602 poffis
1705 3556 1715 3582 z
1752 3551 1877 3583 tantae
1899 3536 2191 3602 amplitudinis
2216 3540 2335 3589 causa

251 3596 329 3643 suit
352 3633 363 3651 ,
403 3615 494 3643 uon
518 3598 652 3644 modi)
676 3602 850 3660 cujusvis
872 3601 1134 3651 numifinatis
1156 3605 1358 3671 cetypum
1379 3602 1562 3653 seorsum
1585 3602 1780 3653 caelatum
1801 3640 1817 3661 ‚
1854 3602 1923 3652 sed
1948 3623 2101 3655 eorum
2127 3615 2338 3660 omnium

251 3664 471 3730 explicatio
492 3683 571 3730 pro
592 3668 746 3714 viribus
767 3686 931 3718 tentata.

319 3739 402 3783 Res
423 3733 597 3800 quidem
621 3741 806 3783 omnino
824 3756 959 3802 grata,
997 3757 1287 3789 nummorum
1309 3745 1452 3790 icones
1474 3745 1707 3790 Lectorum
1729 3739 1865 3789 oculis
1891 3760 2124 3809 exponere3
2160 3744 2229 3795 sed
2245 3745 2336 3796 illas

251 3822 298 3849 ex
319 3807 560 3868 Principum
579 3802 768 3851 Cimeliis
786 3824 945 3862 eruere,
973 3806 1255 3873 perarduum:
1293 3809 1347 3858 ad
1364 3809 1448 3878 ipffi
1467 3815 1585 3858 enim
1604 3808 1783 3859 difficilis
1802 3809 2046 3860 admodum
2060 3812 2195 3861 aditus
2207 3851 2220 3872 ‚
2259 3815 2336 3866 etsi

249 3870 479 3937 aliquando
495 3869 542 3918 sit
555 3871 769 3938 permissus
787 3908 799 3927 ‚
837 3880 906 3921 vix
922 3880 965 3922 in
980 3893 1095 3923 tanta
1107 3877 1418 3928 numismatum
1432 3885 1630 3947 congerie
1648 3916 1662 3936 ,
1699 3879 2022 3929 tractandorum
2040 3901 2334 3934 nummorum

247 3938 416 3989 facultas
429 3939 574 3997 datur,
611 3939 677 3989 seu
691 3957 862 4008 propter
879 3942 1259 3996 Cimeliarcliarum
1272 3951 1512 4014 peritorum
1528 3953 1785 4017 paucitatem
1805 3975 1817 4009 5
1855 3967 1928 3999 aut
1950 3948 1983 4000 fi
2003 3956 2080 4019 qui
2101 3950 2210 4000 forte
2227 3952 2332 4010 sint,

2161 4038 2335 4090 propter
