2491 4219
843 117 1565 170 VALERIANUS.
2164 119 2261 168 '237

162 194 371 238 fundatore
387 191 582 234 transmiffi
601 191 697 232 sunt.
741 189 840 230 Haec
860 188 983 242 Legio
1006 185 1145 239 aJulio
1161 182 1311 225 Caesare
1331 183 1370 222 in
1391 182 1641 235 Transalpina
1659 180 1783 221 Gallia
1807 180 1906 226 inter
1925 178 2013 218 alias
2033 176 2267 229 conscripta,

164 251 300 292 Tertia
323 251 481 290 nomine
505 247 694 302 appellata
718 245 774 285 est
790 270 803 290 ,
828 244 869 283 in
885 242 1070 296 Hispania
1090 242 1138 281 ab
1158 239 1336 294 Augusto
1359 237 1408 277 ad
1433 238 1638 291 provinciae
1657 235 1868 276 custodiai‘n
1888 233 2095 278 collocata,
2123 232 2208 285 post
2225 231 2266 270 in

166 305 416 347 Germaniam
433 304 502 344 sub
512 302 682 343 Claudio
693 327 707 347 ,
735 298 878 339 deinde
894 299 934 338 in
951 298 1096 351 Syriam
1113 296 1135 334 a
1148 293 1312 335 Nerone
1330 292 1500 333 “adana
1511 320 1522 339 ‚
1549 293 1589 331 in
1602 291 1799 331 Phoenicia
1816 288 1971 330 tandem
1991 287 2160 340 hyberna
2176 298 2265 339 age-

167 363 254 408 bat,
281 361 369 401 cum
387 360 490 411 Sept.
504 359 665 398 Severus
682 368 764 396 eam
780 366 912 395 contra
929 353 1090 393 Parthos
1108 350 1260 395 eduxit,
1289 352 1328 388 δε
1347 348 1399 387 ob
1415 359 1592 388 navatam
1608 348 1655 387 ab
1672 345 1750 400 ipsa
1766 346 1805 384 in
1821 359 1871 384 eo
1891 343 1992 382 bello
2008 342 2156 381 fortiter
2172 353 2267 393 ope-

166 430 246 458 ram
259 444 271 463 ,
300 415 396 455 illius
413 414 629 454 Veteranos
644 412 683 451 in
700 409 908 450 Coloniam
925 408 1085 449 deduxit
1103 422 1110 446 :
1139 405 1218 444 Dio
1244 403 1362 459 ipsam
1382 402 1490 442 Alex.
1512 403 1639 443 Severi
1658 410 1835 454 tempore
1859 398 1986 439 adhuc
2009 397 2048 436 in
2069 395 2268 436 Phoenicia

167 471 307 513 morari
325 468 438 510 tradit
455 488 467 515 3
494 467 559 508 sed
578 466 725 507 nummi
741 465 932 512 Gallieni,
961 463 1030 518 qui
1046 462 1236 517 Legiones
1257 471 1393 499 omnes
1413 472 1500 498 cum
1525 471 1661 498 eorum
1679 455 1900 497 nominibus
1921 458 1960 494 &
1977 451 2186 506 insignibus
2204 464 2268 491 ex-

166 528 302 570 hibent
314 552 326 571 ,
355 524 437 577 ejus
452 537 533 563 non
549 523 804 563 meminerunt
821 541 831 568 ;
861 535 909 561 an
927 519 988 560 illa
1005 530 1097 559 tunc
1113 515 1282 562 dimissa,
1310 513 1372 554 vel
1388 513 1427 552 in
1446 514 1558 554 aliam
1576 524 1764 567 cooptata
1781 510 1914 557 fuerit,
1941 510 2141 550 incertum.

221 611 305 652 Hic
320 623 490 653 nummus
498 611 633 665 primae
652 607 927 662 magnitudinis
949 606 1069 645 rarior
1084 602 1134 656 est
1149 603 1261 657 qudm
1270 600 1461 652 ficundae.

899 709 1527 760 VIMINACIUM.

169 1317 185 1346 1
197 1316 233 1344 Μ
246 1317 277 1342 Ρ.
310 1316 336 1342 v
349 1315 375 1342 A
391 1316 415 1342 L
428 1315 451 1341 E
464 1313 493 1341 R
505 1313 521 1340 1
536 1312 561 1339 A
576 1313 606 1339 N
619 1310 646 1339 v
658 1312 678 1338 s
710 1311 745 1338 Ρ.
784 1311 810 1338 Α
826 1311 853 1338 ν
866 1311 906 1338 G.
947 1297 1081 1351 Caput
1098 1296 1291 1339 Valeriani
1307 1297 1530 1338 laureatum.
1677 1321 1729 1341 s,

223 1374 255 1399 p.
285 1372 334 1398 M.
367 1371 398 1396 s.
431 1371 453 1396 c
466 1370 492 1395 o
505 1370 542 1396 L.
576 1369 600 1395 v
614 1369 686 1395 1M.
718 1354 942 1394 Provinciae
962 1353 1097 1409 Moestae
1114 1353 1322 1408 Superioris
1336 1353 1491 1392 Colonia
1509 1351 1777 1391 Viminacium.
1812 1347 1857 1389 In
1875 1348 1954 1389 imo
1989 1361 2014 1386 A
2027 1360 2068 1386 N.
2098 1360 2121 1386 x
2137 1360 2151 1386 1
2170 1359 2184 1385 i
2204 1359 2219 1385 1
2238 1346 2274 1385 12

275 1415 315 1453 in
334 1412 412 1474 aliis
443 1426 468 1451 A
483 1424 525 1473 ις.
545 1424 614 1451 XV.
641 1411 681 1450 in
696 1410 775 1450 aliis
801 1424 883 1450 AN.
904 1422 962 1450 xv
975 1424 1005 1450 1.
1033 1411 1150 1450 Anno
1165 1408 1442 1460 decimosexto.
1488 1404 1633 1448 Mulier
1660 1404 1822 1445 brachiis
1846 1400 2022 1459 expansis
2046 1402 2170 1448 stans,
2200 1415 2274 1456 pro

275 1468 440 1523 pedibus
457 1467 547 1507 hinc
565 1467 664 1513 Bos,
691 1466 783 1506 inde
797 1466 892 1507 Leo.

218 1546 479 1588 Viminacium
495 1545 583 1585 urbs
601 1544 801 1598 superioris
816 1543 967 1584 Moefiae
977 1572 989 1591 ,
1018 1545 1186 1585 Colonia
1205 1543 1226 1584 a
1243 1542 1446 1584 Gordiano
1464 1541 1582 1589 fassa,
1612 1555 1793 1582 nummos
1808 1541 1829 1580 ὲ
1846 1538 2026 1580 Coloniae
2042 1536 2272 1578 fundatione

163 1602 297 1645 sedulo
314 1602 494 1642 omnibus
512 1601 811 1653 Imperatoribus
827 1601 935 1642 cudit
947 1628 958 1647 ‚
987 1612 1031 1641 ut
1047 1615 1179 1641 eorum
1198 1614 1328 1641 curam
1344 1599 1402 1639 his
1419 1600 1680 1639 monumentis
1697 1597 1745 1637 ad
1764 1597 1867 1636 suam
1889 1593 2153 1635 defensionem
2171 1591 2271 1632 exci-

163 1670 260 1700 taret
287 1657 471 1717 advetsus·
491 1655 669 1695 barbaros
696 1656 912 1709 provincias
935 1657 1135 1697 Romanas
1160 1656 1226 1696 fibi
1251 1657 1443 1709 proximas
1466 1654 1760 1709 depopulantes,
1799 1652 1885 1705 Ipsa
1904 1651 1943 1690 in
1960 1650 2127 1690 nummis
2146 1660 2270 1688 annos

160 1728 243 1754 aerae
257 1712 492 1752 fundationis
508 1711 700 1775 perpetuo
718 1711 898 1766 signavit,
926 1713 980 1752 ita
996 1724 1038 1752 ut
1054 1726 1122 1766 pei·
1139 1726 1208 1752 eos
1228 1711 1382 1765 Imperii
1401 1710 1484 1751 finis
1497 1737 1508 1756 ,
1537 1710 1738 1750 &initium
1756 1706 1941 1760 cujusque
1958 1705 2204 1759 Imperatoris
2220 1702 2269 1743 ab

159 1770 242 1810 hoc
262 1781 437 1828 tempore
453 1779 559 1806 certo
575 1766 838 1827 innotescant,
867 1768 977 1821 quod
989 1768 1069 1820 jam
1086 1767 1195 1821 supra
1213 1768 1450 1813 notavimu33
1479 1765 1542 1805 hic
1558 1766 1651 1805 vero
1668 1776 1848 1804 nummus
1866 1775 2008 1802 annum
2030 1775 2078 1801 xi
2092 1775 2105 1800 i
2119 1774 2178 1800 11.
2202 1757 2271 1798 sub

158 1824 369 1866 Valeriano
389 1822 558 1876 signans,
587 1832 630 1861 ut
644 1835 684 1861 in
695 1821 948 1863 Treboniano
963 1835 1089 1876 patre,
1111 1823 1326 1864 Volusiano
1339 1849 1350 1868 ,
1385 1822 1470 1874 ejus
1487 1821 1588 1867 filio,
1614 1819 1896 1865 &AEmilian0‚
1926 1817 2085 1857 denotat
2100 1829 2168 1856 eos
2185 1828 2270 1855 om-

156 1893 228 1922 nes
245 1892 348 1919 anno
369 1878 421 1917 U.
439 1877 489 1917 C.
511 1888 626 1928 1007.
648 1877 841 1939 decessisse
857 1906 869 1925 ‚
900 1882 939 1918 ὃς
956 1878 1202 1919 Valerianum
1220 1878 1431 1932 Imperium
1449 1877 1636 1917 continuo
1653 1874 1847 1930 arripuisse
1862 1901 1873 1920 ‚
1903 1873 1930 1914 fi
1950 1872 2109 1927 quidem
2134 1871 2184 1912 ad
2201 1884 2267 1910 an-

156 1948 253 1975 num
273 1934 326 1974 U.
344 1933 390 1973 C.
408 1945 502 1985 993.
522 1946 604 1986 quo
621 1932 884 1975 Viminacium
902 1934 1071 1974 Colonia
1087 1935 1292 1975 constituta
1309 1934 1363 1974 est
1379 1961 1390 1980 ‚
1419 1933 1509 1973 anni
1523 1931 1820 1986 quatuordecim
1839 1929 1977 1983 adjeffl
1994 1956 2006 1976 ,
2033 1928 2267 1969 constituent

155 1989 327 2033 eundem
341 2002 487 2029 annum
506 1988 557 2029 U.
575 1987 625 2028 C.
648 2002 766 2041 1007.
795 1988 983 2031 secundus
998 2004 1181 2030 nummus
1196 2003 1337 2030 annum
1358 2003 1426 2029 xv.
1449 1988 1655 2035 exhibens,
1675 2001 1779 2028 anno
1797 1987 1912 2027 U.C.
1937 1987 2053 2026 1008.
2072 1983 2181 2025 cusus
2197 1983 2263 2029 est,

156 2058 204 2087 ut
223 2049 261 2085 &
278 2044 372 2106 alter
394 2058 483 2106 cum
514 2056 602 2106 ΑΝ..
630 2058 689 2085 xv
703 2059 735 2085 1.
761 2044 929 2101 signatus
946 2073 959 2093 ,
987 2060 1090 2086 anno
1110 2046 1162 2086 U.
1180 2047 1227 2087 C.
1252 2060 1369 2096 1009.
1395 2044 1462 2087 sed
1488 2045 1536 2085 ab
1560 2044 1637 2085 hoc
1662 2057 1767 2085 anno
1791 2045 1852 2095 16.
1879 2041 2040 2094 epochae
2059 2041 2267 2086 Viminacii

152 2113 398 2164 :nummi-nec
417 2113 465 2161 in·
473 2099 680 2142 Valeriano
698 2115 770 2141 nec
790 2103 828 2142 in
847 2100 1027 2143 Gallieno
1046 2101 1213 2156 amplius
1225 2113 1445 2143 occurrunt.
1481 2099 1646 2144 Mulier,
1675 2110 1718 2138 ut
1733 2097 1844 2150 supra
1860 2094 2006 2137 distum
2026 2096 2101 2144 est,
2130 2098 2263 2141 urbem

154 2155 221 2207 feu
242 2155 345 2197 urbis
361 2155 535 2216 Genium
551 2156 793 2207 repraesentat
804 2183 816 2202 ‚
844 2156 924 2197 Bos
941 2157 1120 2197 Coloniae
1135 2157 1350 2210 symbolum
1361 2182 1373 2202 ,
1400 2156 1485 2194 Leo
1500 2165 1629 2194 autem
1646 2152 1747 2193 urbis
1761 2151 1918 2206 insigne.

210 2243 273 2283 Hi
292 2243 434 2282 nummi
445 2240 625 2292 secundae
648 2241 924 2295 magnitudinis
943 2252 1015 2295 pro
1042 2243 1140 2281 raris
1162 2240 1354 2287 habendi,
1379 2253 1477 2307 unges
1500 2253 1549 2278 ex
1568 2239 1617 2278 iis
1633 2236 1729 2278 male>
1744 2250 1830 2277 cum
1859 2250 1885 2275 A
1900 2249 1944 2276 N.
1973 2250 1989 2276 1
2010 2251 2042 2277 1.
2070 2237 2096 2277 ιὶ
2113 2237 2261 2281 Patina

148 2310 237 2356 pag.
254 2303 348 2353 4062
368 2297 551 2351 vagatus
569 2295 628 2348 ssa

1081 2677 1335 2720 οὒὶθυὲἒὲἣ
