2491 4219
746 151 1056 198 ..TRER
1136 149 1566 200 GALLUS.
2131 165 2217 207 215

172 217 236 259 De
263 216 361 257 ludis
387 219 426 256 in
452 216 641 257 honorem
670 216 829 270 Augusti
855 216 960 268 apud
987 215 1246 255 Damascenos
1271 216 1446 255 institutis
1465 242 1476 261 ‚
1503 217 1580 268 jam
1599 215 1636 254 in
1655 215 1834 268 Philippo
1852 215 1943 254 &in
1961 214 2125 255 Otacilia
2140 213 2224 265 ejus

117 285 236 314 'uxore
254 273 440 317 diximus,
468 287 637 325 quorum
658 272 705 310 illi
730 271 1025 313 m'freboniani
1044 272 1208 313 nummis
1226 271 1365 310 iterum
1384 271 1646 314 celebrationis
1664 273 1886 310 memoriam
1905 271 2108 314 exhibent3
2138 269 2222 321 plu-

115 329 201 371 rimi
219 330 322 368 enim
343 340 603 367 memorantur
617 329 656 366 in
677 327 791 380 ipsius
810 327 1053 380 Imperatoris
1076 326 1297 366 memoriam
1316 325 1402 364 faffi
1420 353 1430 372 ‚
1466 340 1488 365 A
1506 340 1527 364 Y
1546 339 1598 364 ro
1615 340 1636 364 Y
1653 341 1674 365 c
1688 340 1711 364 T
1725 341 1747 364 E
1762 340 1773 364 1
1789 341 1814 364 A
1845 326 2024 365 nimirum
2045 324 2219 378 Pergami

117 384 222 438 apud
233 385 442 423 Gruterum
462 397 496 435 p.
512 396 530 435 3
547 397 601 432 ¹9·
635 397 656 422 c
670 397 692 421 E
707 397 727 421 u
742 396 764 420 Λ
783 397 804 422 c
818 397 841 421 T
859 397 882 421 A
909 382 1146 423 Alexandri-az
1162 381 1267 434 apud
1283 380 1449 421 eundem
1467 395 1503 434 p.
1518 395 1535 432 3
1550 387 1606 421 16.
1640 395 1663 420 ι(
1679 395 1704 419 A
1720 394 1734 419 1
1749 396 1770 421 c
1786 395 1810 419 A
1828 395 1847 419 Ρ
1863 395 1874 419 1
1891 395 1913 420 A
1937 380 2034 432 Tyri
2050 380 2089 418 in
2108 393 2219 419 num-

117 442 188 479 mis
207 438 386 492 Philippi.
426 438 599 477 Damasci
623 441 714 476 vero
745 452 767 477 c
781 452 803 476 r.
819 453 839 477 u
855 452 879 477 A
898 453 919 476 c
935 452 968 477 M
984 452 998 477 1
1014 452 1037 476 A
1053 464 1063 482 ‚
1094 437 1319 490 Augustales
1347 435 1430 474 illos
1457 436 1570 477 ludos
1589 436 1803 489 Gymnicos
1816 463 1827 481 ‚
1856 436 2049 489 equestres
2063 462 2072 479 ‚
2105 434 2217 474 musi-

114 494 258 547 costlue
275 492 439 533 lustrales
458 492 565 532 fuiss'e
582 492 694 532 tradit
713 492 809 532 Petr.
831 493 954 532 Faber
977 495 1101 546 Agon.
1121 493 1180 532 lib.
1201 507 1236 545 3.
1255 507 1287 532 c.
1304 496 1367 530 26.
1396 492 1495 544 ipsos
1512 494 1603 532 vero
1624 492 1796 545 Augusto
1813 492 1834 529 a
1856 490 2099 530 Damascenis
2117 491 2220 529 dica-

116 562 176 590 tos
193 549 390 588 retulimus
409 575 420 593 ,
449 549 560 601 quod
579 548 637 588 ille
658 562 792 587 eorum
813 551 947 587 urbem
968 547 1099 589 Fecerit
1123 547 1389 601 Metropolim.
1427 547 1586 587 Corona
1609 560 1770 600 quercea
1785 574 1796 592 ,
1827 560 1904 585 non
1927 560 2053 586 autem
2071 545 2220 591 laurea,

115 617 159 645 ut
181 604 322 658 placuit
348 602 607 643 Mediobarbo
627 617 712 657 pag.
738 610 825 656 360.
856 597 1039 656 tanquam
1060 604 1310 642 certaminum
1328 602 1516 641 vitiorum
1538 603 1733 656 praemium
1755 603 1792 642 in
1811 601 1887 641 hoc
1908 601 2133 641 numismate
2153 614 2221 640 cx-

114 661 269 701 hibetur
284 687 296 705 ,
324 659 406 698 herc
427 671 554 699 autem
581 660 632 699 ob
658 660 760 698 cives
785 659 951 699 servatos
975 658 1261 698 concedebatur
1277 684 1288 702 ‚
1318 657 1424 696 unde
1442 657 1563 709 major
1582 657 1662 696 laus
1682 657 1856 712 Augusto
1872 671 1917 697 cx
1937 657 2024 710 ipsis
2043 656 2220 702 servatis,

114 716 232 768 quam
259 728 303 753 ex
326 714 484 754 victoria
506 726 638 754 contra
664 714 791 755 hostes
816 714 930 755 relata
948 741 959 760 ‚
989 713 1016 752 fi
1034 713 1192 767 quidem
1211 712 1340 766 Scipio
1359 712 1465 767 apud
1482 712 1692 767 Vopiscum
1706 740 1718 759 ‚
1747 714 1870 754 civem
1891 713 2035 754 mavult
2054 712 2222 760 servare,

116 771 233 825 quam
252 769 351 809 mille
371 769 498 810 hostes
515 769 685 823 perdere.

170 848 253 888 Hic
269 861 441 889 nummus
458 849 651 889 mediocris
667 848 809 889 moduli
823 849 923 891 inter
939 851 1100 893 rariores
1116 847 1377 890 numerandus.

708 937 729 994 1
774 940 855 1007 {L
885 953 932 993 A
957 952 1074 1016 OD
1106 954 1130 996 1
1157 954 1257 995 CE
1284 951 1509 1015 A.&'riae·
1572 927 1574 929 ¹

122 1611 149 1638 A
162 1609 220 1638 Tr
233 1612 258 1637 0
272 1610 311 1636 tc.
342 1611 382 1636 K.
416 1607 446 1636 r.
477 1608 563 1635 οτι
577 1610 612 1635 13.
647 1609 703 1636 ΤΡ
716 1610 752 1635 E.
786 1607 843 1634 ΓΑ
856 1607 882 1633 Λ
896 1608 921 1633 Λ
935 1610 961 1634 o
974 1609 1008 1635 c.
1042 1597 1099 1635 'eis
1114 1610 1148 1634 B.
1186 1596 1320 1649 Caput
1335 1595 1452 1636 Treb.
1472 1593 1573 1636 Galli
1588 1595 1812 1637 laureatum.
1843 1586 1859 1590 Ν
1977 1647 1980 1649 Α

174 1669 197 1694 c
210 1667 234 1692 o
250 1668 288 1691 L.
318 1667 344 1692 L
360 1665 384 1689 A
399 1665 466 1690 oo.
500 1665 535 1690 M
548 1665 571 1690 E
586 1665 609 1690 T
622 1663 652 1690 R
664 1665 689 1690 o
705 1665 726 1690 Ρ
739 1665 763 1690 o
775 1666 800 1690 L
813 1665 836 1689 E
849 1665 875 1689 o
889 1665 921 1690 s.
960 1650 1122 1690 Colom'ae
1141 1650 1341 1704 Laodiceae
1357 1650 1617 1706 Metropoleos.
1654 1653 1701 1692 ln
1721 1665 1807 1692 arca
1832 1665 1867 1694 Δ.
1887 1666 1923 1691 E.
1959 1650 2107 1694 Silenus
2126 1653 2227 1695 stans

227 1707 401 1746 dextram
421 1706 581 1752 attollit,
611 1706 774 1746 humero
793 1706 891 1746 laevo
908 1700 1032 1746 utrem
1047 1701 1239 1746 hircinum
1257 1707 1363 1762 gerit.

169 1784 365 1824 Laodicea
381 1784 558 1824 Coloniae
576 1788 615 1824 ὃς
637 1785 870 1838 Metropolis
888 1784 1075 1839 dignitate
1094 1785 1274 1842 insignis,
1305 1786 1393 1826 urbs
1417 1787 1471 1827 est
1495 1787 1609 1842 Syriae
1627 1787 1823 1834 littoralis,
1852 1790 1892 1826 &
1908 1800 1988 1828 non
2008 1787 2229 1842 Coelesyriae

117 1839 167 1881 ad
182 1840 392 1886 Libanum,
420 1840 482 1879 cui
501 1839 606 1879 hunc
627 1840 729 1880 Galli
747 1853 951 1880 nummum
968 1841 1098 1881 tribuit
1117 1842 1158 1880 P.
1180 1842 1404 1882 Harduinus
1419 1857 1506 1897 pag.
1524 1857 1541 1882 2
1553 1845 1612 1883 86.
1653 1843 1720 1882 Illa
1737 1843 1812 1890 est,
1843 1843 1952 1895 cujus
1973 1844 2074 1883 cives
2093 1843 2131 1882 se
2148 1843 2227 1896 Ju-

115 1895 250 1944 lienfi’s
269 1895 522 1946 Laodicenfi’s
546 1896 785 1949 appellarunt
809 1896 862 1936 ob
885 1897 1019 1936 tributi
1033 1896 1290 1938 remissionem
1306 1898 1394 1951 ipsis
1412 1905 1433 1938 a
1453 1899 1550 1952 Julio
1565 1898 1716 1939 Caesare
1733 1899 1973 1945 concessam
2000 1899 2091 1939 ideo
2111 1899 2230 1940 libera

115 1963 276 1992 vocatur
292 1952 313 1990 a
329 1950 454 1990 Plinio
471 1951 532 1990 lib.
553 1963 585 1999 5.
605 1965 685 2006 cap.
702 1965 763 1991 20.
785 1950 876 1991 huic
893 1952 1008 1992 etiam
1027 1951 1112 1991 urbi
1127 1953 1232 2007 Sept.
1250 1954 1411 1994 Severus
1427 1954 1491 2007 jus
1508 1954 1680 1996 Italicum
1699 1954 1880 1995 conceffit
1891 1982 1904 2002 ‚
1933 1954 2028 1995 dum
2045 1968 2130 1994 eam
2147 1956 2230 1996 Co-

114 2006 260 2048 loniam
277 2005 482 2046 constituit.
516 2006 674 2059 Ulpiani
689 2005 848 2060 quidem
864 2007 1020 2048 codices
1039 2007 1140 2048 illam
1155 2008 1195 2048 in
1211 2009 1317 2064 Syria
1331 2009 1444 2050 Coele
1461 2010 1670 2064 posuerunt
1683 2037 1694 2056 ,
1715 2009 1779 2050 sed
1795 2024 1872 2050 vox
1891 2010 1990 2050 Coele
2005 2023 2232 2065 expungen-

115 2062 188 2110 da,
217 2062 474 2102 Librariorum
491 2062 593 2102 enim
612 2076 738 2103 errore
754 2062 921 2117 irrepfit,
949 2073 992 2103 ut
1007 2061 1140 2104 videre
1156 2065 1210 2104 est
1226 2065 1333 2118 apud
1346 2064 1505 2105 Paulum
1523 2066 1584 2105 lib.
1602 2080 1637 2106 2.
1650 2065 1700 2105 de
1714 2065 1827 2105 Gens
1860 2065 2045 2104 Laodicia
2064 2067 2104 2104 in
2120 2066 2229 2118 Syria

115 2117 164 2162 ό
178 2117 335 2169 Berytos
347 2119 388 2156 in
401 2117 691 2172 Phoenicejurvs
704 2118 838 2158 Italici
841 2118 941 2168 sunt
950 2146 962 2164 ‚
974 2115 1151 2168 &sblum
1162 2134 1307 2167 eorum:
1323 2121 1469 2160 Silenus
1481 2121 1536 2159 sui
1549 2121 1694 2159 cultum
1707 2120 1746 2158 in
1758 2119 1851 2158 urbe
1863 2119 2019 2166 indicat,
2029 2121 2090 2161 ille
2101 2133 2233 2164 autem

112 2173 155 2214 in
169 2173 344 2214 Deorum
358 2185 559 2212 numerum
570 2172 709 2212 relatus
721 2173 775 2211 est
786 2173 825 2210 in
838 2173 998 2225 gratiam
1010 2172 1178 2223 Bacchi,
1200 2176 1310 2226 cujus
1323 2175 1446 2213 fuerat
1454 2173 1690 2238 paedagogus
1698 2201 1711 2220 ‚
1732 2173 1782 2213 de
1794 2174 2055 2227 qquulianus
2069 2177 2106 2216 in
2118 2177 2231 2220 Caeffi

116 2229 236 2264 Πάντων
252 2229 283 2263 ἓν
299 2233 324 2263 ‘³1²
339 2230 408 2270 θεῶν
423 2227 518 2272 κόκλῳ
533 2223 719 2270 καθημᾏῖων,
749 2228 763 2260 ὁ
779 2225 951 2274 Σειλῖωόςρῖ
967 2226 1197 2271 ἐρώᾶτκᾶςὲρξὲ-ιὶζ
1209 2228 1363 2272 δοκῶνμοι
1379 2226 1402 2265 Ξ
1416 2227 1536 2261 Διονῦσκ
1544 2234 1650 2267 atomus,
1677 2231 1700 2277 »ὲ
1718 2231 1781 2267 wis,
1807 2228 1890 2277 ’9τῷ
1902 2230 1992 2270 bium>
2007 2235 2053 2277 τῷ
2067 2234 2115 2266 Asi·
2129 2233 2223 2278 ‘0533-

95 2280 230 2329 »mas
245 2304 257 2321 ‚
271 2283 403 2320 :mistav
417 2279 495 2314 abra!
510 2305 520 2317 ,
543 2278 676 2320 ηςοφόΐίς
692 2293 734 2314 w
749 2281 797 2312 οῖσι
808 2277 864 2322 Ul
874 2276 1073 2322 wmsmssayssc
1086 2270 1205 2316 κωθῆξὲ.
1247 2274 1313 2314 Sic
1327 2276 1446 2328 {gitur
1458 2276 1566 2314 'Diis
1582 2277 1624 2315 in
1640 2278 1762 2316 orbem
1773 2276 2000 2328 fidentibus·
2010 2307 2023 2326 ,
2055 2281 2228 2330 Silenus,

114 2334 294 2385 ‘Dionyfio
298 2334 446 2392 juveni
463 2328 511 2375 ἵν’
530 2331 681 2384 vemsto
697 2331 801 2383 Jovi
806 2332 920 2385 patri
929 2332 1106 2383 proximo
1115 2356 1128 2376 ,
1149 2331 1374 2383 proximus,
1401 2337 1446 2370 ut
1462 2330 1697 2372 educatorem
1714 2329 1763 2376 ἐν
1778 2332 2028 2385 institutorem
2031 2343 2110 2391 par
2123 2346 2206 2379 erat
2212 2364 2229 2387 ,

42 2405 45 2408 ⁴
94 2389 261 2442 'affedztss
935 2410 939 2417 ·
974 2433 979 2444 ,
1157 2432 1163 2436 ,
1231 2417 1240 2439 i
1884 2404 1887 2406 ’

170 2466 255 2509 Hic
272 2478 445 2510 nummus
462 2465 617 2521 majoris
625 2463 765 2519 formae
784 2466 883 2506 inter
900 2464 1058 2504 rariores
1077 2461 1314 2518 reponendus.

171 3119 195 3146 c
206 3120 233 3144 o
246 3120 282 3146 L.
313 3119 340 3146 L
354 3119 381 3144 A
391 3119 462 3145 OD.
492 3118 530 3145 M
543 3119 567 3145 E
580 3114 605 3146 τ
618 3117 645 3145 R
660 3118 685 3144 ο
698 3118 719 3144 Ρ
729 3118 756 3144 0
769 3118 795 3145 L
805 3117 829 3144 Ε
842 3117 868 3144 o
882 3115 916 3142 s.
951 3102 1115 3144 Coloniae
1132 3100 1333 3143 Laodiceae
1350 3100 1607 3158 Metropoleos.
1643 3104 1690 3144 In
1706 3118 1791 3145 area
1815 3116 1848 3144 Δ.
1868 3119 1906 3145 E.
1949 3102 2094 3148 Mulier
2111 3109 2215 3149 tutu-¹

225 3160 298 3200 lata
316 3163 353 3200 &
369 3161 536 3201 tunicata
551 3161 650 3201 stans
662 3187 675 3207 ,
704 3159 837 3200 dextra
856 3159 1021 3200 temonis
1041 3158 1242 3213 capulum,
1270 3157 1362 3198 laeva
1377 3157 1472 3200 duas
1488 3158 1681 3200 icunculas
1698 3160 1866 3202 sustinet.
2210 3157 2215 3161 ’

167 3238 312 3278 Mulier
327 3237 387 3278 illa
403 3238 564 3279 tutulata
583 3238 704 3286 stans,
730 3237 963 3278 Laodiceam
980 3237 1113 3278 urbem
1131 3238 1392 3293 repraesentat,
1418 3248 1615 3279 temonem
1630 3239 1724 3279 vero
1741 3240 1859 3294 gerit,
1887 3239 1950 3281 stu
1968 3239 2120 3282 solitum
2133 3242 2218 3284 Ge-‘

112 3294 166 3335 nii
184 3293 395 3348 symbolum
407 3320 418 3340 ‚
447 3293 510 3334 seu
527 3293 640 3335 fitum
658 3293 760 3334 urbis
775 3293 825 3334 ad
843 3307 946 3334 mare
961 3293 1154 3340 indicans,
1183 3305 1225 3334 ut
1244 3294 1369 3334 innuit
1380 3293 1594 3349 Jostephus,
1621 3294 1712 3348 quia
1728 3295 1982 3337 Laodicenses
2001 3298 2212 3340 maritimos

113 3350 301 3404 appellat,
331 3348 381 3388 de
400 3349 479 3388 bell.
501 3349 584 3401 Jud.
601 3350 622 3388 l.
646 3363 678 3389 1.
695 3364 728 3389 c.
748 3354 806 3389 16.
824 3363 862 3402 p.
879 3351 972 3400 748.
1000 3356 1172 3388 Aaodinesaen
1188 3353 1207 3399 ἃ
1221 3362 1273 3391 πῖς
1287 3356 1467 3399 magym'oae,
1491 3354 1605 3388 Μάτων
1621 3353 1809 3400 eiauywylw'.
1851 3351 2064 3393 Maritimis
2080 3363 2209 3396 autem

112 3404 403 3455 Laodicenszbus
418 3404 686 3459 aquaedchum.
730 3404 797 3444 Illa
826 3405 919 3443 laeva
943 3403 1037 3445 duas
1060 3405 1252 3447 icunculas
1268 3433 1280 3453 ‚
1309 3405 1408 3445 duos
1424 3419 1566 3459 nempe
1582 3406 1837 3458 Imperatores
1855 3407 2012 3449 Gallum
2028 3413 2067 3449 δε
2085 3409 2210 3451 Volu-

111 3459 256 3500 fianum
275 3459 498 3500 exhibentes
519 3472 700 3513 tanquam
723 3460 825 3500 urbis
845 3459 994 3512 Genios
1012 3459 1191 3508 sustinet,
1219 3473 1262 3502 ut
1278 3461 1408 3502 Roma
1425 3460 1558 3502 sedens
1576 3461 1616 3501 in
1632 3461 2074 3516 Philippopolitanorum
2092 3471 2208 3505 num-

111 3516 184 3555 mis
200 3515 398 3569 Philippos
416 3527 561 3569 patrem
579 3518 617 3554 &
636 3514 756 3555 filium
774 3514 914 3568 pariter
929 3513 1062 3555 dextra
1077 3516 1184 3570 gerit.
1229 3517 1380 3557 Litterae
1408 3530 1443 3557 Δ.
1463 3531 1500 3556 E.
1529 3525 1718 3568 Δημαρχικῆς
1735 3522 1856 3564 εξεσίας
1883 3519 2135 3567 denotantes,
2163 3521 2205 3562 in

109 3571 331 3611 memoriam
351 3571 633 3626 privilegiorum
651 3568 968 3611 Antiochensium
983 3569 1281 3612 Laodicensibus
1295 3574 1316 3611 a
1331 3571 1435 3626 Sept.
1446 3572 1588 3614 Severo
1605 3574 1855 3622 tributorum,
1884 3575 1923 3615 in
1940 3589 2073 3617 eorum
2092 3589 2204 3616 num·

109 3626 182 3666 mis
201 3624 383 3679 appofitae
398 3625 492 3667 sunt.
533 3626 812 3667 Antiochenses
826 3636 955 3665 autem
975 3639 1043 3666 eos
1062 3625 1208 3681 fignare
1224 3628 1345 3668 solent
1358 3654 1369 3673 ‚
1399 3641 1487 3668 cum
1515 3642 1548 3668 ε.
1570 3643 1605 3669 c.
1628 3630 1729 3670 notis
1745 3657 1757 3676 ‚
1785 3631 1838 3671 ob
1858 3644 2020 3672 monetat
2047 3631 2201 3673 faculta-

108 3692 187 3721 tem
212 3680 300 3734 ipfis
325 3682 346 3720 a
369 3681 556 3736 Pompeio
572 3682 631 3722 M.
649 3681 861 3722 concessam
878 3707 890 3727 ‚
919 3681 969 3721 ad
990 3681 1100 3735 cujus
1123 3681 1453 3724 confirmationem
1475 3684 1806 3729 Senatusconsulto
1826 3689 1865 3728 ὃ(
1880 3686 2080 3731 Plebiscito
2098 3701 2201 3744 opus

108 3736 205 3783 fuit,
232 3749 401 3790 quorum
427 3751 461 3777 s.
477 3752 510 3778 c.
527 3741 566 3777 &
583 3750 618 3777 Δ.
634 3751 671 3777 E.
695 3749 797 3781 notae
814 3736 913 3778 sunt.

107 3838 110 3842 -
159 3814 246 3855 'Hic
261 3812 574 3871 nummu-sprimae
588 3815 862 3872 magnitudinis
876 3817 918 3857 in
935 3818 1118 3867 rariorum
1131 3831 1282 3860 numero
1300 3816 1543 3859 collocandus.
