2491 4219
735 134 1676 197 CARACALLA.
2152 154 2218 213 45·

173 683 197 709 c
208 683 234 709 o
244 683 281 708 L.
321 681 346 707 A
361 681 387 707 ν
398 681 440 708 R.
481 681 508 706 A
522 681 551 707 N
566 680 590 706 T
600 681 626 707 0
638 681 669 707 N
682 681 697 706 1
710 681 740 706 N
754 682 769 707 1
782 683 809 709 A
823 682 854 708 N
868 682 895 708 A
936 682 961 707 A
978 682 1001 709 L
1013 682 1036 708 E
1047 681 1086 708 x.
1124 668 1281 709 Colonia
1305 667 1467 713 Aurelia
1491 667 1761 718 Antoniniana
1788 665 2045 710 Alexandria.
2085 669 2222 724 Caput

228 722 412 764 muliebre
428 723 624 770 turritum,
651 737 757 777 pone
774 724 883 778 quod
900 723 1090 764 vexillum.
1256 725 1260 727 “
1998 733 2003 736 ·

172 800 364 842 Muliebre
385 812 524 856 caput,
553 802 703 842 Genius
723 802 777 842 est
795 801 974 842 Coloniae
1001 823 1012 849 5
1042 813 1163 843 tur-res
1188 801 1348 856 quidem
1376 802 1471 856 gerit
1493 814 1677 857 tanquam
1703 803 1871 858 regionis
1887 803 2074 857 primaria.
2110 801 2222 844 Urbs
2257 845 2260 848 Α

118 870 247 900 autem
263 857 410 902 Troas,
440 855 669 898 Alexandria
687 857 735 897 ab
755 858 976 899 Alexandro
995 869 1130 898 vocata
1150 858 1225 903 est,
1252 857 1362 907 cujus
1383 857 1524 898 deinde
1543 873 1632 899 cura
1652 859 1701 899 ab
1725 859 1927 913 Antigono
1943 858 2113 914 suscepta
2129 858 2222 899 dici-
2268 884 2270 887 ν

118 925 200 960 tur,
227 912 278 953 de
295 926 377 965 quo
390 912 526 952 Strabo
545 912 607 952 lib.
631 925 691 964 13.
712 926 796 967 pag.
821 927 909 965 593.
945 926 1000 954 or.
1014 917 1062 963 <qq
1080 917 1291 964 Αλεξαωδφέοις
1304 918 1358 956 ἤδη
1373 917 1545 963 ἐπεμελήθη.
1583 914 1675 970 Qo
1692 915 1842 969 quidem
1865 924 2024 969 tempore
2043 913 2220 954 Alexan-

117 969 240 1009 ariam
261 970 376 1007 etiam
392 967 595 1007 curandam
597 967 674 1018 fibi
689 968 816 1008 duxit.
847 969 963 1010 Hanc
980 971 1112 1011 urbem
1130 971 1234 1010 idem
1253 971 1386 1011 auetor
1408 970 1549 1011 eodem
1562 969 1624 1010 lib.
1639 969 1912 1011 Alexandriam
1931 969 2133 1011 Troadem
2149 984 2220 1011 vo-

117 1035 198 1070 cat,
227 1025 437 1073 Αλεξάνδῲωω
453 1025 507 1062 -rluJ
521 1026 668 1075 τςωοίὲω,
696 1036 814 1077 quam
830 1024 1016 1079 interpres
1036 1026 1135 1066 male·
1151 1027 1264 1066 vertit
1281 1026 1563 1067 Alexandriam
1577 1039 1623 1080 ae
1640 1025 1816 1079 Trajam,
1845 1038 1888 1066 ut
1905 1026 2002 1068 vidit
2027 1026 2082 1066 Ill.
2100 1027 2222 1079 Span-

115 1078 267 1120 hemius
281 1091 369 1133 pag.
389 1083 480 1130 716.
498 1080 589 1119 cum
608 1093 684 1120 una
704 1083 743 1119 ὃ(
759 1079 896 1120 eadem
913 1081 958 1122 fit
974 1082 1063 1121 urbs
1075 1108 1087 1127 ‚
1115 1093 1158 1122 ut
1174 1081 1305 1122 Livius
1324 1083 1416 1121 Dec.
1438 1094 1475 1133 4.
1492 1081 1553 1121 lib.
1576 1080 1840 1132 sconfirmat.
1871 1080 1965 1120 Tres
1981 1081 2220 1121 Antiochum

113 1135 299 1176 civitates
325 1133 525 1181 tenebant,
553 1135 710 1188 Smyrna
737 1133 785 1178 ὠ
800 1135 1045 1176 Alexandria
1062 1135 1202 1183 Troas,
1230 1134 1278 1180 ἄν
1298 1137 1538 1190 Lampsacus
1558 1151 1565 1175 :
1595 1135 1722 1186 Troas
1741 1136 1981 1177 Alexandriae
2000 1151 2080 1178 non
2097 1136 2220 1178 modo
2251 1188 2255 1192 ᾗ

113 1203 260 1243 nomen
274 1202 458 1231 renovare
473 1190 626 1232 videtur
639 1192 679 1231 in
695 1190 854 1245 gratiam
870 1192 1074 1233 Caracallae
1091 1193 1130 1232 in
1147 1193 1241 1232 urbe
1258 1192 1463 1238 morantis,
1492 1195 1531 1232 δε
1547 1191 1758 1232 Alexandri
1775 1192 1932 1232 nomine
1947 1192 2218 1246 superbientis,

115 1245 211 1287 teste
229 1243 434 1299 Xiphilino
450 1246 490 1286 in
507 1246 624 1301 Epist.
644 1246 781 1288 Dionis
799 1260 886 1301 pag.
905 1251 999 1298 428.
1027 1252 1083 1289 Koa?
1099 1252 1153 1286 aa}
1168 1256 1261 1286 mom
1277 1250 1370 1296 μῼρπι
1386 1252 1459 1296 «ὺηρ
1476 1251 1619 1299 &ignem
1635 1275 1645 1291 ‚
1671 1251 1748 1286 aaa
1764 1254 1787 1302 ἦ,
1806 1251 1889 1285 aava
1905 1255 2012 1287 &navov
2029 1257 2101 1287 εῶον
2118 1252 2217 1298 Adys-

114 1321 158 1346 ςυν
174 1309 345 1340 {mamam
375 1301 533 1357 Qibus
547 1301 656 1343 rebus
669 1302 821 1343 minime
837 1304 1127 1356 contentusscse
1144 1305 1411 1344 Alexandrum
1428 1305 1660 1345 Orientalem
1670 1305 1880 1359 Augustum
1894 1305 2113 1358 appellavit.
2143 1305 2220 1346 Sed

113 1359 197 1402 haec
220 1357 379 1412 ipsamet
405 1357 494 1398 urbs
512 1358 708 1399 Aureliam
731 1358 769 1399 se
793 1359 1117 1405 Antoninianam,
1146 1361 1198 1399 ob
1216 1359 1420 1399 Caracallae
1439 1360 1563 1414 gentis
1579 1374 1747 1405 nomen,
1776 1359 1958 1413 appellari
1972 1362 2100 1401 voluit.
2138 1359 2219 1401 Ve-

68 1416 71 1417 ’
112 1413 244 1461 xillum
266 1414 483 1455 Veteranos
508 1414 548 1454 in
575 1428 660 1455 eam
687 1414 914 1462 transmissos
943 1415 1077 1470 arguit.
1113 1414 1153 1454 P.
1180 1414 1406 1455 Harduinus
1430 1429 1517 1470 pag.
1554 1417 1643 1466 508.
1665 1416 1769 1456 hunc
1790 1428 1993 1458 nummum
2012 1416 2152 1459 dubius
2168 1414 2218 1459 ad

1049 1480 1059 1495 ἱ

114 1462 360 1524 Elagabalum
377 1484 449 1525 pro
466 1469 660 1511 Caracalla
676 1470 799 1511 refert.

168 1547 252 1594 Hic
267 1562 439 1590 nummus
451 1550 598 1595 minimi
613 1547 754 1589 moduli
760 1575 772 1596 ‚
797 1550 900 1589 inter
915 1550 1076 1589 rariores
1090 1547 1335 1592 collocandus.

39 2151 41 2153 ,
107 2112 160 2161 [21.
191 2121 219 2148 A
233 2121 261 2148 v
272 2121 313 2148 R.
345 2120 374 2147 A
387 2121 418 2147 Ν
433 2121 456 2146 τ
468 2122 494 2148 o
506 2121 536 2148 N
549 2121 564 2147 1
576 2121 607 2147 N
619 2122 647 2149 v
659 2120 678 2148 s
710 2120 732 2146 Ρ
745 2120 760 2147 1
772 2122 800 2149 v
812 2122 830 2149 s
859 2122 886 2148 A
900 2123 928 2149 v
940 2123 979 2149 G.
1007 2110 1142 2163 Caput
1158 2109 1362 2153 Caracallae
1377 2111 1605 2154 laureatumss

162 2178 186 2206 c
198 2178 224 2204 o
237 2177 278 2204 L.
306 2177 334 2203 A
349 2177 376 2203 v
389 2177 429 2203 G.
463 2177 487 2202 T
499 2177 531 2203 R
543 2177 570 2203 o
583 2177 610 2203 A
624 2163 661 2203 r).
693 2163 848 2224 Calonia
865 2163 1038 2219 Augusta
1055 2165 1280 2217 Troadensts.
1317 2167 1458 2222 Figura
1481 2167 1660 2221 paludata
1681 2165 1862 2210 sacrificat
1881 2170 1992 2226 super
2011 2187 2128 2222 aram,
2145 2177 2212 2217 co}

215 2229 375 2260 tonatur
390 2219 412 2259 a
428 2217 548 2273 figura
565 2218 739 2259 muliebri
758 2219 890 2260 turrita
909 2223 948 2259 &
965 2220 1133 2261 tunicata
1149 2221 1291 2275 pariter
1306 2222 1450 2277 stante,
1476 2223 1571 2264 laeva
1590 2223 1751 2278 quidem
1766 2226 1946 2267 vexillum
1963 2242 2132 2283 gerente.
2207 2225 2213 2229 ’

97 2295 105 2307 ⁷
156 2298 205 2339 Fi
234 2311 300 2338 ura
317 2297 504 2344 militaris,
533 2297 726 2339 Caracalla
741 2298 815 2345 est,
842 2312 917 2352 pro
936 2298 1147 2340 feliciffimo
1167 2300 1236 2340 suo
1250 2301 1289 2340 in
1307 2299 1573 2348 Troadensem
1590 2302 1800 2344 Coloniam
1820 2304 1989 2347 adventu
2003 2307 2215 2353 sacrificans

134 2312 338 2401 aluclatuffi‘
356 2365 399 2394 ut
414 2354 648 2408 Imperator,
677 2357 717 2394 δε
737 2353 786 2393 ad
807 2353 949 2395 bellum
968 2355 1188 2396 Parthicum
1210 2355 1454 2409 proficiscens
1473 2377 1485 2403 3
1513 2358 1574 2398 ille
1595 2368 1641 2398 ex
1659 2359 1807 2399 Graecia
1826 2360 1867 2399 in
1892 2361 2020 2401 Afiam
2038 2366 2208 2418 appulit,

100 2369 382 2465 JI‘roaclemque
397 2410 504 2450 venit
518 2437 531 2456 ‚
559 2410 653 2450 teste
671 2409 902 2450 Herodiano
918 2410 957 2449 in
975 2410 1058 2463 ejus
1076 2412 1166 2451 vita.
1195 2422 1266 2448 Hm
1281 2417 1318 2451 εἰς
1333 2422 1417 2450 umu-
1443 2416 1576 2452 ἐπελθών
1595 2417 1723 2462 &mium
1735 2417 1774 2452 πε
1787 2419 1815 2454 αθ
1831 2419 1937 2455 πόλεως
1952 2421 2085 2463 λείψανα
2101 2451 2109 2462 ,
2138 2423 2202 2463 ἧκε.)

105 2474 152 2505 ἐπὶ
166 2470 187 2503 ἑὲ
205 2471 338 2517 Annam
353 2468 458 2511 πὶφον.
486 2465 603 2505 Ilium
626 2479 714 2505 mox
728 2468 869 2520 petiit,
898 2465 946 2509 ἄν
975 2467 1122 2506 εῑιηὲῗὶς
1145 2466 1302 2507 urbibus
1328 2468 1481 2523 reliquis
1497 2469 1742 2520 collastratis,
1771 2471 1824 2511 ad
1841 2473 2010 2513 Achillis
2024 2477 2209 2518 tumulum

97 2522 275 2577 procesfit.
304 2521 445 2576 Figura
463 2521 655 2561 muliebris
670 2521 880 2568 succineta,
908 2522 1059 2566 Genius
1076 2522 1130 2562 est
1147 2523 1261 2562 urbis.
1290 2523 1507 2571 Vexillum,
1533 2525 1715 2565 Coloniae
1733 2527 1899 2567 militaris
1917 2528 2128 2582 symbolum
2145 2547 2210 2586 ge-

104 2578 174 2623 rit,
201 2577 303 2630 pileo
323 2577 491 2630 Phrygio
506 2575 662 2631 infignis
681 2577 735 2616 est
754 2577 881 2631 patrio
897 2577 971 2618 ritu
990 2592 997 2617 :
1025 2577 1148 2631 pileus
1166 2578 1227 2618 ille
1244 2579 1283 2618 in
1303 2579 1542 2619 extremitate
1564 2593 1744 2620 recurvus
1768 2594 1867 2629 erat,
1898 2597 2015 2637 quem
2041 2586 2208 2627 honora-

104 2633 220 2673 tiores
250 2632 348 2672 inter
374 2632 562 2687 Phrygios
589 2631 745 2688 gestasse
768 2632 948 2673 videntur
968 2648 976 2672 ε
1006 2646 1055 2673 eo
1078 2633 1188 2673 Deus
1210 2633 1365 2680 Lunus‚
1395 2634 1501 2681 Atis,
1529 2638 1568 2675 δε
1587 2634 1690 2676 Iulus
1711 2636 1848 2678 AEneae
1867 2638 1962 2680 filius
1978 2640 2017 2679 in
2038 2643 2208 2688 numm-is

104 2687 228 2729 ornati
247 2687 343 2727 sunt.

157 2755 240 2798 Hic
255 2769 428 2797 nummus
430 2755 610 2810 ficundae
624 2756 900 2813 magnitudinis
914 2756 1116 2808 rariffimns
1130 2756 1189 2809 ψ,

148 3297 210 3325 co
223 3296 262 3344 ¹3·
294 3296 321 3322 A
335 3296 446 3324 LEX.
477 3297 505 3345 A
523 3298 548 3323 v
561 3297 602 3325 G.
632 3285 788 3326 Colonia
810 3286 1056 3329 Alexandria
1068 3281 1246 3347 Augusta
1259 3319 1271 3340 ‚
1295 3292 1335 3333 in
1351 3293 1431 3334 aliis
1452 3308 1510 3335 co
1523 3307 1558 3335 t..
1593 3309 1619 3334 A
1634 3308 1658 3335 L
1671 3309 1694 3335 E
1707 3310 1743 3335 x.
1777 3309 1805 3335 A
1820 3309 1846 3335 v
1859 3309 1899 3336 G.
1931 3311 1956 3337 :r
1971 3310 2000 3340 R
2012 3312 2046 3339 ο.
2086 3301 2199 3343 Cala-¹

200 3352 266 3378 ma
282 3338 525 3378 Alexandrea
543 3339 716 3394 Augzsta
732 3340 874 3389 Troas,
901 3343 962 3384 vel
982 3343 1206 3397 Troaderfis.
1236 3348 1370 3403 Equus
1382 3350 1551 3403 pascens.
2195 3350 2198 3354 ’

143 3416 344 3478 Frequens
374 3416 414 3478 in
436 3416 606 3471 plurimis
635 3417 915 3473 Imperatorum
942 3424 1109 3464 nummis
1136 3427 1299 3467 occurrit
1328 3427 1390 3475 hic
1417 3428 1602 3482 pascentis
1624 3429 1714 3483 equi
1735 3440 1849 3483 typus
1866 3431 1886 3470 a
1902 3430 2194 3479 Troadenssbus

90 3471 222 3517 cusus,
249 3472 299 3512 ad
314 3472 560 3512 indicandam
580 3473 601 3512 a
618 3473 787 3516 Claudio
803 3477 1016 3518 concessam
1036 3478 1127 3519 huic
1149 3482 1233 3522 urbi
1249 3483 1551 3530 immunitatem,
1581 3496 1622 3524 ut
1649 3483 1780 3538 passim
1802 3485 1966 3528 diximus
1985 3504 1992 3528 :
2020 3489 2084 3530 sed
2108 3506 2190 3534 non

90 3527 153 3567 ille
180 3526 319 3588 spestat
346 3527 397 3567 ad
420 3527 702 3591 AEsculapit1m‚
730 3542 774 3571 ut
791 3532 832 3571 P.
862 3532 1090 3573 Harduinus
1111 3547 1245 3577 contra
1272 3537 1495 3578 Tristanum
1522 3538 1727 3579 hariolatur
1750 3540 1802 3580 ob
1820 3554 1950 3582 curam
1972 3557 2162 3597 equorum
2175 3573 2190 3595 ‚

90 3594 208 3635 quam
224 3581 314 3621 huic
334 3582 424 3623 Deo
440 3584 618 3625 tributam
636 3585 751 3626 tradit
766 3598 852 3641 pag.
878 3590 967 3638 508.
998 3587 1159 3630 Tacitus
1174 3591 1290 3632 refert
1306 3591 1509 3633 Neronem
1527 3594 1673 3634 summa
1696 3594 1874 3636 facundia
1898 3611 1969 3651 pro
1989 3599 2188 3642 Iliensibus

89 3637 286 3698 elocutum
300 3637 347 3678 ab
366 3638 603 3692 Imperatore
619 3641 844 3688 obtinuisse,
874 3656 918 3683 ut
937 3643 1007 3696 ipfi
1027 3651 1144 3685 onere
1161 3647 1317 3698 publico
1336 3647 1561 3689 levarentur.
1598 3650 1756 3691 Interim
1783 3651 2061 3693 observandum
2073 3681 2083 3699 ‚
2115 3656 2187 3695 Hi-

87 3692 247 3754 storicos
263 3692 359 3754 saepe
374 3693 529 3735 Ilienses
544 3709 616 3749 pro
632 3696 920 3738 Troadenfibus
934 3698 1134 3753 usurpare,
1164 3701 1253 3742 licet
1266 3701 1394 3743 Troas
1409 3704 1576 3744 &Ilium
1594 3704 1680 3744 duae
1698 3705 1838 3747 fuerint
1855 3709 1964 3748 urbes
1982 3709 2066 3761 post
2084 3710 2187 3750 Tro-

86 3761 135 3800 Jae
160 3758 297 3788 veteris
321 3749 513 3811 excidium
535 3751 742 3799 distinerae,
771 3764 815 3793 ut
840 3753 963 3807 liquet
984 3768 1031 3795 ex
1056 3755 1243 3796 Strabone
1259 3757 1318 3797 lib.
1346 3772 1405 3811 13.
1429 3773 1513 3813 pag.
1539 3774 1628 3813 593.
1648 3764 1685 3800 ὃ(
1705 3775 1751 3802 ex
1770 3765 1958 3807 nummis,
1988 3765 2025 3802 in
2045 3766 2185 3817 quibus

89 3801 215 3842 Troas
233 3803 320 3864 urbs
337 3805 506 3845 Colonia
523 3806 755 3854 inscribitur,
783 3813 822 3849 δε
840 3809 953 3850 Ilium
969 3810 1149 3851 'Graecam
1171 3825 1186 3851 1
1199 3825 1224 3850 A
1239 3825 1254 3851 1
1266 3825 1328 3852 ΕΩ
1340 3827 1370 3852 Ν
1391 3815 1542 3867 praefert
1562 3816 1811 3870 epigraphen.
1858 3818 1902 3856 ln
1919 3818 1977 3857 Ilii
1993 3820 2091 3871 typis
2110 3820 2183 3860 fre-

90 3867 214 3911 quens
227 3858 413 3900 Minervae
431 3860 585 3915 galeata:
601 3862 748 3918 effigies
765 3866 952 3911 occurrit·,
980 3865 1084 3906 unde
1100 3866 1302 3907 illustratur
1313 3869 1449 3909 Strabo
1467 3870 1555 3911 loco
1570 3871 1737 3912 laudato.
1769 3876 1833 3910 riu>
1850 3876 1866 3921 ᾗ
1885 3881 1910 3910 ⁶22
1929 3883 2022 3911 imm
2037 3878 2112 3911 πόλιν
2130 3878 2184 3913 τίω*

90 3921 161 3956 mv,
184 3920 254 3954 τέως
267 3915 320 3962 W)
335 3918 441 3964 »ωἱμῑω
457 3917 523 3960 εἶναι
540 3921 640 3968 φασὶ,
658 3921 695 3976 jn?
709 3921 778 3970 ἱερὸν
792 3923 902 3972 ἔχων]
919 3928 970 3964 τῆς
986 3925 1135 3967 Αθίωοῖς,
1158 3927 1296 3976 amedu&
1317 3930 1446 3964 ὁντελές.
1474 3926 1591 3967 Ilium
1609 3928 1710 3984 quod
1728 3941 1827 3969 nunc
1846 3927 1895 3978 cst
1906 3954 1918 3977 ‚
1945 3930 2056 3968 aiant
2072 3931 2187 3970 antea

1325 3979 1358 4022 F
1389 3994 1409 4035 3
2045 3994 2188 4039 pagum
