2574 4214
905 173 939 213 Ρ
1006 172 1042 212 R
1110 168 1167 209 AE
1234 165 1271 206 F
1332 163 1376 205 A
1445 161 1481 203 T
1539 158 1563 199 ι
1630 158 1678 198 0.
2170 213 2189 230 .
2348 218 2351 220 q

259 252 304 294 in
323 243 400 293 suis
421 246 546 290 Gazis
565 236 788 287 rarissimos
805 233 1042 301 possident,
1082 250 1160 280 nec
1177 246 1270 277 non
1289 224 1440 274 Illustr.
1458 223 1688 289 Apollonius
1701 217 1876 285 Baffitus
1893 218 1962 268 M.
1980 219 2136 265 Ducis
2166 234 2192 264 a
2211 219 2352 267 Secre-

264 319 340 369 tis‚
377 316 453 379 qui
472 309 615 358 iisdem
638 303 846 374 praecipue
868 302 1106 351 delestatur.
1866 358 1874 366 .
1998 357 2006 364 ·
2325 358 2333 365 .

334 386 531 428 Bononia
545 414 557 433 ,
595 395 641 424 ut
660 374 898 423 studiorum
918 387 1071 424 mater,
1111 366 1166 415 sic
1187 375 1231 414 &
1251 379 1542 412 nummorum
1560 377 1732 426 parenS,
1766 355 1978 424 plurimos
1995 351 2184 420 ipsorum
2204 352 2357 403 habuit

269 448 484 497 studiosos.
532 451 563 493 E
582 450 684 492 vivis
705 447 892 489 exierunt
912 439 1021 486 Card.
1043 444 1385 499 Buoncompagims
1406 431 1520 477 urbis
1542 424 1894 493 Archiepiscopus
1908 459 1922 480 ,
1961 421 2099 471 Musei
2116 420 2226 470 olim
2245 421 2356 471 cele-

270 518 439 564 berrimi
459 519 594 581 patrui
616 511 673 559 sui
691 507 884 569 Frcmcisci
899 503 1133 555 Cardinalis
1150 503 1290 550 ha‘res.
1330 499 1403 563 Jo.
1421 507 1538 562 Bapt.
1555 500 1767 562 Capponius
1781 531 1794 551 ,
1823 498 1883 542 N.
1900 493 2138 539 Carradorus
2150 527 2165 547 ,
2191 490 2356 540 Medici

270 584 463 634 insinues.
503 582 600 629 Lud.
627 579 882 644 Boi-goloccus
899 613 910 631 ,
948 581 1010 621 Fr.
1034 580 1178 619 Lottus
1193 607 1206 626 ‚
1245 579 1288 617 &
1308 569 1391 614 Val.
1412 567 1613 613 Polazzus
1631 570 1738 612 inter
1753 561 1855 610 alios
1870 565 2148 609 emicuerunt.
2190 564 2358 608 Comes

271 631 490 713 Lhrfi'aefizi·
503 650 711 712 Malvasta
732 652 769 694 S.
788 651 893 692 Petri
910 646 1156 690 Canonicus
1169 676 1182 695 ,
1220 634 1445 703 singulares
1463 633 1573 682 olim
1596 629 1829 700 congeffit:
1868 648 1987 678 nunc
2003 636 2106 678 Ant.
2120 629 2172 676 da
2185 633 2260 677 Via
2284 634 2359 677 Pa-

270 726 408 767 tricius
423 757 434 774 ,
474 716 690 765 Pontificis
713 723 825 763 Max.
852 710 964 779 apud
977 708 1122 776 Belgas
1137 710 1423 756 Internuntius
1438 740 1449 759 ,
1477 698 1836 769 praestantiffimos
1852 695 2088 766 acquisivit.
2127 702 2181 747 R.
2201 703 2245 746 P.
2268 702 2360 746 Mi-

270 797 355 836 πίω
378 786 551 834 Clericis
573 785 817 833 Minoribus
842 777 1086 846 Praepositus
1104 813 1117 832 ,
1154 794 1201 824 ut
1226 795 1274 823 ex
1293 773 1369 822 suis
1387 772 1600 820 seleffiora
1638 776 1669 819 L
1682 773 1725 818 U
1741 774 1781 817 D
1794 774 1839 818 O
1852 775 1893 819 V
1907 773 1923 814 1
1936 772 1977 815 C
1989 773 2034 816 O
2075 771 2127 816 M
2143 773 2180 814 A
2194 771 2236 815 G
2249 772 2294 818 N
2310 771 2358 816 O

270 856 457 911 offerret,
485 853 684 903 Verialias
702 856 829 899 venit.
870 849 1038 897 illustris
1055 844 1124 894 ille
1140 844 1406 909 Malpighius,
1435 840 1614 890 alterum
1631 838 1862 888 Medicinae
1885 835 2064 892 lumen,
2089 833 2257 904 aliquot
2273 841 2361 885 exi·

271 930 381 972 mios
396 920 593 990 possidet3
633 920 698 968 sed
712 937 863 967 omnes
881 923 937 966 D.
954 913 1116 980 Josephi
1130 919 1426 977 Magnavaccae
1446 915 1553 958 inter
1567 914 1749 958 Pictores
1766 904 2064 955 commendati
2080 903 2243 966 judicio
2256 907 2361 954 stare

270 992 425 1040 volunt
448 1013 457 1038 ;
495 997 525 1038 is
539 996 655 1038 enim
672 992 1028 1055 Antiquariorum
1043 982 1167 1032 ltaliae
1185 986 1378 1047 princeps
1399 996 1491 1045 quo
1505 977 1559 1026 ad
1570 983 1737 1045 praxim
1750 974 1871 1025 facile
1885 975 2146 1043 praedicatur.
2196 972 2270 1023 llle
2287 993 2362 1023 me

273 1066 480 1108 comitem
504 1063 689 1125 Regium
715 1055 863 1122 Lepidi
886 1062 1194 1121 properantem
1208 1048 1262 1097 ad
1284 1047 1483 1097 Museum
1505 1052 1547 1095 P.
1563 1051 1748 1097 Cattanei
1766 1050 1842 1095 PP.
1866 1049 2051 1095 Minoris
2069 1042 2363 1093 Observantiae

272 1128 521 1177 Definitoris
539 1124 735 1187 generalis
757 1122 1023 1171 invisendum
1047 1124 1243 1169 comitari
1255 1117 1452 1184 dignatus
1466 1118 1525 1165 est
1540 1143 1551 1174 3
1586 1122 1656 1165 vix
1672 1133 1814 1164 autem
1828 1113 2033 1182 explicare
2049 1110 2210 1180 possim
2222 1131 2363 1181 quan-

274 1215 314 1244 ta
333 1181 604 1244 comitate⁴R.
629 1191 871 1241 admodum
894 1197 1012 1240 Pater
1029 1187 1249 1256 praeclaros
1267 1185 1559 1236 Coloniarum
1578 1203 1789 1234 nummos
1811 1183 1836 1232 εὶ
1857 1183 1896 1232 se
1913 1204 1964 1232 ex
1988 1182 2195 1251 Hispania
2215 1181 2365 1232 allatos

274 1265 382 1312 milri
409 1263 653 1310 exhibuerit.

341 1337 546 1387 Mutinae,
575 1326 836 1377 Scrcniffima
858 1332 1089 1376 Esrrnsis
1120 1324 1315 1382 Familia,
1353 1322 1457 1373 alios
1471 1322 1597 1372 Italia:
1614 1328 1825 1390 Principes
1840 1327 1886 1371 in
1898 1326 2093 1371 nummis
2107 1339 2363 1389 comparan-

272 1399 334 1447 dis
356 1398 572 1456 aemulata,
610 1400 846 1465 praestantes
871 1407 912 1446 ὃς
937 1394 1173 1444 luculentos
1191 1393 1299 1443 olim
1323 1398 1612 1460 comparavit,
1654 1412 1766 1462 quos
1789 1398 1926 1461 Eques
1946 1393 2165 1441 Rimbottus
2187 1391 2365 1443 Cimelii

274 1467 491 1516 Praefeftus
514 1486 609 1515 ante
630 1466 795 1535 aliquot
817 1485 954 1514 annos
975 1464 1084 1513 mihi
1105 1462 1388 1531 inspiciendos
1409 1462 1611 1511 exhibuit.
1652 1468 1811 1511 Parmae
1831 1498 1843 1518 ,
1882 1468 1996 1511 Dux
2027 1468 2281 1513 RANuTIus
2309 1467 2363 1511 11.

272 1534 799 1585 instrueriffimamharum
823 1534 1126 1601 elegantiarum
1149 1538 1320 1600 copiam
1340 1533 1393 1581 ab
1421 1538 1750 1581 ALEXANDRO
1776 1537 2029 1581 FARNEsio
2057 1529 2287 1580 colleetam
2306 1530 2366 1582 as-

272 1605 426 1662 servat,
466 1609 583 1665 cujus
607 1625 754 1654 curam
777 1604 901 1652 habet
923 1603 1106 1651 eruditus
1124 1608 1166 1651 P.
1182 1605 1389 1650 Pedrucius
1409 1608 1448 1650 S.
1465 1605 1499 1669 J.
1540 1608 1554 1649 1
1560 1622 1588 1650 n
1603 1621 1651 1650 ea
1664 1603 1767 1650 urbe
1779 1610 1886 1651 Com.
1901 1602 2126 1650 Alexander
2140 1603 2368 1651 Sanvitalis

272 1673 409 1724 Musei
434 1679 652 1735 majorum
674 1673 846 1722 suorum
866 1689 1027 1739 partem
1051 1691 1154 1720 cum
1177 1669 1301 1720 fratre
1321 1670 1499 1720 divisam
1519 1670 1687 1720 summa
1708 1670 1913 1740 religione
1931 1671 2160 1721 conservat.
2199 1677 2369 1721 Comites

276 1746 463 1800 Camilli,
502 1743 626 1804 hujus
638 1749 822 1811 antiquae
837 1747 1058 1790 memoriae
1071 1739 1259 1791 vindices
1280 1761 1327 1790 ac
1346 1742 1616 1789 aestimatores
1634 1739 1710 1789 sese
1727 1744 2020 1808 praestiterunt.
2063 1740 2296 1807 Qntiim
2312 1739 2370 1791 ad

275 1818 468 1861 Mantuae
491 1817 677 1862 DUCUM
708 1817 875 1861 Gazam
900 1811 1078 1877 (peditat,
1118 1810 1203 1859 hoc
1225 1809 1377 1859 saeculo
1400 1809 1499 1858 licet
1520 1830 1623 1859 cum
1647 1810 1753 1859 urbe
1773 1810 2010 1879 direptam,
2047 1809 2191 1882 aquila
2213 1830 2370 1861 eorum

271 1886 521 1948 Principum
544 1884 727 1930 stemma
747 1881 950 1930 omnibus
974 1884 1168 1928 nummis
1189 1879 1360 1937 inserta,
1397 1879 1760 1929 innumerabilem
1780 1881 1972 1948 ipsorum
1991 1899 2228 1931 numerum
2248 1882 2302 1931 ab
2319 1884 2370 1932 iis

271 1967 570 1998 coacervatum
591 1950 699 1997 olim
719 1949 833 1998 fuisse
853 1947 1032 1997 declarat
1055 1972 1067 1997 τ
1105 1951 1222 1998 testes
1241 1948 1322 1998 finr
1339 1948 1399 1998 illi
1425 1970 1474 1997 ex
1496 1948 1667 1998 familiis
1687 1956 1899 2000 Romanis
1926 1956 1973 1999 in
1996 1950 2219 2000 Thesauro
2258 1955 2371 2001 LU-

268 2024 316 2068 vD
330 2025 373 2067 O
387 2025 427 2067 V
442 2025 456 2067 1
471 2024 539 2067 CI
579 2023 632 2067 M
647 2027 681 2066 A
697 2024 736 2067 G
753 2025 796 2067 N
814 2024 826 2065 l
866 2017 1085 2067 reconditi.
1147 2025 1198 2068 In
1215 2038 1367 2068 eorum
1392 2018 1494 2068 urbe
1516 2018 1704 2066 Marchio
1723 2017 1831 2066 olim
1852 2018 2111 2083 Bulgherinus
2123 2053 2138 2075 ,
2177 2036 2297 2067 nunc
2319 2038 2372 2070 ex

272 2087 602 2136 Fra-dicatorum
616 2087 807 2143 Ordine,
846 2091 952 2134 inter
969 2084 1296 2154 elegantiffimos
1313 2106 1424 2153 quos
1441 2085 1623 2150 possidet
1641 2104 1874 2142 nummos,
1914 2085 2148 2134 Othonem
2164 2090 2372 2138 Graecum

271 2161 447 2217 majoris
467 2155 619 2204 formae
640 2193 654 2214 ‚
692 2161 738 2205 in
759 2159 876 2216 cujus
894 2155 1030 2203 aversa
1046 2174 1160 2222 parte
1185 2158 1379 2204 Vistoria
1399 2157 1572 2220 peetore
1596 2171 1716 2201 tenus
1741 2152 1984 2203 observatur
2006 2191 2020 2212 ‚
2055 2153 2169 2204 forte
2194 2153 2371 2206 fortuni

274 2224 300 2273 εἰ
321 2224 664 2274 circumforaneo
686 2230 832 2274 naetus
854 2226 913 2273 est
929 2261 943 2282 ,
981 2243 1115 2292 quem
1149 2223 1286 2273 subito
1311 2229 1490 2290 agnovit
1520 2230 1574 2272 D.
1597 2229 1791 2271 Horatius
1812 2226 1982 2272 Bellinus
2020 2229 2193 2275 CARO
2207 2244 2265 2276 1.1
2303 2230 2375 2293 11.

274 2299 426 2343 DUCIs
453 2293 687 2343 auxiliarius
707 2332 720 2352 ,
761 2301 818 2343 rei
843 2300 1098 2342 nummariae
1117 2292 1277 2342 sedulus
1298 2292 1535 2360 indagator.

343 2369 533 2412 Venetiae
549 2365 645 2412 urbs
657 2383 742 2432 prae
757 2368 910 2412 caeteris
925 2361 1150 2430 opulenta,
1171 2362 1250 2412 hac
1262 2368 1392 2411 veteri
1408 2379 1584 2412 moneta
1596 2360 1786 2411 maxime
1802 2360 1950 2411 claruit
1964 2372 2008 2412 &
2023 2359 2169 2412 claret:
2190 2382 2237 2414 ut
2248 2370 2370 2416 enim

275 2438 592 2498 praetermittam
611 2432 792 2501 insignes
810 2431 1025 2499 superioris
1043 2430 1178 2480 saeculi
1198 2438 1310 2482 viros
1347 2443 1496 2483 Annii.
1526 2442 1886 2490 LAUREDANUM,
1920 2442 1975 2485 N.
2003 2445 2387 2494 CONTARENUM‚·

276 2506 366 2545 Sita.
398 2506 627 2551 Emzzum.
656 2511 694 2546 &
720 2506 783 2557 Jo.
815 2519 923 2546 nom.
954 2506 1233 2546 GR1MANUM
1260 2505 1463 2552 Patricios·,
1491 2505 1628 2547 Pera.
1661 2507 1863 2553 DoNAM,
1892 2510 1930 2547 &
1950 2507 2088 2550 Pera.
2111 2509 2372 2552 Mammen-

279 2584 383 2610 NUM
420 2583 554 2631 nuper
580 2563 670 2613 fato
696 2564 868 2614 funstos
890 2586 900 2612 :
938 2570 1059 2613 vivos
1081 2584 1223 2613 autem
1250 2562 1375 2625 hujus
1404 2562 1943 2632 supellecstilis'nurnmariae
1964 2569 2276 2619 conservatores
2297 2589 2373 2621 aut

278 2632 541 2699 indagatores
572 2653 918 2684 commemorare
943 2634 1068 2682 nobis
1102 2633 1222 2682 liceat
1247 2671 1260 2691 ,
1304 2645 1406 2699 JUL.
1438 2644 1765 2698 JUSTINIANUM
1793 2649 1832 2686 ὃ(
1861 2647 2021 2690 Mane.
2052 2650 2286 2692 Ruzmum
2315 2652 2368 2693 D.

278 2706 414 2749 Marci
441 2707 732 2752 Procuratores
754 2741 767 2759 ,
815 2713 960 2754 Geor..
993 2714 1262 2755 BARBARUM
1282 2742 1293 2762 ‚
1315 2715 1382 2770 Jo.
1412 2716 1536 2756 DoM.
1565 2717 1864 2763 SooERrNuM‚
1893 2718 2028 2759 Pam.
2059 2721 2371 2771 Gaazonuivr,

279 2780 338 2828 lo.
370 2781 487 2820 DoM.
517 2782 838 2829 Tnaupormvr,
874 2784 1050 2825 ANTON.
1080 2785 1338 2827 CAPELLUM
1357 2813 1369 2833 ,
1401 2787 1545 2827 BERN.
1574 2786 1894 2827 TREvisANUM
1931 2777 2216 2844 amplissimos
2243 2787 2371 2831 Sena-

281 2857 409 2895 tores,
446 2846 551 2888 inter
571 2860 679 2908 quos
716 2847 850 2887 Hma.
881 2849 1141 2889 CORRARUS
1178 2846 1304 2893 nullis
1324 2852 1510 2912 pepercit
1529 2845 1766 2909 sumptibus
1778 2879 1792 2900 ,
1832 2861 1879 2892 ut
1902 2850 1949 2893 in
1969 2851 2080 2894 aereis
2098 2856 2293 2898 nummis
2306 2870 2370 2900 ra-

278 2907 440 2980 rissimis
472 2909 771 2976 conquirendis
801 2910 875 2959 sese
899 2911 1087 2960 maxime
1113 2913 1450 2962 commendaret.
1509 2910 1597 2960 Alii
1623 2910 1719 2959 sunt
1741 2910 1947 2962 inferioris
1975 2914 2155 2982 quidem
2179 2917 2367 2978 ordinis,

282 2976 343 3024 {cd
364 2996 529 3042 magnae
552 2980 868 3028 existimationis
884 3017 897 3036 ,
933 2987 997 3028 Fr.
1011 2987 1119 3030 Cima
1140 2992 1182 3030 Sc
1203 2981 1297 3046 Joſs
1321 2988 1491 3030 Marcus·
1513 2987 1670 3028 Brunus
1702 2985 1916 3030 Docstores
1944 2982 2106 3033 Medici
2128 3021 2142 3042 ‚
2179 2986 2233 3035 ad
2257 3007 2371 3057 quos

281 3064 430 3119 omncs
452 3047 770 3095 conveniendos
791 3068 882 3096 non
907 3047 1030 3097 semel
1058 3050 1166 3098 mihi
1192 3050 1327 3099 adfuit
1349 3070 1494 3100 comes
1518 3055 1572 3099 V.
1594 3048 1662 3097 Cl.
1689 3056 1745 3098 N.
1767 3058 1854 3099 Bon
1879 3056 1952 3117 [C.
1981 3058 2027 3102 in
2050 3062 2244 3105 nummis
2262 3077 2369 3127 cog-

283 3113 498 3161 noscendis
517 3115 636 3183 sagax
660 3126 703 3164 ὃς
720 3116 903 3165 eruditus
916 3155 930 3174 ,
968 3123 1044 3187 qui
1063 3125 1271 3168 eximium
1289 3119 1341 3167 de
1359 3124 1548 3169 Neocoris
1565 3123 1792 3168 transtatum
1813 3125 1862 3169 in
1878 3120 2020 3171 lucem
2037 3159 2051 3180 ,
2090 3143 2256 3194 magno
2275 3132 2374 3177 An-

282 3186 560 3248 tiquariorum
585 3203 692 3233 voto
706 3222 718 3242 ,
760 3185 974 3235 editurum
996 3187 1031 3235 se
1052 3189 1169 3238 brevi
1192 3187 1430 3257 pollicetur.

352 3249 489 3297 Padua
506 3251 593 3300 haec
611 3260 755 3302 veteris
771 3261 848 3303 aevi
861 3275 1150 3306 monumenta
1161 3265 1291 3307 etiam
1305 3259 1563 3326 elegantiora
1576 3257 1792 3319 recondit3
1823 3261 1883 3310 ibi
1897 3269 2029 3310 Comes
2042 3263 2116 3328 Jo.
2128 3265 2174 3312 de
2183 3270 2370 3326 Lazara,¹

284 3336 571 3368 nummorum
585 3321 919 3389 diligentiffimus
932 3327 1151 3375 affervaror
1165 3364 1177 3384 ‚
1212 3326 1442 3377 luculentas
1459 3347 1612 3377 eorum
1628 3327 1741 3377 series
1761 3328 1992 3397 congeffit3
2029 3331 2098 3381 sed
2116 3340 2241 3400 Eques
2254 3343 2367 3386 Pati-

283 3405 356 3433 ·nus
377 3386 568 3466 Medicus
592 3391 814 3440 parisiensis
828 3430 842 3450 ,
883 3394 1106 3458 Gymnasii
1125 3400 1311 3445 Patavini
1327 3396 1553 3454 Professor,
1590 3400 1742 3447 urbem
1755 3398 1832 3447 suis
1844 3399 2000 3468 scriptis
2013 3400 2264 3453 dodhffimis
2278 3424 2372 3473 per·

285 3472 413 3519 petuo
427 3454 637 3533 xillustrat-t
674 3459 814 3508 multis
838 3468 954 3511 enim
978 3470 1036 3513 rei
1049 3473 1301 3515 nummariae
1320 3468 1515 3534 operibus
1530 3472 1617 3529 jam
1631 3466 1899 3526 clarissimus,
1936 3469 2002 3518 sex
2015 3469 2156 3521 adhuc
2172 3472 2366 3526 millia&

286 3523 464 3589 amplius
479 3532 731 3575 numismata
748 3550 795 3576 ex
811 3534 1013 3581 omnibus
1028 3534 1220 3583 Cimeliis
1235 3535 1306 3584 :ise
1319 3536 1494 3585 lustratis
1508 3536 1652 3586 selecta
1665 3574 1679 3594 ,
1716 3557 1819 3585 cum
1833 3557 1986 3586 eorum
1999 3544 2155 3608 e-stypis
2171 3553 2214 3592 &
2229 3544 2370 3595 erudi-

287 3608 327 3637 ta
348 3610 392 3638 ut
411 3591 509 3639 {olet
528 3593 817 3670 explanatione
835 3605 879 3647 in
901 3599 1042 3649 lucem
1062 3602 1247 3669 proferre
1267 3606 1504 3654 meditatur.
1544 3608 1625 3654 Seb.
1647 3614 1857 3657 Gouzowus
1878 3611 2048 3658 Doetor
2069 3610 2264 3661 Medicus
2277 3650 2291 3671 ,
2321 3625 2368 3664 δε

285 3666 376 3737 Car.
389 3667 501 3708 Torta
525 3666 807 3713 Univerlitatis
823 3668 1128 3728 CancellariuS,
1144 3672 1297 3721 harum
1311 3680 1616 3743 antiquitatum
1630 3676 1841 3724 memoria
1854 3676 2127 3728 delectantur.
2167 3687 2368 3741 Veronae‚

285 3737 414 3774 comes
428 3736 489 3776 Fr.
506 3730 739 3792 Moscardus
753 3770 765 3789 ,
803 3741 847 3807 in
867 3738 1014 3786 Museo
1036 3739 1110 3787 suo
1131 3741 1406 3792 celeberrimo
1428 3743 1701 3793 lautissimam
1724 3765 2015 3795 nummorum
2038 3755 2212 3815 copiam
2229 3752 2283 3799 ab
2305 3752 2367 3802 ill.

284 3813 398 3861 patre
418 3817 708 3876 comparatam
727 3803 916 3866 possidet.
957 3812 1064 3855 Sunt
1079 3819 1121 3856 ὃς
1137 3810 1206 3858 alii
1219 3812 1298 3862 hac
1312 3820 1356 3861 in
1374 3814 1478 3862 urbe
1491 3819 1676 3882 antiquae
1690 3813 1815 3877 hujus
1829 3823 2050 3865 memoriae
2064 3818 2217 3868 curiosi
2226 3857 2240 3877 ,
2257 3839 2372 3890 quo-

283 3883 381 3913 rum
396 3867 578 3915 Cimelia
592 3887 683 3916 non
696 3872 919 3921 observavi.
963 3875 1222 3935 Mediolani,
1252 3901 1384 3940 comes
1394 3884 1671 3932 Mediobarbus
1683 3919 1697 3939 ,
1718 3890 1796 3954 qui
1805 3893 1988 3938 Occonem
2003 3885 2177 3940 feliciter
2193 3888 2369 3941 illustra-

2305 3978 2368 4008 vit
