2491 4219
638 71 1223 122 PHILIPPUS
1306 72 1726 135 SENIOR.
2178 83 2267 134 159

834 191 1399 234 ANTIOCHIA
1451 191 1618 245 Pfiaae.

169 772 232 801 1M
246 772 278 798 Ρ.
308 771 358 798 M.
389 769 407 795 1
418 768 445 795 v
457 767 496 795 L.
528 766 586 793 ΡΗ
599 766 614 792 1
627 767 652 794 L
664 767 680 793 1
694 767 715 793 P
728 767 749 793 P
765 768 790 795 v
803 768 836 795 s.
869 768 904 795 P.
935 770 958 796 F
972 771 995 796 r:
1008 771 1043 797 L.
1078 770 1119 796 A.
1165 756 1299 810 Caput
1314 755 1483 811 Philippi
1501 755 1701 798 radiatum.

221 830 248 856 A
263 827 293 854 N
308 828 332 854 r
345 827 360 853 1
373 826 399 852 o
415 826 437 850 c
450 825 479 850 H
492 823 520 850 1.
552 823 612 849 co
626 824 651 850 1,
664 822 748 849 0N.
783 811 997 852 Antiochia
1023 812 1177 853 Colonia
1193 840 1206 859 ,
1233 813 1273 852 in
1297 813 1379 853 imo
1411 827 1444 853 s.
1471 827 1514 853 R.
1563 813 1707 868 Aquila
1728 811 1839 867 supra
1863 811 2043 854 vexillum
2066 811 2166 854 inter
2189 810 2273 854 duo

274 869 379 925 figna
396 866 579 907 militaria.

220 945 428 989 Antiochia
447 944 621 992 Pifidiae,
650 943 700 984 de
723 958 801 999 qua
825 945 958 998 saepius
983 945 1149 993 distum,
1179 960 1360 988 nummos
1382 946 1565 1003 Philippo
1590 960 1775 1003 tanquam
1799 963 1904 989 novo
1928 949 2157 1004 Imperatori
2182 962 2272 992 cum

163 1003 362 1058 fignorum
386 1001 603 1041 militarium
629 1012 725 1054 typo
749 1000 926 1053 percuffit
942 1028 953 1048 ‚
988 1013 1068 1042 tum
1096 1002 1144 1041 ad
1168 1003 1410 1044 indicandam
1430 1004 1531 1045 urbis
1546 1018 1593 1044 ex
1610 1005 1826 1059 Legionum
1846 1005 2049 1046 Veteranis
2066 1007 2275 1061 originem,

161 1061 253 1099 curn
278 1059 326 1099 ad
350 1057 604 1098 imitationem
627 1057 786 1097 Senatus
812 1056 1010 1104 Romani,
1047 1058 1115 1112 qui
1131 1058 1170 1097 in
1192 1061 1360 1099 nummis
1377 1060 1459 1113 ejus
1480 1059 1582 1115 figna
1602 1061 1717 1101 etiam
1736 1060 1907 1101 militaria
1925 1075 2013 1102 cum
2028 1061 2274 1117 inscriptione

161 1128 321 1156 Emi-:s
354 1126 558 1153 EXERCI
573 1126 670 1152 Tvs
701 1110 893 1158 exhibuit,
923 1113 987 1152 seu
1021 1127 1144 1153 FIDE
1159 1127 1177 1152 s
1211 1128 1487 1162 MILITVM,
1517 1130 1606 1156 cum
1629 1116 1786 1156 muliere
1803 1117 1947 1164 stante,
1975 1129 2139 1171 utraque
2156 1131 2274 1158 manu

159 1171 321 1211 militare
335 1169 484 1224 fignum
497 1169 667 1223 gestante
677 1194 688 1214 ,
706 1179 749 1207 ut
758 1167 1034 1220 Imperatorem
1045 1169 1093 1209 ab
1103 1170 1268 1210 exercitu
1279 1171 1507 1212 &militibus
1520 1172 1795 1225 proclamatum
1807 1172 1843 1213 se
1851 1173 2064 1228 approbare
2073 1173 2273 1215 indicaret.

159 1225 340 1266 Zosimus
349 1225 452 1265 enim
463 1224 685 1278 Philippum
695 1223 781 1276 post
789 1223 1037 1264 Gordianum
1047 1223 1290 1265 interfectum
1301 1251 1313 1271 ‚
1334 1239 1426 1264 mox
1438 1228 1458 1265 a
1467 1228 1648 1268 militibus
1661 1231 1830 1282 purpura
1839 1242 2015 1270 ornatum
2028 1229 2142 1270 tradit
2158 1229 2222 1270 lib.
2239 1243 2274 1269 1.

162 1287 204 1315 Οἱ
217 1284 370 1326 §paverim
382 1303 391 1319 ‚
418 1278 577 1322 πῶφοιστν
593 1277 647 1314 «iul
665 1282 690 1314 ἓ
706 1280 878 1324 ἀναγκαίων
893 1279 1003 1313 ’ἔνδειαν
1018 1278 1210 1324 πωησυέ,α5ξυοι,
1237 1279 1296 1314 σαι)
1313 1280 1392 1315 ἕθεν)
1409 1281 1509 1328 κόσμῳ
1526 1283 1545 1315 >÷
1564 1284 1711 1330 Γοςῶιωόν
1729 1283 1905 1323 &roim-fc,
1932 1287 1969 1320 ὥς
1983 1284 2074 1319 αἴτιον
2091 1286 2117 1320 ‘13
2135 1283 2157 1324 Ξ
2171 1300 2274 1331 ςροιτυ-

158 1337 237 1370 πὲδὸ
255 1338 373 1380 &affec
389 1336 542 1379 ἀναιρέο-ι,
561 1335 702 1378 Φιλίππῳ
721 1330 775 1366 τίιιὶ
789 1334 949 1379 &meysam
964 1332 999 1378 ἦ
1013 1332 1042 1366 τὸ
1058 1330 1241 1378 αυγκεέμλυον
1258 1331 1426 1374 ὡθένπς.
1453 1330 1629 1377 Milites,
1645 1341 1797 1386 arrepta
1814 1333 1859 1372 de
1869 1335 2029 1385 penuria
2044 1342 2273 1373 commeatus

156 1402 246 1429 occa
259 1402 339 1428 zone
351 1415 363 1434 ‚
393 1387 627 1426 Gordianum
643 1385 747 1426 nulla
763 1388 886 1426 decori
902 1388 1049 1426 ratione
1067 1385 1203 1425 habita
1224 1386 1525 1426 circumventum
1540 1413 1554 1433 ,
1580 1386 1705 1427 veluti
1724 1388 1834 1444 cujus
1853 1388 1962 1442 culpa
1971 1390 2115 1441 periret
2132 1390 2275 1430 exerci-

156 1453 244 1491 tus,
272 1441 507 1495 interficiunt
516 1469 529 1489 ‚
557 1441 606 1485 ὅν
622 1441 848 1496 Philsppzim
864 1455 913 1481 ex
929 1440 1119 1496 compostto
1127 1440 1299 1495 purpura
1315 1441 1493 1493 vestiunt.

211 1522 296 1563 Hic
312 1534 485 1563 nummus
497 1520 628 1562 mediae
635 1520 777 1574 formae
797 1534 864 1560 nec
880 1534 991 1560 rarus
1007 1534 1074 1560 nec
1089 1519 1237 1560 obvius.

754 1622 1682 1671 COILLU‚velCOELLU.

145 2165 166 2197 ε
176 2168 213 2197 M
225 2168 260 2196 P.
292 2167 341 2195 M.
371 2167 387 2194 1
399 2167 426 2195 v
437 2156 477 2195 ιζ
507 2168 530 2194 P
541 2165 570 2194 u·
582 2167 598 2194 1
609 2165 635 2195 1,
648 2165 665 2194 1
676 2169 699 2194 Ρ
712 2170 734 2194 Ρ
744 2167 774 2195 v
785 2169 819 2195 s.
859 2156 994 2209 Caput
1009 2156 1177 2211 Philippi
1192 2157 1416 2199 laureatum.

201 2226 231 2254 A
246 2226 269 2251 E
281 2225 317 2251 L.
350 2223 386 2250 M
399 2223 426 2250 v
439 2222 470 2252 N
483 2222 499 2249 1
512 2224 535 2249 c
549 2223 574 2249 ι,
608 2224 631 2250 c
642 2224 669 2250 o
681 2225 705 2250 E
718 2225 755 2251 L.
790 2226 815 2252 A
829 2223 874 2252 N.
905 2211 1092 2259 QAElium
1103 2211 1362 2269 Municipium
1374 2211 1633 2256 Coillutanum
1642 2213 1961 2258 Antoninianum.
1997 2213 2115 2258 Prora
2132 2215 2242 2258 navis
2249 2218 2262 2265 3

257 2279 345 2307 cum
361 2266 615 2320 cornucopiae.

198 2344 342 2387 Coellu
359 2345 550 2400 oppidum
570 2344 732 2386 littorale
750 2344 971 2391 Numidiae,
1000 2346 1265 2400 Municipium
1281 2346 1330 2387 ab
1347 2346 1551 2388 Hadriano
1568 2347 1711 2389 faetum
1725 2376 1737 2396 ‚
1765 2349 1952 2397 QAElium
1971 2349 2021 2391 de
2035 2353 2159 2407 gentis
2175 2353 2260 2405 ejus

141 2402 400 2457 appellatione
417 2413 561 2441 nomen
579 2400 687 2446 tulit,
718 2399 860 2440 deinde
877 2401 915 2440 in
931 2402 1136 2442 Caracallae
1151 2403 1342 2443 honorem
1355 2404 1662 2444 Antoninianum
1679 2405 1733 2446 est
1749 2418 2036 2459 nuncupatum,
2066 2420 2108 2448 ut
2124 2406 2260 2462 paffitn

141 2458 323 2499 diximus.
363 2456 545 2497 Erudirus
572 2456 828 2511 Spanhemius
856 2457 1028 2498 mutilam
1053 2462 1091 2498 &
1111 2470 1331 2512 corruptam
1357 2459 1472 2512 hujus
1498 2461 1647 2500 nummi
1670 2460 1710 2501 in
1731 2460 1843 2501 Gaza
1867 2462 2070 2502 Christinae
2091 2463 2256 2518 Reginae

141 2513 315 2554 asservati
332 2512 568 2567 epigraphen
586 2512 745 2566 protulit
764 2512 858 2552 Diff.
874 2527 910 2562 9.
929 2528 1013 2569 pag.
1033 2527 1125 2566 772.
1145 2529 1262 2569 quam
1282 2515 1549 2569 interpretatus
1580 2530 1616 2555 M
1629 2529 1710 2556 VN.
1745 2530 1767 2556 F
1784 2531 1808 2556 A
1824 2530 1854 2556 N
1867 2531 1905 2557 E.
1939 2531 1964 2557 A.
1978 2532 2002 2557 E
2015 2532 2053 2559 L.
2084 2518 2257 2559 Munici-

132 2571 244 2624 pium
262 2566 436 2619 Fanestre
458 2566 643 2614 (AElium
658 2594 670 2613 ‚
701 2570 740 2606 &
765 2567 814 2607 ad
839 2568 1037 2623 Hispaniae
1060 2569 1210 2610 Fanum
1237 2570 1394 2617 retulit,
1424 2571 1490 2610 sed
1511 2572 1600 2611 cum
1628 2572 1667 2611 P.
1691 2572 1918 2613 Harduinus
1940 2573 2038 2613 illam
2059 2573 2256 2628 Hispania:

140 2624 278 2664 urbem
301 2637 383 2664 non
406 2622 568 2664 novisset
583 2650 596 2670 ,
623 2636 827 2664 nummum
851 2638 938 2680 pag.
963 2638 1051 2676 170.
1077 2625 1129 2666 ad
1148 2626 1358 2667 Coloniam
1381 2626 1411 2666 F
1413 2627 1599 2667 anestrem
1623 2628 1793 2668 Umbria:
1814 2628 1982 2682 spestare
2006 2629 2256 2678 existimavit,

139 2679 207 2720 sed
223 2678 350 2720 nullus
369 2679 532 2720 occurrit
547 2692 728 2719 nummus
750 2679 789 2719 in
808 2679 925 2720 Italiae
941 2680 1120 2722 Coloniis
1137 2683 1330 2736 percussus
1342 2709 1354 2729 ,
1383 2696 1454 2723 nec
1471 2683 1621 2723 Fanum
1641 2682 1712 2724 fuit
1730 2684 1989 2739 Municipium
2008 2712 2020 2732 ,
2049 2685 2113 2725 sed
2131 2686 2254 2727 Colo-

139 2736 203 2775 nia
220 2762 232 2782 ,
262 2746 306 2775 ut
331 2735 370 2775 in
396 2748 559 2775 nummo
582 2735 690 2775 Pauli
704 2733 756 2775 V.
783 2736 804 2775 a
824 2734 863 2774 P.
881 2735 936 2776 du
957 2737 1126 2777 Molinet
1149 2752 1236 2792 pag.
1264 2751 1352 2790 145.
1385 2753 1407 2778 c
1421 2752 1446 2778 o
1460 2753 1500 2779 L.
1537 2753 1551 2779 1
1569 2754 1594 2779 v
1609 2755 1645 2780 r..
1679 2754 1702 2780 F
1718 2755 1741 2779 A
1759 2754 1787 2779 N
1804 2755 1826 2780 E
1841 2756 1858 2779 s
1874 2756 1897 2780 T
1914 2755 1940 2780 R
1958 2755 1972 2780 1
1990 2755 2008 2780 s
2042 2741 2170 2782 adhuc
2186 2757 2252 2797 ap-

137 2790 307 2846 pellatur.
346 2791 464 2831 Prota
486 2790 616 2839 navis,
648 2790 750 2832 urbis
774 2790 825 2831 ad
849 2805 952 2832 mare
979 2792 1092 2833 fitum
1119 2794 1270 2848 arguit3
1307 2795 1578 2850 cornucopiae‚
1607 2794 1788 2837 frumenti
1812 2797 2086 2840 abundantiam
2107 2799 2146 2839 in
2167 2797 2252 2853 ejus

137 2860 233 2902 agro
250 2846 404 2887 indicat.

191 2924 277 2966 Hic
291 2939 464 2968 nummus
482 2927 630 2968 minimi
643 2926 784 2968 moduli
790 2937 862 2983 pro
876 2941 962 2969 raro
976 2926 1182 2968 habendus.

978 3031 1402 3075 DACIA.

122 3623 242 3673 μαι».
271 3633 320 3661 M.
354 3633 374 3662 1
387 3623 467 3662 vni
496 3635 560 3664 pn
574 3636 590 3663 1
606 3635 632 3664 t.
647 3636 663 3663 1
679 3636 774 3665 ppv
787 3635 808 3664 s
841 3637 868 3664 A
881 3637 962 3665 vc..
1000 3624 1134 3681 Caput
1147 3626 1315 3685 Philippi
1333 3627 1553 3671 laureatum.

179 3688 244 3716 PR
257 3689 283 3715 o
298 3690 324 3715 v
340 3691 355 3717 1
371 3691 401 3717 N
415 3692 437 3718 c
452 3692 467 3718 1
484 3692 511 3718 A
544 3694 569 3719 D
584 3693 606 3718 A
621 3695 644 3720 c
660 3693 675 3719 1
694 3693 732 3719 A.
768 3694 793 3718 A
808 3693 851 3720 N.
887 3694 919 3720 1.
949 3682 1064 3722 Anno
1079 3685 1212 3736 primo.
1262 3684 1404 3726 Mulier
1432 3687 1533 3741 pileo
1565 3689 1604 3727 &
1634 3687 1758 3740 patrio
1784 3689 1922 3731 vestitu
1945 3702 2076 3732 ornata
2099 3692 2223 3744 stans,¹

232 3743 394 3786 utraque
415 3747 528 3774 manu
551 3734 698 3790 signum
724 3736 883 3777 militare
900 3763 912 3783 ,
940 3737 980 3777 in
1002 3737 1207 3781 dexteriori
1227 3735 1314 3782 'velo
1338 3754 1430 3782 nota
1455 3757 1488 3782 v.
1518 3743 1554 3782 in
1578 3742 1788 3786 sinisteriori
1811 3759 1903 3788 nota
1923 3761 2037 3787 x111.
2076 3749 2120 3789 In
2140 3750 2222 3793 aliis

232 3787 368 3827 mulier
393 3787 524 3830 dextra
549 3791 718 3846 gladium
745 3792 929 3831 Dacicum
952 3794 1050 3849 gerit
1062 3822 1076 3842 ‚
1105 3799 1144 3836 δε
1160 3796 1308 3852 signum
1320 3797 1430 3851 juxta
1445 3813 1530 3840 eam
1547 3800 1570 3840 a
1585 3799 1725 3843 dextris
1739 3802 1809 3844 stat
1819 3830 1832 3850 ,
1858 3818 1930 3858 pro
1946 3802 2110 3858 pedibus
2128 3805 2220 3849 hinc

231 3843 375 3897 Aquila
390 3844 512 3886 rostro
527 3859 710 3888 coronam
719 3872 733 3894 ‚
761 3847 852 3888 inde
866 3848 959 3890 Leo.

2015 3914 2225 3962 Provinciae
