2491 4219
221 162 286 215 ξε
809 128 1761 211 CARACALLA}

282 787 307 813 E
319 787 355 813 M
368 787 381 813 1
394 788 416 814 c
427 787 453 813 n
463 787 494 813 N
527 789 553 815 1<
568 790 594 815 o
609 788 629 812 Λ
645 789 671 813 n
684 786 709 811 N
726 786 740 812 1
755 786 781 812 A
796 787 818 813 c
848 786 888 811 H.
908 784 948 810 K.
967 783 998 810 Φ.
1033 784 1079 824 52
1090 773 1126 813 8.
1156 768 1298 826 Ingens
1313 769 1409 824 lapis
1423 769 1464 809 in
1481 776 1626 809 conum
1641 767 1835 823 assurgens
1847 766 1960 823 super
1975 769 2090 810 atain
2103 771 2252 826 templo
2265 770 2331 816 'sex

336 828 614 872 columnarum.

282 907 399 962 Lapis
413 908 475 948 ille
494 906 725 964 praegrandis
742 907 782 946 in
802 905 879 945 hoc
897 904 1044 958 templo
1062 917 1135 944 arae
1149 902 1352 956 impositus
1367 929 1379 949 ‚
1410 901 1650 943 fimulacrum
1668 902 1723 943 est
1740 902 1817 942 Dei
1834 902 2027 958 Elagabali
2042 896 2106 945 ³seu
2122 904 2220 946 Solis
2232 932 2244 952 ,
2272 906 2333 946 su-
2392 899 2395 901 ⁵

224 975 295 1016 pra
311 963 421 1016 quod
438 965 564 1017 aquila
579 964 743 1004 insistere
761 962 911 1001 videtur
926 961 966 1000 in
979 958 1161 1014 superiori
1173 972 1353 998 nummo:
1381 957 1498 1011 ipfius
1513 957 1808 1012 descriptionem
1826 958 1929 1014 legas
1946 960 2051 1013 apud
2059 961 2332 1003 Herodianum.
2358 1004 2361 1008 ,

226 1020 268 1058 in
285 1019 361 1059 vita
379 1020 544 1059 Blacrini
561 1035 645 1075 pag.
666 1024 755 1070 563.
787 1023 870 1057 Λίθῑς
885 1021 918 1054 δέ
934 1034 975 1055 ἰτς
990 1020 1029 1056 ἐςῖ
1044 1022 1162 1065 μὲγςῦς
1178 1041 1188 1056 1
1212 1017 1340 1059 κάτωθεν
1355 1017 1512 1064 ωέλφξρνὶς
1529 1041 1539 1058 ,
1563 1016 1662 1063 λήγων
1678 1020 1717 1054 εἰς
1731 1017 1858 1059 ὀξύτητα
1872 1020 2015 1055 κωνοειδὲς
2029 1022 2112 1066 οἱυτῷ
2127 1025 2226 1070 χῆμαι
2240 1045 2251 1061 ,
2273 1022 2332 1066 μέ·

228 1074 324 1108 amai
335 1089 362 1108 τε
379 1076 395 1112 »ἶ
409 1075 510 1122 κομί·
536 1078 653 1112 ‘imma-Z
668 1089 695 1108 π
713 1073 802 1107 αἱυτόν
815 1071 882 1109 εἶναι
900 1075 1134 1119 δεμνολογῐσιν,
1156 1071 1266 1119 ἐξοχαῖς
1280 1087 1309 1107 τε
1325 1071 1404 1108 vivale
1419 1070 1578 1118 339⁶de
1594 1075 1618 1122 v}
1635 1073 1730 1108 ‘tv'7r89
1744 1071 1912 1106 &umdem-
1935 1073 2032 1111 εἰκέναι
2047 1089 2076 1109 τε
2089 1079 2166 1109 HM&
2180 1076 2334 1122 ἅνέςγιςσν

225 1122 294 1161 ἔθνεα
311 1119 451 1164 θέλε-σὼ,
476 1125 536 1158 §m
551 1128 715 1167 &aemma
746 1121 824 1161 Sed
839 1121 938 1174 lapis
958 1121 1231 1173 cstmaximus,
1257 1121 1309 1161 ab
1317 1123 1393 1160 imo
1409 1120 1611 1167 rotundus,
1641 1121 1689 1164 dy
1693 1119 1827 1172 senffm
1831 1120 2061 1176 fastigiatus
2071 1122 2334 1178 propemodum

229 1178 286 1216 ad
301 1179 386 1216 com'
397 1176 576 1232 figuram.
617 1177 741 1231 ther
759 1176 879 1230 lapidi
895 1176 991 1218 color
1004 1204 1016 1224 ,
1043 1189 1152 1232 quem
1165 1178 1283 1216 etiam
1293 1176 1451 1230 jaHant
1466 1175 1612 1216 coelitus
1625 1175 1806 1229 decidzffe.
1841 1176 2025 1218 Eminent
2040 1180 2082 1218 in
2096 1178 2220 1233 lapide
2234 1191 2336 1234 quae-

228 1233 318 1271 dam
329 1258 342 1278 ,
357 1232 568 1287 f'ormaeque
582 1231 768 1273 nonnulla
787 1232 988 1283 visuntur,
1017 1246 1063 1272 ac
1082 1231 1182 1272 Solis
1200 1233 1401 1287 imaginem
1421 1229 1490 1285 effe
1504 1230 1703 1282 affirmant.
1749 1231 1962 1286 Templum
1980 1233 2075 1274 illud
2091 1247 2185 1275 auro
2203 1246 2339 1290 argen-

231 1302 355 1342 toque
371 1288 539 1342 plurimo
555 1303 600 1328 ac
616 1287 788 1341 lapidum
805 1288 971 1342 eleganti
986 1286 1270 1342 magnificentia
1284 1299 1512 1328 exornatum
1530 1299 1656 1328 narrat
1673 1287 1777 1327 idem
1795 1287 2011 1330 Historicus
2027 1309 2040 1336 ς
2067 1289 2178 1344 quod
2194 1288 2337 1344 Vopis-

230 1359 301 1385 cus
328 1344 587 1384 Aurelianum·
601 1344 687 1397 post
716 1343 932 1383 Zenobiam
955 1343 1145 1384 devietam
1169 1343 1374 1399 ingressum
1395 1343 1518 1384 tradit.
1557 1342 1747 1395 Emeffizm
1766 1343 1892 1384 vic‘t'or
1909 1345 2144 1385 Aurelianus
2157 1343 2339 1401 ingreffics

230 1399 303 1448 est,
330 1413 385 1448 ac¹
388 1398 519 1448 [latim
536 1399 589 1438 ad
603 1398 778 1452 templum
793 1397 1001 1452 Elagabalt'
1016 1399 1192 1439 tetendit.
1228 1399 1275 1439 Id
1291 1399 1391 1440 adeo
1408 1398 1597 1439 excelsum
1614 1398 1723 1439 fuisse
1741 1412 1981 1447 memorant,
2009 1411 2052 1442 ut
2067 1400 2204 1442 Festus
2222 1400 2340 1443 Avie—

233 1469 306 1496 nus
322 1454 417 1494 illud
434 1468 523 1494 cum
541 1455 691 1495 Libano
705 1465 840 1494 monte
855 1453 1040 1495 conferat.

875 1509 1052 1549 Libanus
1056 1507 1243 1562 frondosa
1262 1523 1455 1550 cacumme
1469 1518 1617 1565 turget,

720 1563 779 1604 E't
796 1572 921 1604 tamen
937 1564 1000 1604 his
1014 1572 1167 1605 certant
1182 1563 1430 1620 ceffi'fastzgia
1446 1565 1582 1620 templi.

233 1621 387 1661 Litterae
412 1619 625 1660 numerales
651 1634 715 1660 HK
729 1632 762 1659 Φ.
785 1634 929 1659 annum
955 1635 1036 1659 aerae
1056 1620 1160 1659 urbis
1179 1619 1379 1676 designant
1404 1623 1492 1671 528.
1511 1620 1622 1662 initio
1636 1620 1684 1661 ab
1702 1631 1806 1661 anno
1825 1620 1878 1661 U.
1893 1619 1942 1661 C.
1959 1633 2052 1673 442.
2072 1624 2112 1662 &
2127 1621 2344 1664 Seleucidaz

233 1690 319 1716 rum
335 1675 495 1730 epochae
510 1677 636 1729 primo
653 1675 858 1729 desumpto
867 1702 879 1721 ‚
907 1686 949 1714 ut
967 1674 1076 1729 supra
1092 1675 1278 1715 diximus:
1306 1675 1370 1716 sed
1386 1676 1454 1716 has
1472 1689 1608 1716 omnes
1624 1676 1738 1731 Syriae
1757 1680 1795 1716 &
1811 1675 2017 1717 Phoeniciae
2036 1691 2127 1718 aeras
2141 1676 2230 1719 fuse
2245 1691 2341 1721 mox

235 1731 454 1785 explanabit
471 1729 738 1770 eruditillimus
759 1730 799 1769 P.
817 1729 996 1770 Norifius
1018 1730 1057 1770 in
1080 1729 1179 1770 libro
1197 1731 1269 1770 ‘De
1285 1733 1398 1771 annis
1414 1730 1462 1775 dy
1479 1731 1626 1786 epochis
1644 1730 2032 1784 Syro-Macedonum
2063 1733 2172 1786 cujus
2186 1732 2346 1789 legendi

237 1786 387 1826 summo
405 1786 594 1825 defiderio
612 1785 784 1831 litterati,
813 1784 878 1825 sed
894 1785 1097 1839 praesertim
1113 1787 1169 1825 rei
1185 1787 1407 1827 nummariae
1427 1786 1582 1827 studiosi
1598 1813 1610 1833 ‚
1638 1785 1813 1843 flagrant.
1843 1786 2066 1828 Nummum
2087 1787 2191 1829 hune
2210 1788 2342 1845 vulga-

236 1842 294 1880 vit
312 1841 511 1880 Tristanus
530 1852 621 1880 tom.
644 1855 678 1881 2.
693 1832 738 1894 ἲ)
758 1854 847 1880 220.
866 1840 932 1880 sed
950 1854 1039 1881 cum
1059 1841 1198 1882 detrita
1218 1845 1257 1881 &
1274 1843 1406 1883 mutila
1421 1842 1653 1897 epigraphe,
1682 1856 1800 1896 quam
1816 1856 1864 1883 ex
1880 1842 2030 1883 Goltzii
2041 1842 2244 1885 Thesauro
2258 1857 2346 1885 mu-

237 1908 365 1936 tuatus
383 1897 437 1936 est
450 1923 461 1942 ,
491 1910 516 1935 1<
529 1911 554 1935 o
567 1910 580 1935 1
593 1910 638 1935 Ν.
670 1910 728 1935 ΔΕ
741 1908 935 1943 mNnN,
964 1900 1003 1936 ὅ(
1022 1895 1071 1936 ad
1091 1896 1219 1937 nescio
1242 1911 1359 1950 quam
1385 1899 1521 1938 urbem
1546 1899 1705 1938 nomine
1722 1897 1837 1938 Diam
1856 1898 1966 1952 juxta
1982 1898 2116 1940 Sinum
2133 1898 2344 1942 Arabicum

236 1952 443 1991 revocavit.
474 1951 760 1991 P.'Harduinus
777 1965 816 2006 p.
835 1965 879 2005 13
892 1964 923 2002 5.
943 1963 1152 2006 utrumque
1166 1952 1422 2008 redarguens,
1449 1953 1576 2007 inquit
1592 1980 1604 2000 ,
1632 1953 1785 1994 Neuter
1800 1967 1871 2009 quo
1875 1953 2072 2009 speaaret
2089 1953 2155 1995 hic
2169 1966 2347 2006 nummus,

235 2008 355 2048 vidit.
392 2006 468 2048 Sed
485 2008 658 2048 eruditus
674 2007 786 2048 Pater
805 2006 907 2048 illum
929 2007 1010 2049 Dio
1027 2007 1316 2065 Decapolitanae
1331 2010 1500 2067 regioms
1515 2024 1556 2051 m
1572 2009 1678 2066 Syria
1689 2009 1775 2050 urbi
1797 2023 1878 2051 non
1902 2008 2063 2052 feliciori
2086 2009 2168 2052 fato
2188 2009 2321 2053 tribuit
2327 2028 2346 2064 3

237 2065 328 2106 cum
344 2063 376 2104 is
393 2063 443 2104 ad
460 2063 671 2104 Coloniam
687 2062 900 2104 Emise1am
916 2064 1074 2119 spe&et.

295 2141 376 2183 Hic
392 2156 564 2183 nummus
575 2145 710 2198 primae
724 2141 994 2196 magzitudinis
1004 2170 1016 2190 ,
1043 2145 1085 2184 in
1105 2144 1237 2193 mufaeo
1251 2143 1313 2183 D.
1328 2144 1450 2184 Dran
1478 2145 1572 2186 Can.
1589 2144 1652 2185 D.
1664 2143 1817 2185 Thomae
1831 2142 1857 2185 ὰ
1874 2143 2035 2200 Lapara
2041 2166 2056 2193 ·,
2081 2144 2189 2201 apud
2201 2143 2346 2201 erstaeg

239 2212 330 2242 num
346 2208 433 2240 tom.
456 2212 488 2238 2.
504 2209 594 2255 pag.
613 2212 632 2239 2
642 2213 704 2239 20.
722 2198 899 2253 vulgatus
911 2224 924 2246 ‚
942 2209 1016 2254 pro
1032 2198 1211 2251 rariffimo
1225 2198 1434 2241 habendus.

252 2799 275 2825 Λ
287 2795 311 2826 *r
325 2797 363 2823 r.
396 2796 419 2821 K
438 2796 460 2821 A
477 2796 501 2821 1.
534 2795 559 2821 A
572 2793 595 2821 r
607 2795 640 2821 P.
673 2794 699 2820 A
713 2793 743 2819 N
757 2794 782 2820 T
794 2794 860 2821 oN
874 2794 889 2820 1
903 2794 930 2821 N
944 2794 970 2820 o
985 2793 1017 2821 c.
1056 2779 1191 2835 Caput
1208 2776 1413 2820 Caracallae
1429 2776 1627 2819 radiatum.

303 2855 327 2879 Β
342 2853 377 2878 M
391 2852 403 2876 1
416 2847 514 2877 an
548 2851 573 2876 K
588 2850 613 2875 o
630 2850 653 2874 A
667 2850 735 2876 ΩΝ
750 2850 764 2875 1
779 2850 804 2875 A
819 2851 855 2876 c.
883 2839 906 2874 1}
923 2849 956 2876 ‹1›.
993 2836 1138 2876 Mulier
1160 2836 1292 2877 turrita
1315 2835 1439 2890 patrio
1461 2833 1596 2874 habitu
1618 2822 1778 2879 sedens,
1807 2845 1881 2886 pro
1900 2826 2064 2887 pedibus
2083 2831 2205 2888 figura
2221 2831 2352 2879 Fluvii

359 2893 546 2933 enatantis
563 2892 696 2937 instar,
725 2891 884 2931 brachiis
903 2891 1090 2945 expansis.

303 2971 448 3011 Mulier
468 2970 527 3009 illa
548 2968 680 3009 sedens
697 2969 828 3009 turrita
840 2995 852 3015 ,
882 2969 1032 3008 Genius
1049 2968 1104 3008 est
1122 2967 1257 3008 Emisae
1273 2995 1286 3014 ,
1314 2981 1401 3020 quae
1417 2967 1515 3007 inter
1537 2967 1626 3007 alias
1645 2965 1854 3007 Phoeniciae
1874 2966 1987 3007 urbes
2006 2966 2251 3009 celeberrima
2269 2982 2351 3012 me·

251 3038 419 3068 moratur
437 3027 456 3065 ἐι
475 3024 734 3077 Metaphraste
752 3025 791 3063 in
810 3025 887 3063 vita
907 3024 966 3063 SS.
986 3023 1202 3076 Martyrum
1220 3022 1457 3062 Galaffionis
1472 3024 1510 3060 δε
1527 3021 1754 3074 Epithemis.
1784 3021 2010 3068 Phoenicia‚
2028 3023 2174 3076 inquit,
2201 3037 2284 3079 quae
2298 3023 2356 3067 ad

253 3075 412 3122 montem
435 3080 628 3132 Libanum
644 3079 692 3131 cst
710 3105 721 3126 ‚
748 3077 877 3119 multae
898 3077 1047 3134 quidem
1054 3077 1154 3130 sunt
1172 3077 1258 3117 aliae
1282 3077 1467 3116 civitates
1479 3102 1491 3122 ‚
1506 3076 1586 3128 sed
1597 3076 1761 3116 aliarum
1776 3077 2248 3131 omniumpraeslantiffima
2259 3107 2272 3128 ‚
2301 3080 2353 3126 ὠ·

252 3138 307 3177 ad
324 3146 452 3190 partes
471 3133 647 3176 Boreales
656 3134 736 3185 fita
759 3132 905 3187 Emisaf
944 3133 1100 3173 Fluvius
1119 3133 1158 3173 in
1181 3133 1258 3174 ima
1275 3131 1424 3173 nummi
1445 3144 1554 3186 parte
1568 3131 1762 3172 Orontem
1788 3131 1961 3186 designat
1983 3133 2068 3174 urbi
2089 3133 2353 3183 adfluentem,

255 3193 315 3231 ille
333 3205 459 3232 autem
481 3204 527 3230 ex
549 3190 697 3230 Libano
714 3201 848 3230 monte
863 3199 991 3234 ortum
1008 3188 1126 3229 ducit.

310 3247 460 3286 Littcrae
489 3249 513 3284 s<
531 3257 562 3284 φ.
594 3246 632 3284 iu
659 3240 820 3286 numt'no
847 3244 1012 3283 minimae
1036 3242 1169 3284 formae
1191 3241 1381 3283 Thesauri
1404 3241 1519 3298 Regii
1543 3242 1816 3297 integerrimo,
1853 3257 1935 3283 aerae
1957 3256 2101 3284 annum
2130 3243 2354 3301 defignant3
2378 3281 2380 3283 ,

256 3302 363 3352 h'unc
385 3314 509 3341 tamen
538 3301 711 3342 mutilum
737 3299 908 3355 vulgavit
931 3299 1087 3340 Patinus
1111 3313 1197 3354 pag.
1225 3311 1321 3352 304.
1341 3330 1348 3338 .
1369 3331 1377 3337 .
1398 3330 1405 3338 .
1446 3311 1550 3338 ΕΩΝ
1581 3312 1606 3339 1<
1620 3311 1827 3339 voNrA
1842 3313 1864 3338 c
1883 3326 1895 3345 ,
1929 3298 2046 3340 dus-21
2071 3299 2212 3341 lineola
2238 3300 2352 3356 supra

259 3368 460 3409 utramque
479 3358 638 3397 litteram
664 3361 686 3395 s<
700 3362 733 3396 ὦ.
763 3369 858 3409 quas
876 3354 913 3394 Ρ.
936 3354 1162 3395 Harduinus
1178 3354 1290 3394 soHto
1309 3353 1561 3394 numeralium
1578 3353 1699 3395 modo
1717 3354 1986 3408 interpretatus
2005 3354 2061 3395 est
2078 3369 2168 3396 220.
2193 3369 2280 3396 cum
2300 3356 2353 3397 al·

260 3415 345 3452 tero
363 3411 473 3464 Juliae
498 3413 638 3466 cetypo
665 3412 702 3450 in
727 3411 863 3451 eadem
884 3409 977 3450 urbe
993 3410 1103 3457 cuso,
1130 3408 1195 3450 sed
1214 3409 1316 3464 apud
1332 3409 1509 3450 Patinum
1531 3424 1566 3464 p.
1588 3424 1681 3460 290.
1700 3409 1831 3456 exeso,
1859 3410 1994 3450 ambos
2014 3409 2064 3450 ad
2085 3424 2228 3450 annum
2245 3411 2351 3465 Sept.

259 3467 389 3507 Severi
410 3479 467 3515 17.
490 3467 702 3513 revocavit,
732 3467 835 3507 reete
855 3465 1013 3520 quidem
1032 3466 1142 3506 initio
1156 3464 1316 3519 epochae
1333 3464 1382 3505 ad
1402 3479 1513 3505 aeram
1533 3463 1813 3505 Seleucidarum
1829 3464 2012 3520 affignato
2028 3485 2039 3511 ;
2066 3464 2131 3505 sed
2149 3479 2196 3506 ex
2215 3466 2352 3520 Ulpia-

260 3523 301 3562 ni
321 3521 444 3561 verbis
462 3522 508 3560 ab
527 3523 677 3562 erudito
696 3522 807 3562 Patre
823 3521 964 3566 allatis,
993 3521 1042 3562 de
1062 3519 1252 3561 Censibus
1269 3521 1360 3576 Leg.
1384 3534 1416 3560 1.
1446 3520 1525 3561 Sed
1537 3519 1585 3564 (ἐν
1600 3520 1787 3570 Emtfi’nae
1801 3521 1960 3560 civitati
1977 3519 2200 3567 Phoenices,
2230 3521 2352 3578 Impe-

262 3586 367 3617 rator
385 3575 576 3630 nosterjrts
595 3577 756 3617 Coloniae
772 3576 876 3618 dedit
889 3604 900 3622 ‚
914 3627 918 3630 .
923 3576 1091 3632 jurisque
1106 3575 1240 3616 Italici
1257 3590 1338 3616 eam
1344 3575 1461 3629 fhcit.
1497 3575 1683 3617 Probatur
1699 3574 1824 3615 Emisa
1839 3575 2007 3616 Colonia
2024 3575 2045 3614 a
2057 3575 2250 3616 Caracalla
2266 3577 2355 3632 post

263 3633 380 3686 patris
397 3643 556 3671 mortem
574 3632 784 3672 constituta.
823 3632 1020 3672 Nummus
1037 3646 1131 3687 ergo
1147 3631 1324 3672 Coloniae
1343 3631 1494 3673 titulum
1509 3631 1578 3672 sub
1594 3632 1736 3672 Severo
1751 3630 1914 3677 habere,
1943 3634 1983 3669 δε
1998 3629 2047 3669 ad
2067 3643 2127 3681 17.
2142 3630 2260 3684 ipfius
2273 3633 2352 3674 Im-

263 3688 358 3739 perii
377 3693 519 3726 an'num
540 3685 704 3738 spcstare
723 3688 882 3741 nequit3
909 3688 1040 3741 itaque
1057 3688 1107 3727 ad
1125 3687 1346 3742 Archetypa
1368 3687 1495 3742 Regia
1510 3686 1718 3742 confugere
1743 3686 1916 3739 oportuit
1937 3701 1944 3725 z
1972 3685 2012 3724 in
2035 3698 2198 3727 nummo
2223 3700 2354 3731 autem

257 3741 369 3795 Juliae
387 3742 507 3782 literas
527 3756 554 3780 H
568 3754 591 3779 1<
607 3755 637 3779 ψ.
667 3744 752 3788 528.
774 3756 868 3795 quas
890 3742 968 3795 jam
985 3754 1184 3783 notaverat
1199 3743 1255 3782 Ill.
1277 3742 1530 3797 Spanhemius
1546 3741 1645 3782 Not.
1663 3741 1704 3781 in
1723 3740 1858 3793 Iuliani
1873 3740 1986 3780 Caessf
2003 3754 2041 3794 p.
2062 3745 2150 3793 361.
2168 3755 2250 3783 aerae
2259 3758 2352 3786 con*

263 3809 442 3851 gruentes
465 3795 744 3835 observavimus
763 3811 770 3833 τ
798 3797 836 3835 in
857 3797 932 3837 hoc
953 3809 1082 3838 autem
1097 3798 1323 3843 caracallae,
1351 3797 1489 3837 lineam
1505 3797 1614 3850 supra
1630 3799 1654 3834 13
1672 3797 1840 3842 tantum,
1870 3798 1909 3834 &
1926 3809 2007 3835 non
2027 3795 2135 3849 supra
2155 3808 2197 3843 Φ,
2226 3810 2268 3839 ut
2282 3799 2353 3853 fig-
2405 3830 2410 3836 .

265 3851 369 3890 navit
389 3851 564 3896 Patiuus,
592 3850 745 3889 duriam
762 3850 926 3891 vidimus
945 3867 952 3890 2
979 3865 1018 3892 at
1037 3866 1109 3892 aera
1132 3865 1220 3902 520.
1239 3865 1329 3891 cum
1347 3852 1526 3892 Coloniae
1542 3851 1653 3891 titulo
1673 3851 1739 3891 sub
1758 3850 1950 3890 Caracalla
1969 3850 2075 3891 haud
2094 3853 2188 3892 stare
2205 3855 2351 3907 potest,

262 3905 435 3959 nihilque
454 3905 633 3959 superflui
649 3905 687 3944 in
706 3905 892 3952 nummis,
919 3907 1123 3959 praesertim
1137 3908 1230 3948 vero
1246 3908 1284 3949 in
1305 3907 1408 3948 notis
1423 3905 1679 3947 numeralibus
1692 3932 1706 3953 ,
1733 3905 1853 3947 caelari
1872 3905 2030 3948 videtur.
2071 3908 2232 3949 Lineam
2248 3909 2351 3949 illam

2277 3962 2354 4005 effi
