2574 4214
229 246 380 292 ''terculo
397 247 457 288 lib.
474 260 508 287 2.
528 244 659 300 postea
677 243 796 285 Furio
812 242 979 284 Camillo
990 270 1003 290 ‚
1031 241 1393 298 quiTacfarinatem
1411 240 1588 282 rebellem
1602 241 1761 286 vicerat,
1783 240 1821 279 in
1834 233 2103 282 proconsulatu
2120 254 2222 281 anno
2236 255 2256 293 7
2263 257 2327 293 70.

230 303 422 349 success‘it,
450 302 512 343 cui
529 314 597 356 per
613 311 689 341 tres
705 311 850 347 annos,
878 309 922 339 ut
940 298 1058 340 docet
1079 311 1261 339 nummus
1278 325 1290 344 ,
1319 298 1495 352 praefuit,
1523 297 1612 336 cum
1632 310 1735 337 anno
1756 309 1845 347 772.
1865 295 2089 336 Tacfarinas
2109 296 2238 336 denuo
2262 311 2329 350 per

229 359 425 400 latrocinia
451 357 590 398 bellum
613 367 788 396 moveret
806 382 819 402 ,
846 367 937 395 eum
956 354 1154 407 Apronius
1178 351 1308 407 praelio
1327 354 1420 394 vicit
1437 380 1448 399 ,
1478 355 1517 391 δε
1535 352 1576 391 in
1592 352 1739 393 deserta
1757 352 1951 405 compulit.
1991 351 2067 392 Sed
2084 353 2123 390 in
2143 365 2218 405 qua
2235 353 2329 392 urbe

229 414 339 456 'cusus
360 413 402 454 fit
420 421 600 453 nummus
613 438 624 458 ‚
652 411 905 465 pronunciare
924 405 1081 450 difficile
1097 408 1250 450 videtur
1269 425 1275 448 :
1306 408 1334 448 si
1353 419 1480 449 tamen
1499 408 1728 460 conjesrurae
1746 407 1852 447 loc'us
1873 420 1918 446 ex
1939 406 2046 446 fimili
2066 407 2248 446 Mercurii
2266 410 2326 446 ca*

228 471 310 524 'pite
329 471 368 510 in
385 468 530 509 Tiberii
545 481 706 507 nummo
725 466 830 521 apud
846 466 1001 520 Leptim
1020 479 1200 521 magnam
1221 465 1367 520 fignato
1379 493 1391 511 ‚
1419 464 1468 504 ad
1487 464 1641 517 Leptim
1659 476 1812 517 parvam
1828 461 1993 515 spectare
2012 462 2252 516 suspicamur.
2281 462 2328 501 Il-

229 525 264 566 la
288 525 327 565 in
353 525 519 565 nummis
546 529 722 561 ΛΕΠΤΙΣ
749 522 960 563 inscribitur
977 549 989 568 ,
1017 522 1098 562 haec
1116 521 1283 561 Colonia
1299 521 1480 561 Romana
1497 533 1679 559 nummos
1696 517 1852 559 exhibet
1870 531 1956 557 cum
1979 517 2190 572 epigraphe
2214 531 2272 556 co
2288 531 2326 557 L.

233 595 260 620 v
276 594 291 620 1
308 595 341 621 c.
378 594 393 620 1
411 592 484 620 VL.
517 594 625 620 LEP.
653 590 815 634 utraque
843 577 1083 617 Mercurium
1111 577 1163 617 ob
1188 577 1291 617 idem
1317 575 1467 616 urbium
1496 588 1663 621 nomen,
1699 572 1945 614 concordiam
1967 576 2005 612 ὃς
2023 573 2134 613 fitum
2151 580 2329 613 venerata

229 635 389 676 videtur.

282 712 365 752 Hic
381 726 553 752 nummus
557 711 719 764 ficundi
737 709 877 751 moduli
885 737 897 757 ,
913 711 955 750 in
969 710 1087 751 Gaza
1102 708 1300 762 Chrgstinae
1313 710 1472 764 Reginae
1481 735 1493 755 ,
1521 709 1698 749 raritatis
1717 708 1867 747 eximite
1884 703 2141 761 &fingularis
2151 704 2329 762 praestan=

231 769 296 808 tiae
314 767 518 808 habendus.

223 1299 426 1328 nRvsvs
459 1299 688 1326 CAESAR.
729 1276 862 1339 Caput
877 1285 994 1326 Drufi
1013 1284 1175 1327 nudum.
1523 1319 1527 1324 .

277 1341 372 1382 Deae
395 1341 631 1381 fimulacrum
651 1341 765 1381 instar
784 1352 896 1382 metae
913 1342 952 1381 in
970 1342 1118 1395 templo
1130 1369 1142 1388 ,
1170 1353 1260 1382 ante
1278 1340 1388 1395 quod
1405 1355 1491 1382 area
1509 1340 1585 1382 'sine
1605 1341 1828 1397 epigraphe.

275 1419 435 1460 Nullam
455 1418 614 1473 quidem
641 1419 794 1460 adversa
818 1419 934 1472 hujus
953 1421 1102 1460 nummi
1128 1434 1215 1474 pars
1234 1420 1518 1475 inscriptionem
1538 1420 1690 1473 praefert
1708 1447 1719 1466 ,
1748 1420 1813 1459 sed
1834 1421 1923 1460 cum
1946 1432 2034 1473 pars
2062 1419 2145 1472 ejus
2163 1419 2328 1460 anterior

221 1475 359 1516 Latine
380 1475 514 1529 scripta
531 1474 599 1520 sit,
627 1475 665 1514 in
690 1475 817 1529 aliqua
841 1476 935 1515 urbe
955 1476 1054 1516 Latii
1075 1477 1161 1530 jure
1187 1476 1331 1516 donata
1353 1475 1549 1530 percussus
1573 1475 1746 1515 videtur:
1776 1475 1804 1514 fi
1821 1479 1915 1515 vero
1938 1475 2042 1515 reete
2060 1477 2265 1529 opinamur
2283 1488 2331 1515 ex

222 1530 370 1584 templo
387 1531 550 1571 Veneris
567 1530 722 1584 Paphiae
742 1531 781 1570 in
800 1545 849 1571 eo
866 1531 1055 1585 insculpto
1067 1558 1079 1578 ,
1108 1533 1130 1570 a
1147 1531 1362 1571 Communi
1377 1531 1615 1585 Cypriorum
1639 1530 1807 1585 fignatus
1828 1531 1894 1570 est.
1936 1533 1989 1570 At
2009 1531 2186 1572 reclamat
2204 1531 2332 1570 omnis

221 1587 538 1640 Antiquariorum
556 1597 678 1626 coetus
691 1605 703 1632 ;
730 1587 880 1626 nummi
897 1587 1033 1627 Galbae
1049 1615 1062 1634 ‚
1092 1585 1316 1641 Vespasiani
1334 1614 1346 1633 ,
1378 1587 1482 1640 Sept.
1500 1585 1630 1626 Severi
1653 1590 1690 1625 &
1710 1585 1914 1628 Caracallae
1939 1600 2028 1626 cum
2055 1585 2164 1626 simili
2184 1586 2331 1641 templo

221 1645 261 1681 &
278 1642 414 1682 Graeca
441 1653 464 1679 1<
477 1653 501 1679 o
514 1652 524 1678 i
537 1654 564 1680 N
577 1653 602 1679 o
616 1654 644 1681 N
669 1653 884 1682 KrnrinN
914 1641 1125 1698 epigraphe
1149 1642 1388 1698 refragantur
1409 1658 1417 1682 ε
1447 1641 1543 1696 quid
1567 1654 1651 1682 tum
1672 1669 1684 1689 ,
1720 1655 1866 1681 non-ne
1885 1641 2111 1683 numismata
2131 1655 2331 1697 argentea,

220 1711 308 1752 quae
322 1711 462 1738 vocant
479 1699 681 1746 Maxima,
712 1699 887 1739 manibus
903 1699 1042 1739 nostris
1058 1698 1236 1752 quotidie
1253 1710 1448 1743 teruntur,
1478 1699 1498 1737 ἐι
1512 1698 1728 1738 Communi
1745 1696 1846 1737 Afiae
1862 1697 2000 1737 Latine
2021 1696 2177 1752 scripta,
2208 1713 2230 1737 c
2243 1712 2268 1736 o
2282 1711 2329 1737 Μ.

222 1767 251 1793 A
264 1766 283 1792 s
297 1767 312 1792 1
325 1767 351 1792 A
366 1768 401 1793 E.
431 1754 511 1794 imo
527 1754 681 1809 insignis
697 1755 855 1794 Claudii
875 1768 1056 1794 nummus
1072 1755 1111 1793 in
1123 1753 1326 1794 Thesauro
1337 1754 1468 1809 Regio
1487 1754 1506 1792 a
1517 1753 1672 1808 Cypriis
1688 1751 1777 1806 ipfis
1793 1752 1901 1792 cusus
1919 1754 2162 1799 reconditur,
2193 1754 2232 1793 in
2249 1755 2331 1807 quo

219 1809 317 1849 'circa
341 1821 457 1863 caput
493 1823 518 1849 T
535 1823 567 1849 1.
598 1825 657 1850 ei,
672 1818 697 1850 A
711 1824 801 1850 vr>1
814 1825 839 1850 v
852 1825 871 1850 s
904 1825 926 1850 c
941 1825 967 1849 A
981 1825 1005 1850 i:
1019 1824 1038 1849 s
1053 1823 1080 1849 A
1093 1823 1137 1849 R.
1171 1823 1286 1849 Avo.
1323 1809 1424 1849 &in
1449 1809 1577 1849 aversa
1604 1821 1711 1863 parte
1743 1808 1839 1847 circa
1865 1809 2055 1849 ambitum
2085 1820 2163 1848 Em
2187 1819 2333 1850 KoiviI-

222 1874 344 1903 Nior
369 1876 613 1904 nPoKAor.
639 1877 846 1905 ANrriiA.
873 1865 914 1906 in
934 1880 1020 1906 area
1045 1866 1140 1918 vero
1168 1875 1388 1904 ΚΥΠΡΙΩΝ
1415 1864 1561 1919 legitur.
2062 1900 2066 1912 =.
2107 1913 2109 1915 ι
2322 1912 2324 1914 v

273 1921 404 1973 Eques
421 1919 575 1962 Patinus
593 1933 795 1961 nummum
813 1930 898 1975 pag.
923 1924 986 1962 80.
1004 1919 1175 1975 vulgavit
1186 1948 1200 1973 ,³
1229 1923 1266 1960 &
1285 1920 1334 1961 de
1352 1920 1516 1962 Veneris
1533 1918 1691 1973 Paphiae
1711 1918 1859 1973 templo
1875 1918 2027 1960 erudite
2044 1918 2234 1968 disseruit}
2264 1919 2331 1962 sed

219 1986 287 2016 cur
305 1975 442 2030 Cyprii
467 1976 544 2016 hoc
568 1976 756 2030 templum
782 1977 820 2015 in
845 1976 961 2015 Drusi
982 1989 1146 2016 nummo
1163 1976 1394 2031 signaverint
1409 2002 1421 2022 ,
1451 1975 1600 2015 causam
1616 1974 1800 2029 indagare
1818 1975 1931 2015 nobis
1947 1974 2081 2023 liceat,
2108 1975 2210 2021 illam
2229 1978 2327 2017 vero

219 2031 380 2072 Tacitus
401 2033 497 2071 Ann.
520 2045 555 2085 3.
575 2031 820 2086 suppeditare
835 2031 1008 2078 videtur,
1037 2032 1126 2071 cum
1147 2026 1262 2072 tradit
1283 2030 1453 2086 Cyprios
1470 2038 1574 2070 a‘nno
1590 2028 1645 2070 U.
1664 2030 1711 2070 C.
1731 2043 1824 2083 773.
1848 2031 1913 2084 jus
1930 2028 2020 2084 asyli
2036 2030 2249 2084 defendisse
2266 2032 2332 2073 tri-

217 2083 290 2126 bus
312 2085 502 2132 delubris,
529 2096 699 2141 quorum-
717 2085 1007 2127 vetustiffimum
1029 2086 1186 2139 Paphiae
1211 2086 1358 2125 Veneri
1381 2086 1515 2125 :iustoi-
1530 2111 1542 2131 ,
1570 2085 1700 2125 AErias
1718 2101 1730 2124 ε·
1756 2085 1852 2126 illud
1875 2087 1978 2126 enim
1997 2087 2134 2142 Cyprii
2155 2088 2195 2128 in
2213 2087 2331 2129 Drufi

207 2153 404 2189 nummo,
431 2153 515 2184 turn
530 2153 573 2183 ut
590 2141 724 2196 templi
740 2140 876 2182 formae
894 2140 1125 2196 dignitatem
1141 2139 1355 2180 indicarent
1371 2167 1384 2187 ,
1410 2142 1503 2181 cum
1517 2147 1561 2181 ue
1578 2141 1702 2195 parris-
1716 2140 1801 2194 ejus
1818 2141 2128 2192 benevolentiam
2147 2143 2214 2184 sibi
2233 2151 2328 2185 con-

206 2197 415 2246 ciliarent,
441 2197 703 2253 percuflerunt
719 2224 732 2244 ,
760 2193 889 2238 Druso
905 2195 1111 2252 praesertim
1127 2195 1388 2252 gratulante&
1410 2196 1525 2251 quod
1539 2196 1618 2237 hoc-
1638 2205 1743 2238 arino
1758 2197 1780 2237 ὲ
1796 2197 1960 2239 Tiberio
1978 2199 2240 2243 Tribunitiain’
2258 2200 2334 2256 po}

212 2254 392 2308 testatem
410 2257 593 2310 tanquam
608 2253 661 2295 ad
675 2253 887 2309 Imperium
906 2251 1133 2308 designatus-
1143 2251 1353 2307 recepisset.
1388 2252 1454 2294 De
1468 2252 1683 2297 Venerem
1695 2260 1859 2296 nummo
1873 2253 2059 2311 sequentia

208 2373 210 2375 .
270 2331 356 2378 Hic
368 2347 542 2377 nummus
556 2335 704 2376 minimi
719 2331 859 2376 moduli
872 2334 973 2374 inter
988 2333 1148 2375 rariores
1162 2330 1413 2374 collocandus.-

220 2847 288 2888 im
304 2860 358 2886 vs
373 2859 427 2886 vs
457 2858 518 2886 cA
533 2858 680 2885 ESAR.
717 2844 850 2898 Caput
864 2842 979 2884 Drusi
997 2842 1160 2884 nudum.
1588 2878 1591 2889 2
1913 2892 1915 2894 v
2272 2877 2275 2880 ,

271 2902 416 2957 Jupiter
440 2901 561 2946 stam,
588 2900 721 2941 dextra
744 2900 912 2953 aquilam
928 2926 941 2946 ‚
969 2899 1112 2940 sinistra
1137 2896 1275 2937 baculo
1295 2898 1449 2946 innixa,
1479 2913 1526 2939 ex
1546 2898 1704 2940 adverso
1731 2900 1919 2955 templum
1945 2901 2050 2943 idem
2069 2901 2233 2944 Veneris
2246 2902 2320 2945 Pa-‘

328 2956 428 3012 phiae
440 2985 452 3004 ‚
482 2955 561 2996 sine
577 2955 799 3012 epigraphe.

269 3035 379 3077 Alter
395 3031 524 3089 prodit
540 3048 722 3074 nummus
739 3035 760 3074 a
778 3033 1016 3088 Cypriorum
1034 3033 1249 3074 Communi
1264 3033 1305 3073 in
1322 3030 1513 3074 honorem
1524 3029 1805 3075 DrufiCaesaris
1819 3033 2006 3089 signatus,
2033 3037 2072 3076 i'n
2085 3026 2195 3088 cuju's
2207 3052 2315 3080 aver-

215 3093 253 3133 sa
272 3091 541 3146 parteJupiter
553 3094 593 3130 &
606 3090 741 3131 Venus
758 3089 798 3130 in
816 3089 963 3144 templo
976 3117 989 3136 ‚
1017 3089 1098 3130 duo
1117 3090 1307 3144 praecipua
1323 3089 1450 3130 insuloe
1467 3091 1624 3129 numina
1637 3117 1648 3136 ,
1677 3094 1716 3130 δε
1739 3104 1776 3130 in
1795 3105 1931 3138 eorum
1951 3092 2116 3132 nummis
2134 3091 2315 3147 frequen-

214 3149 286 3189 t-ia:
315 3146 457 3201 Jupiter
472 3145 576 3186 enim
593 3145 631 3186 in
646 3143 884 3200 ,Vespasiano
895 3149 934 3186 ὃς
945 3145 1117 3199 Trajano
1132 3144 1230 3200 saepe
1245 3146 1410 3186 occurrit
1425 3160 1513 3186 cum
1529 3145 1740 3201 epigraphe
1763 3158 1787 3185 ις
1798 3158 1822 3184 o
1835 3157 1846 3183 1
1858 3159 1884 3185 N
1897 3158 1921 3185 0
1935 3159 1962 3186 N
1988 3158 2079 3185 Krri
2091 3158 2126 3185 Pi
2136 3159 2164 3185 Ω
2175 3160 2215 3189 Ν.
2244 3144 2315 3195 Ille

213 3203 365 3244 videtur
375 3197 607 3242 Salaminius
619 3201 742 3242 dictus
755 3197 862 3255 apud
871 3201 1054 3242 Tacitum
1067 3201 1204 3242 Annal.
1221 3214 1257 3259 3.
1273 3200 1366 3241 cum
1378 3213 1502 3242 narrat
1511 3202 1679 3256 Cyprios
1696 3203 1814 3242 tribus
1829 3200 1993 3242 delubris
2005 3202 2068 3255 jus
2079 3203 2168 3258 asyli
2179 3205 2313 3249 defen-⁷

213 3258 316 3300 diffie.
345 3257 457 3297 Exin
470 3259 596 3312 Cyprii
613 3258 736 3297 tribus
749 3256 935 3304 delubris,
962 3270 1116 3311 quorum
1131 3254 1410 3309 vetustiſjimum
1427 3255 1593 3312 Paphia
1607 3256 1762 3297 Veneris
1777 3260 1926 3304 auelor,
1953 3256 2146 3306 QAErias,
2162 3261 2309 3316 pbstfi.

212 3312 289 3355 lius
305 3313 341 3353 e'
367 3328 388 3353 s
398 3312 596 3354 Amathus
608 3313 744 3353 Veneri
753 3311 1013 3364 Amalf¹hufiae,¹
1036 3311 1084 3356 ὀὶ
1093 3311 1197 3365 Jovt'
1209 3312 1437 3360 Salaminio,
1457 3311 1597 3353 Teucer
1615 3313 1828 3353 Telamonis
1836 3315 1965 3367 parris
1979 3313 2230 3372 ird‘prffugus
2240 3330 2311 3373 pa-

201 3326 378 3423 sufflii.
416 3368 479 3409 De
494 3369 640 3424 templo
651 3365 816 3409 Veneris
826 3367 983 3422 Paphiae
998 3368 1121 3409 multa*
1126 3368 1363 3422 jampridem·-
1370 3374 1620 3409 nummorum
1639 3368 2307 3421 lhriproresEriciue-Vene‘rssus,Tris-

213 3435 326 3467 tanus
339 3452 351 3471 ,
377 3422 533 3466 P'atinus
549 3451 561 3472 ,
590 3424 629 3464 &c
651 3423 694 3464 P‘.
715 3422 942 3465 Hhrduinus
963 3422 1152 3465 dixerune
1191 3429 1293 3464 Ar'ea
1312 3423 1475 3465 Veneris
1502 3424 1649 3477 templo
1673 3423 1804 3463 ad‘dita'
1822 3424 1974 3466 videtur
1987 3425 2304 3471 adiudicandum

213 3479 414 3536 quoddam
425 3507 437 3528 ,
453 3478 601 3534 dequo
616 3479 762 3521 Plinius
773 3480 836 3520 lib;
849 3491 883 3520 2.
898 3492 980 3532 cap.
992 3483 1028 3520 62
1043 3480 1239 3533 loquitur,
1256 3480 1491 3520 miraculum.
1521 3479 1671 3518 Celebre
1677 3478 1823 3531 fanum
1831 3479 1951 3536 habet*
1958 3481 2113 3533 Venari&
2123 3483 2305 3536 Paphosg

213 3537 255 3575 in
269 3536 378 3592 cujus
392 3535 583 3592 quandam
597 3549 724 3577 aream
744 3549 817 3576 non
839 3535 998 3588 impluit.
1036 3533 1079 3574 PL
1099 3534 1323 3576 Har-dumus
1338 3549 1412 3590 pro
1427 3543 1512 3575 ar'ea
1528 3543 1630 3573 aram
1647 3532 1833 3575 substituit
1849 3535 1901 3574 ob
1917 3537 2030 3577 ver-ba
2042 3536 2169 3578 Taciti
2187 3539 2247 3579 lib.
2265 3555 2283 3579 2
2293 3572 2302 3580 .

210 3590 311 3631 Hist.
330 3605 368 3644 p.
382 3605 443 3645 34..
472 3591 684 3645 Templum
696 3591 860 3633 Veneris
873 3591 960 3630 Rex
979 3588 1107 3630 AErias
1123 3589 1299 3630 condidit
1315 3594 1331 3637 ‚'·
1356 3602 1404 3631 ex
1420 3589 1560 3629 eodem
1576 3589 1729 3629 Tacito.
1761 3590 2000 3631 Conditorem
2015 3593 2149 3646 templi·
2162 3594 2304 3647 Regem

212 3645 406 3691 (AEriam.
415 3654 533 3690 vetus.
542 3648 729 3687 memoria.
760 3646 856 3686 Deae
873 3646 986 3685 instar
1000 3658 1110 3686 met-ae
1125 3646 1165 3685 in
1182 3646 1311 3686 medio
1330 3645 1462 3698 templi
1479 3644 1642 3684 cernitur
1655 3643 1914 3692 simulacrum,
1943 3647 1993 3686 de
2006 3661 2087 3702 quo
2100 3647 2201 3687 idem
2216 3644 2304 3688 His-

210 3701 360 3742 toricus.
390 3701 638 3742 Simulacrum
653 3702 757 3742 Deae
774 3716 845 3742 non
862 3699 978 3754 effigie
994 3701 1180 3746 humana,
1198 3704 1267 3740 &e
1307 3700 1371 3738 Ad
1398 3699 1534 3753 templi
1558 3700 1671 3740 latera
1700 3702 1738 3739 in
1765 3715 1848 3740 area
1872 3702 2048 3742 videntur
2072 3702 2152 3742 duo
2175 3703 2302 3744 altaria

210 3756 351 3811 ignita,
376 3755 427 3796 de
445 3756 585 3811 quibus
601 3756 725 3797 forsan
736 3756 895 3797 Tacitus
912 3757 1000 3796 loco
1016 3756 1075 3796 cit.
1106 3755 1294 3795 Precibus
1306 3752 1353 3797 (θ’
1364 3756 1555 3809 lgnepuro
1573 3755 1718 3794 altaria
1735 3755 1931 3796 adolentur
1943 3785 1956 3804 ,
1985 3771 2051 3797 nec
2071 3757 2159 3796 ullis
2177 3759 2303 3800 imbri-

214 3812 281 3852 bus
299 3824 512 3867 quanquam
531 3814 572 3852 in
590 3823 717 3867 aperto
733 3811 958 3865 madescunt.

269 3888 352 3930 Hic
365 3902 536 3931 nummus
548 3892 711 3931 minimae
719 3890 858 3945 formae
877 3892 977 3931 inter
995 3891 1152 3930 rariores
1170 3886 1217 3933 &
1233 3888 1474 3943 elqgantiores
1489 3887 1742 3940 recenfi‘ndus„

1547 3997 1650 4046 M³
