<?xml version="1.0" encoding="UTF-8"?>
<!DOCTYPE html PUBLIC "-//W3C//DTD XHTML 1.0 Transitional//EN"
    "http://www.w3.org/TR/xhtml1/DTD/xhtml1-transitional.dtd">
<html xmlns="http://www.w3.org/1999/xhtml" xml:lang="en" lang="en">
 <head>
  <title>
</title>
<meta http-equiv="Content-Type" content="text/html;charset=utf-8" />
  <meta name='ocr-system' content='tesseract 3.04.00' />
  <meta name='ocr-capabilities' content='ocr_page ocr_carea ocr_par ocr_line ocrx_word'/>
</head>
<body>
  <div class='ocr_page' id='page_1' title='image "./numismatareaim00foyv_0158.png"; bbox 0 0 2574 4214; ppageno 0'>
   <div class='ocr_carea' id='block_1_1' title="bbox 250 158 1851 286">
    <p class='ocr_par' dir='ltr' id='par_1_1' title="bbox 250 158 1851 286">
     <span class='ocr_line' id='line_1_1' title="bbox 253 158 1851 222; baseline -0.001 -11"><span class='ocrx_word' id='word_1_1' title='bbox 253 177 347 222; x_wconf 72' lang='lat'>132</span> <span class='ocrx_word' id='word_1_2' title='bbox 741 158 1851 214; x_wconf 71' lang='lat' dir='ltr'><strong>VESPASIANUS.</strong></span> 
     </span>
     <span class='ocr_line' id='line_1_2' title="bbox 250 229 1595 286; baseline 0.001 -17"><span class='ocrx_word' id='word_1_3' title='bbox 250 242 268 269; x_wconf 67' lang='grc' dir='ltr'>ι</span> <span class='ocrx_word' id='word_1_4' title='bbox 279 242 315 268; x_wconf 82' lang='grc' dir='ltr'><strong>Μ</strong></span> <span class='ocrx_word' id='word_1_5' title='bbox 327 242 361 267; x_wconf 74' lang='grc' dir='ltr'>Ρ.</span> <span class='ocrx_word' id='word_1_6' title='bbox 391 240 414 268; x_wconf 91' lang='lat' dir='ltr'>c</span> <span class='ocrx_word' id='word_1_7' title='bbox 427 241 454 268; x_wconf 99' lang='lat' dir='ltr'>A</span> <span class='ocrx_word' id='word_1_8' title='bbox 467 240 490 268; x_wconf 73' lang='lat' dir='ltr'>E</span> <span class='ocrx_word' id='word_1_9' title='bbox 504 239 538 268; x_wconf 83' lang='lat' dir='ltr'>s.</span> <span class='ocrx_word' id='word_1_10' title='bbox 569 241 597 268; x_wconf 87' lang='lat' dir='ltr'>v</span> <span class='ocrx_word' id='word_1_11' title='bbox 609 242 632 269; x_wconf 72' lang='grc' dir='ltr'>Ε</span> <span class='ocrx_word' id='word_1_12' title='bbox 645 240 664 268; x_wconf 89' lang='lat' dir='ltr'>s</span> <span class='ocrx_word' id='word_1_13' title='bbox 677 241 698 268; x_wconf 71' lang='grc' dir='ltr'>Ρ</span> <span class='ocrx_word' id='word_1_14' title='bbox 712 242 740 268; x_wconf 91' lang='lat' dir='ltr'>A</span> <span class='ocrx_word' id='word_1_15' title='bbox 754 244 773 269; x_wconf 91' lang='lat' dir='ltr'>s</span> <span class='ocrx_word' id='word_1_16' title='bbox 788 244 803 270; x_wconf 92' lang='lat'>1</span> <span class='ocrx_word' id='word_1_17' title='bbox 816 244 843 270; x_wconf 88' lang='lat' dir='ltr'>A</span> <span class='ocrx_word' id='word_1_18' title='bbox 857 244 887 269; x_wconf 93' lang='lat' dir='ltr'>N</span> <span class='ocrx_word' id='word_1_19' title='bbox 899 244 938 270; x_wconf 88' lang='lat' dir='ltr'>o.</span> <span class='ocrx_word' id='word_1_20' title='bbox 979 232 1114 286; x_wconf 82' lang='lat' dir='ltr'>Caput</span> <span class='ocrx_word' id='word_1_21' title='bbox 1133 229 1357 285; x_wconf 82' lang='lat' dir='ltr'>Vespasiani</span> <span class='ocrx_word' id='word_1_22' title='bbox 1375 231 1595 271; x_wconf 86' lang='lat' dir='ltr'>laureatum.</span> 
     </span>
    </p>
   </div>
   <div class='ocr_carea' id='block_1_2' title="bbox 306 285 2342 381">
    <p class='ocr_par' dir='ltr' id='par_1_2' title="bbox 306 285 2342 381">
     <span class='ocr_line' id='line_1_3' title="bbox 306 285 2342 346; baseline 0.003 -22"><span class='ocrx_word' id='word_1_23' title='bbox 306 297 332 324; x_wconf 90' lang='lat' dir='ltr'>c</span> <span class='ocrx_word' id='word_1_24' title='bbox 342 297 367 322; x_wconf 95' lang='lat'><em>0</em></span> <span class='ocrx_word' id='word_1_25' title='bbox 379 297 418 323; x_wconf 79' lang='lat' dir='ltr'>L.</span> <span class='ocrx_word' id='word_1_26' title='bbox 449 296 552 346; x_wconf 53' lang='grc' dir='ltr'>ιγ».</span> <span class='ocrx_word' id='word_1_27' title='bbox 584 297 611 324; x_wconf 86' lang='lat' dir='ltr'>A</span> <span class='ocrx_word' id='word_1_28' title='bbox 625 297 652 323; x_wconf 91' lang='lat' dir='ltr'><strong>v</strong></span> <span class='ocrx_word' id='word_1_29' title='bbox 663 298 701 324; x_wconf 77' lang='lat' dir='ltr'>e.</span> <span class='ocrx_word' id='word_1_30' title='bbox 733 299 758 326; x_wconf 91' lang='lat' dir='ltr'>c</span> <span class='ocrx_word' id='word_1_31' title='bbox 770 298 796 327; x_wconf 80' lang='lat' dir='ltr'>A</span> <span class='ocrx_word' id='word_1_32' title='bbox 810 299 829 325; x_wconf 90' lang='lat' dir='ltr'>s</span> <span class='ocrx_word' id='word_1_33' title='bbox 843 299 862 325; x_wconf 88' lang='lat' dir='ltr'>s</span> <span class='ocrx_word' id='word_1_34' title='bbox 874 298 902 325; x_wconf 85' lang='lat' dir='ltr'>A</span> <span class='ocrx_word' id='word_1_35' title='bbox 915 298 947 324; x_wconf 98' lang='lat' dir='ltr'>N</span> <span class='ocrx_word' id='word_1_36' title='bbox 958 299 1024 326; x_wconf 68' lang='lat' dir='ltr'>na</span> <span class='ocrx_word' id='word_1_37' title='bbox 1036 300 1059 327; x_wconf 76' lang='lat' dir='ltr'>E</span> <span class='ocrx_word' id='word_1_38' title='bbox 1070 298 1103 326; x_wconf 90' lang='lat' dir='ltr'>N</span> <span class='ocrx_word' id='word_1_39' title='bbox 1113 299 1145 325; x_wconf 84' lang='lat' dir='ltr'>s.</span> <span class='ocrx_word' id='word_1_40' title='bbox 1174 285 1332 328; x_wconf 75' lang='lat' dir='ltr'>Colonia</span> <span class='ocrx_word' id='word_1_41' title='bbox 1343 285 1461 339; x_wconf 83' lang='lat' dir='ltr'>Julia</span> <span class='ocrx_word' id='word_1_42' title='bbox 1475 285 1649 342; x_wconf 71' lang='lat' dir='ltr'>Augusta</span> <span class='ocrx_word' id='word_1_43' title='bbox 1665 285 1948 340; x_wconf 47' lang='lat' dir='ltr'>Caffknmerfis.</span> <span class='ocrx_word' id='word_1_44' title='bbox 1987 286 2236 343; x_wconf 81' lang='lat' dir='ltr'>CaputJovis</span> <span class='ocrx_word' id='word_1_45' title='bbox 2248 285 2342 331; x_wconf 57' lang='lat' dir='ltr'>Affi-</span> 
     </span>
     <span class='ocr_line' id='line_1_4' title="bbox 363 349 724 381; baseline 0 -2"><span class='ocrx_word' id='word_1_46' title='bbox 363 351 491 379; x_wconf 87' lang='lat' dir='ltr'>moms</span> <span class='ocrx_word' id='word_1_47' title='bbox 507 349 724 381; x_wconf 85' lang='lat' dir='ltr'>cornutum.</span> 
     </span>
    </p>
   </div>
   <div class='ocr_carea' id='block_1_3' title="bbox 248 407 2345 911">
    <p class='ocr_par' dir='ltr' id='par_1_3' title="bbox 248 407 2345 911">
     <span class='ocr_line' id='line_1_5' title="bbox 306 407 2344 475; baseline 0.003 -20"><span class='ocrx_word' id='word_1_48' title='bbox 306 411 528 456; x_wconf 76' lang='lat' dir='ltr'>Cassandria</span> <span class='ocrx_word' id='word_1_49' title='bbox 543 415 633 456; x_wconf 89' lang='lat' dir='ltr'>urbs</span> <span class='ocrx_word' id='word_1_50' title='bbox 649 410 914 465; x_wconf 81' lang='lat' dir='ltr'>Macedoniae,</span> <span class='ocrx_word' id='word_1_51' title='bbox 944 410 1114 459; x_wconf 82' lang='lat' dir='ltr'>Colonia</span> <span class='ocrx_word' id='word_1_52' title='bbox 1131 417 1152 457; x_wconf 75' lang='grc' dir='ltr'>ἐι</span> <span class='ocrx_word' id='word_1_53' title='bbox 1162 407 1271 471; x_wconf 79' lang='lat' dir='ltr'>Julio</span> <span class='ocrx_word' id='word_1_54' title='bbox 1283 416 1433 459; x_wconf 65' lang='lat' dir='ltr'>Caesar&#39;e</span> <span class='ocrx_word' id='word_1_55' title='bbox 1449 419 1651 460; x_wconf 82' lang='lat' dir='ltr'>constituta</span> <span class='ocrx_word' id='word_1_56' title='bbox 1661 445 1673 466; x_wconf 83' lang='lat'>‚</span> <span class='ocrx_word' id='word_1_57' title='bbox 1701 419 1750 460; x_wconf 88' lang='lat' dir='ltr'>ab</span> <span class='ocrx_word' id='word_1_58' title='bbox 1765 411 1940 475; x_wconf 77' lang='lat' dir='ltr'>Augusto</span> <span class='ocrx_word' id='word_1_59' title='bbox 1949 409 2112 462; x_wconf 80' lang='lat' dir='ltr'>Colonis</span> <span class='ocrx_word' id='word_1_60' title='bbox 2127 420 2263 463; x_wconf 67' lang='lat' dir='ltr'>iteruin</span> <span class='ocrx_word' id='word_1_61' title='bbox 2279 418 2344 463; x_wconf 65' lang='lat' dir='ltr'>{eu</span> 
     </span>
     <span class='ocr_line' id='line_1_6' title="bbox 251 468 2342 529; baseline 0.003 -18"><span class='ocrx_word' id='word_1_62' title='bbox 251 468 455 512; x_wconf 81' lang='lat' dir='ltr'>Veteranis</span> <span class='ocrx_word' id='word_1_63' title='bbox 479 472 718 524; x_wconf 86' lang='lat' dir='ltr'>frequentata</span> <span class='ocrx_word' id='word_1_64' title='bbox 734 497 746 520; x_wconf 67' lang='lat'><em>2</em></span> <span class='ocrx_word' id='word_1_65' title='bbox 775 473 825 514; x_wconf 88' lang='lat' dir='ltr'>de</span> <span class='ocrx_word' id='word_1_66' title='bbox 849 488 926 528; x_wconf 87' lang='lat' dir='ltr'>qua</span> <span class='ocrx_word' id='word_1_67' title='bbox 951 473 990 514; x_wconf 89' lang='lat' dir='ltr'>in</span> <span class='ocrx_word' id='word_1_68' title='bbox 1016 472 1178 513; x_wconf 84' lang='lat' dir='ltr'>Nerone</span> <span class='ocrx_word' id='word_1_69' title='bbox 1198 473 1346 516; x_wconf 62' lang='lat' dir='ltr'>dietum</span> <span class='ocrx_word' id='word_1_70' title='bbox 1367 474 1422 514; x_wconf 87' lang='lat' dir='ltr'>est</span> <span class='ocrx_word' id='word_1_71' title='bbox 1437 501 1467 520; x_wconf 30' lang='grc' dir='ltr'>,κ</span> <span class='ocrx_word' id='word_1_72' title='bbox 1480 477 1713 517; x_wconf 85' lang='lat' dir='ltr'>Ammonem</span> <span class='ocrx_word' id='word_1_73' title='bbox 1727 475 1953 518; x_wconf 80' lang='lat' dir='ltr'>Tutelarem</span> <span class='ocrx_word' id='word_1_74' title='bbox 1974 477 2101 516; x_wconf 85' lang='lat' dir='ltr'>Deum</span> <span class='ocrx_word' id='word_1_75' title='bbox 2119 504 2131 523; x_wconf 87' lang='lat'>,</span> <span class='ocrx_word' id='word_1_76' title='bbox 2160 476 2270 529; x_wconf 89' lang='lat' dir='ltr'>cujus</span> <span class='ocrx_word' id='word_1_77' title='bbox 2290 477 2342 517; x_wconf 80' lang='lat' dir='ltr'>ab</span> 
     </span>
     <span class='ocr_line' id='line_1_7' title="bbox 253 525 2345 586; baseline 0.003 -21"><span class='ocrx_word' id='word_1_78' title='bbox 253 525 431 580; x_wconf 86' lang='lat' dir='ltr'>AEgypto</span> <span class='ocrx_word' id='word_1_79' title='bbox 447 528 594 570; x_wconf 88' lang='lat' dir='ltr'>cultum</span> <span class='ocrx_word' id='word_1_80' title='bbox 610 541 836 582; x_wconf 85' lang='lat' dir='ltr'>receperunt</span> <span class='ocrx_word' id='word_1_81' title='bbox 852 556 864 576; x_wconf 88' lang='lat'>,</span> <span class='ocrx_word' id='word_1_82' title='bbox 891 528 1056 571; x_wconf 78' lang='lat' dir='ltr'>exhibet.</span> <span class='ocrx_word' id='word_1_83' title='bbox 1089 526 1242 581; x_wconf 84' lang='lat' dir='ltr'>Jupiter</span> <span class='ocrx_word' id='word_1_84' title='bbox 1266 527 1317 567; x_wconf 87' lang='lat' dir='ltr'>fic</span> <span class='ocrx_word' id='word_1_85' title='bbox 1339 528 1548 582; x_wconf 84' lang='lat' dir='ltr'>appellatus</span> <span class='ocrx_word' id='word_1_86' title='bbox 1571 529 1649 575; x_wconf 85' lang='lat' dir='ltr'>est,</span> <span class='ocrx_word' id='word_1_87' title='bbox 1676 531 1745 583; x_wconf 78' lang='lat' dir='ltr'>qui</span> <span class='ocrx_word' id='word_1_88' title='bbox 1759 531 1800 570; x_wconf 90' lang='lat' dir='ltr'>in</span> <span class='ocrx_word' id='word_1_89' title='bbox 1814 531 1970 572; x_wconf 64' lang='lat' dir='ltr'>‘desertis</span> <span class='ocrx_word' id='word_1_90' title='bbox 1985 531 2115 586; x_wconf 82' lang='lat' dir='ltr'>Libyae</span> <span class='ocrx_word' id='word_1_91' title='bbox 2136 532 2202 572; x_wconf 86' lang='lat' dir='ltr'>sub</span> <span class='ocrx_word' id='word_1_92' title='bbox 2218 531 2345 573; x_wconf 75' lang='lat' dir='ltr'>arietis</span> 
     </span>
     <span class='ocr_line' id='line_1_8' title="bbox 252 579 2340 638; baseline 0.003 -18"><span class='ocrx_word' id='word_1_93' title='bbox 252 579 376 622; x_wconf 87' lang='lat' dir='ltr'>forma</span> <span class='ocrx_word' id='word_1_94' title='bbox 398 582 596 622; x_wconf 81' lang='lat' dir='ltr'>colebatur</span> <span class='ocrx_word' id='word_1_95' title='bbox 611 610 623 630; x_wconf 83' lang='lat'>‚</span> <span class='ocrx_word' id='word_1_96' title='bbox 658 584 750 624; x_wconf 91' lang='lat' dir='ltr'>ideo</span> <span class='ocrx_word' id='word_1_97' title='bbox 774 598 894 624; x_wconf 89' lang='lat' dir='ltr'>cornu</span> <span class='ocrx_word' id='word_1_98' title='bbox 918 583 1078 623; x_wconf 86' lang='lat' dir='ltr'>arietino</span> <span class='ocrx_word' id='word_1_99' title='bbox 1102 581 1258 637; x_wconf 83' lang='lat' dir='ltr'>insignis</span> <span class='ocrx_word' id='word_1_100' title='bbox 1284 583 1362 629; x_wconf 90' lang='lat' dir='ltr'>est,</span> <span class='ocrx_word' id='word_1_101' title='bbox 1389 583 1498 638; x_wconf 88' lang='lat' dir='ltr'>cujus</span> <span class='ocrx_word' id='word_1_102' title='bbox 1522 584 1786 638; x_wconf 80' lang='lat' dir='ltr'>appellationis</span> <span class='ocrx_word' id='word_1_103' title='bbox 1807 587 1905 626; x_wconf 89' lang='lat' dir='ltr'>ratio</span> <span class='ocrx_word' id='word_1_104' title='bbox 1929 587 2010 627; x_wconf 84' lang='lat' dir='ltr'>haec</span> <span class='ocrx_word' id='word_1_105' title='bbox 2037 585 2143 626; x_wconf 71' lang='lat' dir='ltr'>fuisse</span> <span class='ocrx_word' id='word_1_106' title='bbox 2170 587 2340 628; x_wconf 80' lang='lat' dir='ltr'>traditur.</span> 
     </span>
     <span class='ocr_line' id='line_1_9' title="bbox 252 636 2344 694; baseline 0.003 -18"><span class='ocrx_word' id='word_1_107' title='bbox 252 636 357 676; x_wconf 81' lang='lat' dir='ltr'>Cum</span> <span class='ocrx_word' id='word_1_108' title='bbox 378 637 490 676; x_wconf 89' lang='lat' dir='ltr'>Liber</span> <span class='ocrx_word' id='word_1_109' title='bbox 504 636 616 678; x_wconf 88' lang='lat' dir='ltr'>Pater</span> <span class='ocrx_word' id='word_1_110' title='bbox 634 652 703 692; x_wconf 86' lang='lat' dir='ltr'>per</span> <span class='ocrx_word' id='word_1_111' title='bbox 721 639 908 679; x_wconf 75' lang='lat' dir='ltr'>desertum</span> <span class='ocrx_word' id='word_1_112' title='bbox 931 639 1059 693; x_wconf 80' lang='lat' dir='ltr'>Libyae</span> <span class='ocrx_word' id='word_1_113' title='bbox 1076 639 1284 679; x_wconf 87' lang='lat' dir='ltr'>exercitum</span> <span class='ocrx_word' id='word_1_114' title='bbox 1302 638 1460 679; x_wconf 89' lang='lat' dir='ltr'>duceret</span> <span class='ocrx_word' id='word_1_115' title='bbox 1476 665 1488 685; x_wconf 86' lang='lat'>,</span> <span class='ocrx_word' id='word_1_116' title='bbox 1518 639 1688 679; x_wconf 86' lang='lat' dir='ltr'>universa</span> <span class='ocrx_word' id='word_1_117' title='bbox 1705 640 1784 694; x_wconf 85' lang='lat' dir='ltr'>jam</span> <span class='ocrx_word' id='word_1_118' title='bbox 1807 641 1895 681; x_wconf 87' lang='lat' dir='ltr'>Asia</span> <span class='ocrx_word' id='word_1_119' title='bbox 1917 642 2065 682; x_wconf 56' lang='lat' dir='ltr'>deviem</span> <span class='ocrx_word' id='word_1_120' title='bbox 2081 646 2119 682; x_wconf 76' lang='grc' dir='ltr'>δε</span> <span class='ocrx_word' id='word_1_121' title='bbox 2137 641 2194 682; x_wconf 88' lang='lat' dir='ltr'>fiti</span> <span class='ocrx_word' id='word_1_122' title='bbox 2210 642 2344 683; x_wconf 84' lang='lat' dir='ltr'>admo-</span> 
     </span>
     <span class='ocr_line' id='line_1_10' title="bbox 251 690 2343 750; baseline 0.003 -20"><span class='ocrx_word' id='word_1_123' title='bbox 251 690 346 730; x_wconf 88' lang='lat' dir='ltr'>dum</span> <span class='ocrx_word' id='word_1_124' title='bbox 367 692 553 733; x_wconf 82' lang='lat' dir='ltr'>laboraret</span> <span class='ocrx_word' id='word_1_125' title='bbox 570 719 581 738; x_wconf 84' lang='lat'>,</span> <span class='ocrx_word' id='word_1_126' title='bbox 610 693 826 748; x_wconf 76' lang='lat' dir='ltr'>implorasse</span> <span class='ocrx_word' id='word_1_127' title='bbox 844 695 864 733; x_wconf 57' lang='lat'>:⁸1</span> <span class='ocrx_word' id='word_1_128' title='bbox 881 694 990 733; x_wconf 84' lang='lat' dir='ltr'>Patre</span> <span class='ocrx_word' id='word_1_129' title='bbox 1008 694 1190 734; x_wconf 82' lang='lat' dir='ltr'>auxilium</span> <span class='ocrx_word' id='word_1_130' title='bbox 1210 694 1346 735; x_wconf 91' lang='lat' dir='ltr'>dicitur</span> <span class='ocrx_word' id='word_1_131' title='bbox 1367 709 1375 734; x_wconf 90' lang='lat'>:</span> <span class='ocrx_word' id='word_1_132' title='bbox 1405 707 1486 748; x_wconf 90' lang='lat' dir='ltr'>quo</span> <span class='ocrx_word' id='word_1_133' title='bbox 1510 693 1613 734; x_wconf 67' lang='lat' dir='ltr'>fasto</span> <span class='ocrx_word' id='word_1_134' title='bbox 1630 721 1641 740; x_wconf 86' lang='lat'>,</span> <span class='ocrx_word' id='word_1_135' title='bbox 1670 696 1879 748; x_wconf 73' lang='lat' dir='ltr'>apparuisse</span> <span class='ocrx_word' id='word_1_136' title='bbox 1902 698 1937 737; x_wconf 92' lang='lat' dir='ltr'>ei</span> <span class='ocrx_word' id='word_1_137' title='bbox 1952 697 2146 750; x_wconf 80' lang='lat' dir='ltr'>extemplo</span> <span class='ocrx_word' id='word_1_138' title='bbox 2165 699 2343 744; x_wconf 80' lang='lat' dir='ltr'>arietem,</span> 
     </span>
     <span class='ocr_line' id='line_1_11' title="bbox 248 745 2345 806; baseline 0.004 -22"><span class='ocrx_word' id='word_1_139' title='bbox 248 759 368 799; x_wconf 84' lang='lat' dir='ltr'>quem</span> <span class='ocrx_word' id='word_1_140' title='bbox 386 745 479 786; x_wconf 89' lang='lat' dir='ltr'>dum</span> <span class='ocrx_word' id='word_1_141' title='bbox 498 747 710 801; x_wconf 86' lang='lat' dir='ltr'>fugientem</span> <span class='ocrx_word' id='word_1_142' title='bbox 726 749 985 801; x_wconf 88' lang='lat' dir='ltr'>prosequitur,</span> <span class='ocrx_word' id='word_1_143' title='bbox 1013 749 1225 803; x_wconf 80' lang='lat' dir='ltr'>pervenisse</span> <span class='ocrx_word' id='word_1_144' title='bbox 1241 749 1307 790; x_wconf 90' lang='lat' dir='ltr'>illo</span> <span class='ocrx_word' id='word_1_145' title='bbox 1323 750 1423 790; x_wconf 86' lang='lat' dir='ltr'>duce</span> <span class='ocrx_word' id='word_1_146' title='bbox 1439 749 1489 788; x_wconf 90' lang='lat' dir='ltr'>ad</span> <span class='ocrx_word' id='word_1_147' title='bbox 1508 748 1655 790; x_wconf 88' lang='lat' dir='ltr'>fontem</span> <span class='ocrx_word' id='word_1_148' title='bbox 1670 750 1985 798; x_wconf 84' lang='lat' dir='ltr'>amoenissimum;</span> <span class='ocrx_word' id='word_1_149' title='bbox 2011 764 2246 806; x_wconf 84' lang='lat' dir='ltr'>quapropter</span> <span class='ocrx_word' id='word_1_150' title='bbox 2261 750 2345 793; x_wconf 80' lang='lat' dir='ltr'>voti</span> 
     </span>
     <span class='ocr_line' id='line_1_12' title="bbox 249 803 2344 863; baseline 0.003 -23"><span class='ocrx_word' id='word_1_151' title='bbox 249 813 474 852; x_wconf 86' lang='lat' dir='ltr'>compotem</span> <span class='ocrx_word' id='word_1_152' title='bbox 492 829 504 849; x_wconf 87' lang='lat'><strong>,</strong></span> <span class='ocrx_word' id='word_1_153' title='bbox 533 804 755 844; x_wconf 78' lang='lat' dir='ltr'>existimasse</span> <span class='ocrx_word' id='word_1_154' title='bbox 780 805 934 844; x_wconf 87' lang='lat' dir='ltr'>arietem</span> <span class='ocrx_word' id='word_1_155' title='bbox 962 804 1068 844; x_wconf 88' lang='lat' dir='ltr'>illum</span> <span class='ocrx_word' id='word_1_156' title='bbox 1098 803 1205 845; x_wconf 74' lang='lat' dir='ltr'>fuisse</span> <span class='ocrx_word' id='word_1_157' title='bbox 1215 805 1360 858; x_wconf 70' lang='lat' dir='ltr'>jovem</span> <span class='ocrx_word' id='word_1_158' title='bbox 1379 832 1391 851; x_wconf 90' lang='lat'>‚</span> <span class='ocrx_word' id='word_1_159' title='bbox 1420 805 1534 858; x_wconf 90' lang='lat' dir='ltr'>eique</span> <span class='ocrx_word' id='word_1_160' title='bbox 1558 805 1742 858; x_wconf 84' lang='lat' dir='ltr'>templum</span> <span class='ocrx_word' id='word_1_161' title='bbox 1765 807 1867 847; x_wconf 83' lang='lat' dir='ltr'>mirae</span> <span class='ocrx_word' id='word_1_162' title='bbox 1887 808 2156 863; x_wconf 79' lang='lat' dir='ltr'>magnitudinis</span> <span class='ocrx_word' id='word_1_163' title='bbox 2175 809 2214 848; x_wconf 89' lang='lat' dir='ltr'>in</span> <span class='ocrx_word' id='word_1_164' title='bbox 2230 819 2344 849; x_wconf 72' lang='lat' dir='ltr'>arena</span> 
     </span>
     <span class='ocr_line' id='line_1_13' title="bbox 249 856 1786 911; baseline 0.003 -14"><span class='ocrx_word' id='word_1_165' title='bbox 249 856 482 898; x_wconf 79' lang='lat' dir='ltr'>constituisse</span> <span class='ocrx_word' id='word_1_166' title='bbox 494 884 505 904; x_wconf 82' lang='lat'>,</span> <span class='ocrx_word' id='word_1_167' title='bbox 535 861 573 898; x_wconf 66' lang='grc' dir='ltr'>ὃς</span> <span class='ocrx_word' id='word_1_168' title='bbox 590 859 718 899; x_wconf 87' lang='lat' dir='ltr'>Deum</span> <span class='ocrx_word' id='word_1_169' title='bbox 738 860 886 900; x_wconf 83' lang='lat' dir='ltr'>vocasse</span> <span class='ocrx_word' id='word_1_170' title='bbox 904 860 1141 900; x_wconf 86' lang='lat' dir='ltr'>Ammonem</span> <span class='ocrx_word' id='word_1_171' title='bbox 1153 885 1165 904; x_wconf 89' lang='lat'><strong>,</strong></span> <span class='ocrx_word' id='word_1_172' title='bbox 1192 859 1270 898; x_wconf 92' lang='lat' dir='ltr'>hoc</span> <span class='ocrx_word' id='word_1_173' title='bbox 1286 860 1363 904; x_wconf 88' lang='lat' dir='ltr'>est,</span> <span class='ocrx_word' id='word_1_174' title='bbox 1394 860 1530 911; x_wconf 74' lang='lat' dir='ltr'>Iovem</span> <span class='ocrx_word' id='word_1_175' title='bbox 1547 863 1786 902; x_wconf 87' lang='lat' dir='ltr'>Arenarium.</span> 
     </span>
    </p>
   </div>
   <div class='ocr_carea' id='block_1_4' title="bbox 305 934 1473 989">
    <p class='ocr_par' dir='ltr' id='par_1_4' title="bbox 305 934 1473 989">
     <span class='ocr_line' id='line_1_14' title="bbox 305 934 1473 989; baseline 0.002 -13"><span class='ocrx_word' id='word_1_176' title='bbox 305 934 391 976; x_wconf 83' lang='lat' dir='ltr'>Hic</span> <span class='ocrx_word' id='word_1_177' title='bbox 409 950 581 977; x_wconf 81' lang='lat' dir='ltr'>nummus</span> <span class='ocrx_word' id='word_1_178' title='bbox 599 939 763 978; x_wconf 82' lang='lat' dir='ltr'>minimae</span> <span class='ocrx_word' id='word_1_179' title='bbox 779 937 886 979; x_wconf 79' lang='lat' dir='ltr'>molis</span> <span class='ocrx_word' id='word_1_180' title='bbox 899 939 998 979; x_wconf 85' lang='lat' dir='ltr'>inter</span> <span class='ocrx_word' id='word_1_181' title='bbox 1020 939 1180 978; x_wconf 82' lang='lat' dir='ltr'>rariores</span> <span class='ocrx_word' id='word_1_182' title='bbox 1194 935 1473 989; x_wconf 82' lang='lat' dir='ltr'>adscribendus.</span> 
     </span>
    </p>
   </div>
   <div class='ocr_carea' id='block_1_5' title="bbox 1049 1040 1553 1084">
    <p class='ocr_par' dir='ltr' id='par_1_5' title="bbox 1049 1040 1553 1084">
     <span class='ocr_line' id='line_1_15' title="bbox 1049 1040 1553 1084; baseline 0.002 -1"><span class='ocrx_word' id='word_1_183' title='bbox 1049 1040 1553 1084; x_wconf 72' lang='lat' dir='ltr'><em>PHILIPPJ.</em></span> 
     </span>
    </p>
   </div>
   <div class='ocr_carea' id='block_1_6' title="bbox 1118 1178 1484 1537">
    <p class='ocr_par' dir='ltr' id='par_1_6' title="bbox 1118 1178 1484 1537">
     <span class='ocr_line' id='line_1_16' title="bbox 1118 1178 1484 1537; baseline 0 2677"><span class='ocrx_word' id='word_1_184' title='bbox 1118 1178 1484 1537; x_wconf 95' lang='lat' dir='ltr'> </span> 
     </span>
    </p>
   </div>
   <div class='ocr_carea' id='block_1_7' title="bbox 239 1629 2350 1847">
    <p class='ocr_par' dir='ltr' id='par_1_7' title="bbox 240 1629 1832 1693">
     <span class='ocr_line' id='line_1_17' title="bbox 240 1629 1832 1693; baseline -0.003 -12"><span class='ocrx_word' id='word_1_185' title='bbox 240 1633 315 1681; x_wconf 63' lang='lat' dir='ltr'>&#39;t‘M</span> <span class='ocrx_word' id='word_1_186' title='bbox 327 1652 359 1679; x_wconf 71' lang='grc' dir='ltr'>Ρ.</span> <span class='ocrx_word' id='word_1_187' title='bbox 391 1652 414 1680; x_wconf 85' lang='lat' dir='ltr'>c</span> <span class='ocrx_word' id='word_1_188' title='bbox 429 1651 454 1678; x_wconf 91' lang='lat' dir='ltr'>A</span> <span class='ocrx_word' id='word_1_189' title='bbox 470 1651 493 1677; x_wconf 76' lang='grc' dir='ltr'><strong><em>Ε</em></strong></span> <span class='ocrx_word' id='word_1_190' title='bbox 507 1645 524 1677; x_wconf 82' lang='lat' dir='ltr'>s</span> <span class='ocrx_word' id='word_1_191' title='bbox 540 1651 566 1678; x_wconf 96' lang='lat' dir='ltr'>A</span> <span class='ocrx_word' id='word_1_192' title='bbox 580 1649 611 1679; x_wconf 66' lang='lat' dir='ltr'>R</span> <span class='ocrx_word' id='word_1_193' title='bbox 643 1653 670 1678; x_wconf 84' lang='lat' dir='ltr'><strong>v</strong></span> <span class='ocrx_word' id='word_1_194' title='bbox 683 1652 705 1679; x_wconf 71' lang='grc' dir='ltr'>ε</span> <span class='ocrx_word' id='word_1_195' title='bbox 718 1652 736 1678; x_wconf 90' lang='lat' dir='ltr'>s</span> <span class='ocrx_word' id='word_1_196' title='bbox 753 1650 773 1678; x_wconf 72' lang='grc' dir='ltr'>Ρ</span> <span class='ocrx_word' id='word_1_197' title='bbox 788 1651 813 1678; x_wconf 90' lang='lat' dir='ltr'>A</span> <span class='ocrx_word' id='word_1_198' title='bbox 829 1651 847 1678; x_wconf 91' lang='lat' dir='ltr'>s</span> <span class='ocrx_word' id='word_1_199' title='bbox 863 1651 877 1678; x_wconf 95' lang='lat'>1</span> <span class='ocrx_word' id='word_1_200' title='bbox 892 1651 917 1678; x_wconf 84' lang='lat' dir='ltr'>A</span> <span class='ocrx_word' id='word_1_201' title='bbox 931 1648 1033 1679; x_wconf 86' lang='lat' dir='ltr'>st</span> <span class='ocrx_word' id='word_1_202' title='bbox 1068 1653 1095 1680; x_wconf 98' lang='lat' dir='ltr'>A</span> <span class='ocrx_word' id='word_1_203' title='bbox 1108 1650 1186 1679; x_wconf 76' lang='lat' dir='ltr'>vo.</span> <span class='ocrx_word' id='word_1_204' title='bbox 1223 1634 1358 1693; x_wconf 85' lang='lat' dir='ltr'>Caput</span> <span class='ocrx_word' id='word_1_205' title='bbox 1373 1635 1595 1692; x_wconf 75' lang='lat' dir='ltr'>Vespasiani</span> <span class='ocrx_word' id='word_1_206' title='bbox 1611 1629 1832 1679; x_wconf 80' lang='lat' dir='ltr'>laureatum.</span> 
     </span>
    </p>

    <p class='ocr_par' dir='ltr' id='par_1_8' title="bbox 239 1686 2350 1847">
     <span class='ocr_line' id='line_1_18' title="bbox 239 1686 2350 1748; baseline 0 -12"><span class='ocrx_word' id='word_1_207' title='bbox 239 1686 248 1696; x_wconf 66' lang='lat'>⁵</span> <span class='ocrx_word' id='word_1_208' title='bbox 306 1711 329 1737; x_wconf 91' lang='lat' dir='ltr'>c</span> <span class='ocrx_word' id='word_1_209' title='bbox 341 1710 366 1735; x_wconf 94' lang='lat'>0</span> <span class='ocrx_word' id='word_1_210' title='bbox 379 1710 418 1736; x_wconf 89' lang='lat' dir='ltr'>L.</span> <span class='ocrx_word' id='word_1_211' title='bbox 455 1707 481 1734; x_wconf 87' lang='lat' dir='ltr'>A</span> <span class='ocrx_word' id='word_1_212' title='bbox 495 1708 522 1734; x_wconf 85' lang='lat' dir='ltr'><strong>v</strong></span> <span class='ocrx_word' id='word_1_213' title='bbox 534 1708 575 1735; x_wconf 83' lang='lat' dir='ltr'>o.</span> <span class='ocrx_word' id='word_1_214' title='bbox 607 1708 622 1734; x_wconf 95' lang='lat'>1</span> <span class='ocrx_word' id='word_1_215' title='bbox 635 1708 662 1734; x_wconf 85' lang='lat' dir='ltr'><strong>v</strong></span> <span class='ocrx_word' id='word_1_216' title='bbox 673 1709 711 1735; x_wconf 73' lang='lat' dir='ltr'>L,</span> <span class='ocrx_word' id='word_1_217' title='bbox 744 1708 765 1734; x_wconf 78' lang='lat' dir='ltr'>p</span> <span class='ocrx_word' id='word_1_218' title='bbox 777 1708 806 1734; x_wconf 83' lang='lat' dir='ltr'>H</span> <span class='ocrx_word' id='word_1_219' title='bbox 818 1707 832 1734; x_wconf 96' lang='lat'>1</span> <span class='ocrx_word' id='word_1_220' title='bbox 844 1708 869 1734; x_wconf 89' lang='lat' dir='ltr'>L</span> <span class='ocrx_word' id='word_1_221' title='bbox 882 1707 897 1733; x_wconf 88' lang='lat'>1</span> <span class='ocrx_word' id='word_1_222' title='bbox 910 1709 930 1734; x_wconf 87' lang='lat' dir='ltr'>P</span> <span class='ocrx_word' id='word_1_223' title='bbox 942 1709 975 1734; x_wconf 78' lang='grc' dir='ltr'>Ρ.</span> <span class='ocrx_word' id='word_1_224' title='bbox 1013 1694 1168 1735; x_wconf 85' lang='lat' dir='ltr'>Colonia</span> <span class='ocrx_word' id='word_1_225' title='bbox 1186 1693 1358 1748; x_wconf 77' lang='lat' dir='ltr'>Augusta</span> <span class='ocrx_word' id='word_1_226' title='bbox 1373 1692 1491 1746; x_wconf 81' lang='lat' dir='ltr'>Julia</span> <span class='ocrx_word' id='word_1_227' title='bbox 1509 1693 1769 1748; x_wconf 79' lang='lat' dir='ltr'>Philippenfis.</span> <span class='ocrx_word' id='word_1_228' title='bbox 1810 1693 1909 1733; x_wconf 85' lang='lat' dir='ltr'>Duae</span> <span class='ocrx_word' id='word_1_229' title='bbox 1929 1692 2058 1734; x_wconf 82' lang='lat' dir='ltr'>statuae</span> <span class='ocrx_word' id='word_1_230' title='bbox 2078 1692 2216 1735; x_wconf 84' lang='lat' dir='ltr'>stantes</span> <span class='ocrx_word' id='word_1_231' title='bbox 2230 1720 2242 1741; x_wconf 89' lang='lat'>‚</span> <span class='ocrx_word' id='word_1_232' title='bbox 2272 1692 2350 1736; x_wconf 69' lang='lat' dir='ltr'>basi</span> 
     </span>
     <span class='ocr_line' id='line_1_19' title="bbox 362 1749 2348 1804; baseline 0.001 -12"><span class='ocrx_word' id='word_1_233' title='bbox 362 1749 549 1804; x_wconf 84' lang='lat' dir='ltr'>impofitae</span> <span class='ocrx_word' id='word_1_234' title='bbox 567 1777 579 1797; x_wconf 88' lang='lat'>,</span> <span class='ocrx_word' id='word_1_235' title='bbox 614 1764 691 1790; x_wconf 86' lang='lat' dir='ltr'>una</span> <span class='ocrx_word' id='word_1_236' title='bbox 716 1750 910 1792; x_wconf 85' lang='lat' dir='ltr'>muliebris</span> <span class='ocrx_word' id='word_1_237' title='bbox 935 1764 1117 1791; x_wconf 87' lang='lat' dir='ltr'>coronam</span> <span class='ocrx_word' id='word_1_238' title='bbox 1145 1749 1252 1790; x_wconf 85' lang='lat' dir='ltr'>alteri</span> <span class='ocrx_word' id='word_1_239' title='bbox 1277 1750 1426 1790; x_wconf 84' lang='lat' dir='ltr'>militari</span> <span class='ocrx_word' id='word_1_240' title='bbox 1460 1749 1572 1804; x_wconf 87' lang='lat' dir='ltr'>super</span> <span class='ocrx_word' id='word_1_241' title='bbox 1606 1761 1724 1804; x_wconf 82' lang='lat' dir='ltr'>caput</span> <span class='ocrx_word' id='word_1_242' title='bbox 1757 1749 1963 1804; x_wconf 89' lang='lat' dir='ltr'>imponens</span> <span class='ocrx_word' id='word_1_243' title='bbox 1979 1776 1993 1796; x_wconf 88' lang='lat'>‚</span> <span class='ocrx_word' id='word_1_244' title='bbox 2029 1763 2056 1790; x_wconf 76' lang='grc' dir='ltr'>ι)</span> <span class='ocrx_word' id='word_1_245' title='bbox 2068 1763 2083 1789; x_wconf 87' lang='lat'>1</span> <span class='ocrx_word' id='word_1_246' title='bbox 2096 1763 2122 1790; x_wconf 90' lang='lat' dir='ltr'>v</span> <span class='ocrx_word' id='word_1_247' title='bbox 2135 1763 2160 1790; x_wconf 92' lang='lat' dir='ltr'>v</span> <span class='ocrx_word' id='word_1_248' title='bbox 2173 1764 2193 1791; x_wconf 93' lang='lat' dir='ltr'>s</span> <span class='ocrx_word' id='word_1_249' title='bbox 2225 1764 2253 1791; x_wconf 82' lang='lat' dir='ltr'>A</span> <span class='ocrx_word' id='word_1_250' title='bbox 2267 1763 2294 1792; x_wconf 77' lang='lat' dir='ltr'><strong>v</strong></span> <span class='ocrx_word' id='word_1_251' title='bbox 2307 1762 2348 1793; x_wconf 74' lang='grc' dir='ltr'>ο.</span> 
     </span>
     <span class='ocr_line' id='line_1_20' title="bbox 362 1805 506 1847; baseline -0.021 0"><span class='ocrx_word' id='word_1_252' title='bbox 362 1808 402 1847; x_wconf 90' lang='lat' dir='ltr'>in</span> <span class='ocrx_word' id='word_1_253' title='bbox 422 1805 506 1846; x_wconf 85' lang='lat' dir='ltr'>basi.</span> 
     </span>
    </p>
   </div>
   <div class='ocr_carea' id='block_1_8' title="bbox 251 1880 2356 2550">
    <p class='ocr_par' dir='ltr' id='par_1_9' title="bbox 251 1880 2356 2550">
     <span class='ocr_line' id='line_1_21' title="bbox 305 1880 2350 1939; baseline 0 -14"><span class='ocrx_word' id='word_1_254' title='bbox 305 1884 496 1938; x_wconf 85' lang='lat' dir='ltr'>Philippi,</span> <span class='ocrx_word' id='word_1_255' title='bbox 525 1884 614 1924; x_wconf 87' lang='lat' dir='ltr'>urbs</span> <span class='ocrx_word' id='word_1_256' title='bbox 640 1884 695 1924; x_wconf 91' lang='lat' dir='ltr'>est</span> <span class='ocrx_word' id='word_1_257' title='bbox 721 1882 966 1925; x_wconf 68' lang='lat' dir='ltr'>Macedoniae</span> <span class='ocrx_word' id='word_1_258' title='bbox 982 1910 995 1932; x_wconf 92' lang='lat'>‚</span> <span class='ocrx_word' id='word_1_259' title='bbox 1023 1899 1142 1939; x_wconf 85' lang='lat' dir='ltr'>quam</span> <span class='ocrx_word' id='word_1_260' title='bbox 1164 1883 1365 1938; x_wconf 87' lang='lat' dir='ltr'>Philippus</span> <span class='ocrx_word' id='word_1_261' title='bbox 1389 1882 1598 1924; x_wconf 83' lang='lat' dir='ltr'>Alexandri</span> <span class='ocrx_word' id='word_1_262' title='bbox 1617 1883 1681 1923; x_wconf 75' lang='lat' dir='ltr'>M.</span> <span class='ocrx_word' id='word_1_263' title='bbox 1702 1895 1810 1937; x_wconf 90' lang='lat' dir='ltr'>pater</span> <span class='ocrx_word' id='word_1_264' title='bbox 1828 1883 1996 1924; x_wconf 90' lang='lat' dir='ltr'>condere</span> <span class='ocrx_word' id='word_1_265' title='bbox 2011 1880 2138 1934; x_wconf 69' lang='lat' dir='ltr'>justit,</span> <span class='ocrx_word' id='word_1_266' title='bbox 2165 1893 2209 1923; x_wconf 92' lang='lat' dir='ltr'>ut</span> <span class='ocrx_word' id='word_1_267' title='bbox 2224 1882 2350 1925; x_wconf 83' lang='lat' dir='ltr'>innuit</span> 
     </span>
     <span class='ocr_line' id='line_1_22' title="bbox 252 1938 2348 1995; baseline -0.003 -14"><span class='ocrx_word' id='word_1_268' title='bbox 252 1941 452 1982; x_wconf 78' lang='lat' dir='ltr'>Pausanias</span> <span class='ocrx_word' id='word_1_269' title='bbox 468 1940 507 1979; x_wconf 76' lang='lat' dir='ltr'>in</span> <span class='ocrx_word' id='word_1_270' title='bbox 525 1939 660 1980; x_wconf 71' lang='lat' dir='ltr'>Eliacis</span> <span class='ocrx_word' id='word_1_271' title='bbox 677 1953 761 1995; x_wconf 81' lang='lat' dir='ltr'>pag.</span> <span class='ocrx_word' id='word_1_272' title='bbox 775 1953 795 1993; x_wconf 79' lang='lat'>3</span> <span class='ocrx_word' id='word_1_273' title='bbox 806 1953 867 1990; x_wconf 82' lang='lat'>52.</span> <span class='ocrx_word' id='word_1_274' title='bbox 897 1948 1009 1983; x_wconf 51' lang='lat' dir='ltr'>nmen</span> <span class='ocrx_word' id='word_1_275' title='bbox 1024 1944 1044 1990; x_wconf 60' lang='grc' dir='ltr'>ὃ</span> <span class='ocrx_word' id='word_1_276' title='bbox 1060 1943 1102 1979; x_wconf 65' lang='grc' dir='ltr'>[αἶ’</span> <span class='ocrx_word' id='word_1_277' title='bbox 1117 1946 1201 1989; x_wconf 73' lang='grc' dir='ltr'>οὶυτῷ</span> <span class='ocrx_word' id='word_1_278' title='bbox 1214 1943 1339 1980; x_wconf 64' lang='grc' dir='ltr'>νεωτάτη</span> <span class='ocrx_word' id='word_1_279' title='bbox 1354 1947 1381 1978; x_wconf 68' lang='lat'>¹21²</span> <span class='ocrx_word' id='word_1_280' title='bbox 1398 1947 1429 1978; x_wconf 72' lang='grc' dir='ltr'>ἐν</span> <span class='ocrx_word' id='word_1_281' title='bbox 1446 1943 1622 1985; x_wconf 69' lang='grc' dir='ltr'>Μακεδονίᾳ.</span> <span class='ocrx_word' id='word_1_282' title='bbox 1636 1945 1743 1977; x_wconf 72' lang='grc' dir='ltr'>πυλέων</span> <span class='ocrx_word' id='word_1_283' title='bbox 1754 1967 1764 1982; x_wconf 92' lang='grc'><strong>,</strong></span> <span class='ocrx_word' id='word_1_284' title='bbox 1787 1938 1936 1985; x_wconf 55' lang='grc' dir='ltr'>καλκμῆόη</span> <span class='ocrx_word' id='word_1_285' title='bbox 1954 1940 1972 1985; x_wconf 65' lang='lat'>{3</span> <span class='ocrx_word' id='word_1_286' title='bbox 1987 1939 2048 1974; x_wconf 54' lang='lat' dir='ltr'>Xan?</span> <span class='ocrx_word' id='word_1_287' title='bbox 2066 1939 2088 1978; x_wconf 66' lang='grc' dir='ltr'><em>Ξ</em></span> <span class='ocrx_word' id='word_1_288' title='bbox 2101 1945 2195 1977; x_wconf 64' lang='lat' dir='ltr'>alnas-3</span> <span class='ocrx_word' id='word_1_289' title='bbox 2209 1947 2348 1979; x_wconf 59' lang='grc' dir='ltr'>Φιλίππη</span> 
     </span>
     <span class='ocr_line' id='line_1_23' title="bbox 251 1991 2350 2047; baseline 0.001 -14"><span class='ocrx_word' id='word_1_290' title='bbox 251 2000 275 2039; x_wconf 67' lang='grc' dir='ltr'><strong><em>Ξ</em></strong></span> <span class='ocrx_word' id='word_1_291' title='bbox 292 2000 416 2046; x_wconf 56' lang='grc' dir='ltr'>Αμόντκ.</span> <span class='ocrx_word' id='word_1_292' title='bbox 453 1995 601 2035; x_wconf 70' lang='lat' dir='ltr'>‘Patria</span> <span class='ocrx_word' id='word_1_293' title='bbox 620 1996 654 2034; x_wconf 81' lang='lat' dir='ltr'>ei</span> <span class='ocrx_word' id='word_1_294' title='bbox 674 1995 910 2035; x_wconf 86' lang='lat' dir='ltr'>Macedoniae</span> <span class='ocrx_word' id='word_1_295' title='bbox 926 1996 1136 2037; x_wconf 78' lang='lat' dir='ltr'>civitatum</span> <span class='ocrx_word' id='word_1_296' title='bbox 1159 1995 1401 2046; x_wconf 84' lang='lat' dir='ltr'>recentiffima</span> <span class='ocrx_word' id='word_1_297' title='bbox 1413 2020 1425 2041; x_wconf 90' lang='lat'><strong><em>,</em></strong></span> <span class='ocrx_word' id='word_1_298' title='bbox 1453 1995 1515 2034; x_wconf 81' lang='lat' dir='ltr'>cui</span> <span class='ocrx_word' id='word_1_299' title='bbox 1542 1992 1566 2032; x_wconf 74' lang='lat' dir='ltr'>a</span> <span class='ocrx_word' id='word_1_300' title='bbox 1586 1993 1770 2047; x_wconf 72' lang='lat' dir='ltr'>Philtppo</span> <span class='ocrx_word' id='word_1_301' title='bbox 1791 1992 1970 2045; x_wconf 84' lang='lat' dir='ltr'>Amyntae</span> <span class='ocrx_word' id='word_1_302' title='bbox 1992 1992 2071 2040; x_wconf 69' lang='lat' dir='ltr'>filio</span> <span class='ocrx_word' id='word_1_303' title='bbox 2094 2008 2224 2035; x_wconf 88' lang='lat' dir='ltr'>nomen</span> <span class='ocrx_word' id='word_1_304' title='bbox 2271 1991 2350 2036; x_wconf 86' lang='lat' dir='ltr'>Sed</span> 
     </span>
     <span class='ocr_line' id='line_1_24' title="bbox 251 2047 2353 2104; baseline 0 -12"><span class='ocrx_word' id='word_1_305' title='bbox 251 2067 320 2092; x_wconf 92' lang='lat' dir='ltr'>cur</span> <span class='ocrx_word' id='word_1_306' title='bbox 336 2049 577 2092; x_wconf 70' lang='lat' dir='ltr'>Macedoniae</span> <span class='ocrx_word' id='word_1_307' title='bbox 587 2049 764 2092; x_wconf 86' lang='lat' dir='ltr'>Coloniae</span> <span class='ocrx_word' id='word_1_308' title='bbox 778 2048 1011 2103; x_wconf 78' lang='lat' dir='ltr'>Vespasiano</span> <span class='ocrx_word' id='word_1_309' title='bbox 1026 2065 1208 2093; x_wconf 86' lang='lat' dir='ltr'>nummos</span> <span class='ocrx_word' id='word_1_310' title='bbox 1223 2050 1312 2091; x_wconf 89' lang='lat' dir='ltr'>suos</span> <span class='ocrx_word' id='word_1_311' title='bbox 1328 2048 1565 2104; x_wconf 70' lang='lat' dir='ltr'>potissimum</span> <span class='ocrx_word' id='word_1_312' title='bbox 1583 2047 1814 2094; x_wconf 87' lang='lat' dir='ltr'>dedicarint,</span> <span class='ocrx_word' id='word_1_313' title='bbox 1841 2048 1942 2089; x_wconf 86' lang='lat' dir='ltr'>nulla</span> <span class='ocrx_word' id='word_1_314' title='bbox 1958 2048 2109 2089; x_wconf 90' lang='lat' dir='ltr'>videtur</span> <span class='ocrx_word' id='word_1_315' title='bbox 2123 2050 2230 2090; x_wconf 86' lang='lat' dir='ltr'>causa</span> <span class='ocrx_word' id='word_1_316' title='bbox 2240 2077 2252 2097; x_wconf 95' lang='lat'>,</span> <span class='ocrx_word' id='word_1_317' title='bbox 2280 2048 2353 2093; x_wconf 70' lang='lat' dir='ltr'>nisi</span> 
     </span>
     <span class='ocr_line' id='line_1_25' title="bbox 253 2102 2349 2161; baseline -0.001 -13"><span class='ocrx_word' id='word_1_318' title='bbox 253 2107 379 2149; x_wconf 82' lang='lat' dir='ltr'>forsan</span> <span class='ocrx_word' id='word_1_319' title='bbox 398 2105 509 2161; x_wconf 83' lang='lat' dir='ltr'>quod</span> <span class='ocrx_word' id='word_1_320' title='bbox 523 2105 574 2146; x_wconf 92' lang='lat' dir='ltr'>illi</span> <span class='ocrx_word' id='word_1_321' title='bbox 590 2107 797 2159; x_wconf 81' lang='lat' dir='ltr'>provinciae</span> <span class='ocrx_word' id='word_1_322' title='bbox 816 2118 894 2145; x_wconf 90' lang='lat' dir='ltr'>non</span> <span class='ocrx_word' id='word_1_323' title='bbox 913 2106 1060 2147; x_wconf 84' lang='lat' dir='ltr'>auxerit</span> <span class='ocrx_word' id='word_1_324' title='bbox 1079 2105 1241 2151; x_wconf 90' lang='lat' dir='ltr'>tributa,</span> <span class='ocrx_word' id='word_1_325' title='bbox 1268 2116 1312 2146; x_wconf 88' lang='lat' dir='ltr'>ut</span> <span class='ocrx_word' id='word_1_326' title='bbox 1328 2105 1408 2144; x_wconf 89' lang='lat' dir='ltr'>aliis</span> <span class='ocrx_word' id='word_1_327' title='bbox 1428 2102 1570 2144; x_wconf 83' lang='lat' dir='ltr'>auxisse</span> <span class='ocrx_word' id='word_1_328' title='bbox 1583 2114 1709 2144; x_wconf 87' lang='lat' dir='ltr'>narrat</span> <span class='ocrx_word' id='word_1_329' title='bbox 1720 2103 1925 2143; x_wconf 86' lang='lat' dir='ltr'>Suetonius</span> <span class='ocrx_word' id='word_1_330' title='bbox 1941 2104 1980 2143; x_wconf 92' lang='lat' dir='ltr'>in</span> <span class='ocrx_word' id='word_1_331' title='bbox 1996 2103 2079 2156; x_wconf 88' lang='lat' dir='ltr'>ejus</span> <span class='ocrx_word' id='word_1_332' title='bbox 2096 2103 2173 2144; x_wconf 89' lang='lat' dir='ltr'>vita</span> <span class='ocrx_word' id='word_1_333' title='bbox 2189 2119 2269 2159; x_wconf 89' lang='lat' dir='ltr'>cap.</span> <span class='ocrx_word' id='word_1_334' title='bbox 2285 2108 2349 2147; x_wconf 85' lang='lat'>16.</span> 
     </span>
     <span class='ocr_line' id='line_1_26' title="bbox 254 2155 2352 2214; baseline -0.001 -10"><span class='ocrx_word' id='word_1_335' title='bbox 254 2163 352 2204; x_wconf 86' lang='lat' dir='ltr'>Non</span> <span class='ocrx_word' id='word_1_336' title='bbox 368 2164 467 2202; x_wconf 85' lang='lat' dir='ltr'>enim</span> <span class='ocrx_word' id='word_1_337' title='bbox 482 2169 678 2202; x_wconf 82' lang='lat' dir='ltr'>contentus</span> <span class='ocrx_word' id='word_1_338' title='bbox 699 2160 827 2214; x_wconf 87' lang='lat' dir='ltr'>omiffa</span> <span class='ocrx_word' id='word_1_339' title='bbox 835 2159 912 2214; x_wconf 87' lang='lat' dir='ltr'>sub</span> <span class='ocrx_word' id='word_1_340' title='bbox 935 2160 1061 2201; x_wconf 87' lang='lat' dir='ltr'>Galba</span> <span class='ocrx_word' id='word_1_341' title='bbox 1079 2158 1287 2213; x_wconf 64' lang='lat' dir='ltr'>vec‘t&#39;tgalia</span> <span class='ocrx_word' id='word_1_342' title='bbox 1303 2156 1489 2210; x_wconf 72' lang='lat' dir='ltr'>revocaffi’</span> <span class='ocrx_word' id='word_1_343' title='bbox 1503 2183 1517 2204; x_wconf 87' lang='lat'>,</span> <span class='ocrx_word' id='word_1_344' title='bbox 1544 2171 1645 2198; x_wconf 82' lang='lat' dir='ltr'>nova</span> <span class='ocrx_word' id='word_1_345' title='bbox 1664 2155 1710 2201; x_wconf 68' lang='lat' dir='ltr'>dy·</span> <span class='ocrx_word' id='word_1_346' title='bbox 1726 2161 1872 2213; x_wconf 81' lang='lat' dir='ltr'>gravia</span> <span class='ocrx_word' id='word_1_347' title='bbox 1890 2158 2092 2211; x_wconf 76' lang='lat' dir='ltr'>addidiffe,</span> <span class='ocrx_word' id='word_1_348' title='bbox 2118 2158 2262 2213; x_wconf 73' lang='lat' dir='ltr'>auxiffi’</span> <span class='ocrx_word' id='word_1_349' title='bbox 2281 2161 2352 2201; x_wconf 73' lang='lat' dir='ltr'>tri-</span> 
     </span>
     <span class='ocr_line' id='line_1_27' title="bbox 256 2212 2349 2272; baseline -0.001 -14"><span class='ocrx_word' id='word_1_350' title='bbox 256 2218 351 2258; x_wconf 86' lang='lat' dir='ltr'>buta</span> <span class='ocrx_word' id='word_1_351' title='bbox 364 2218 579 2272; x_wconf 82' lang='lat' dir='ltr'>provinciis</span> <span class='ocrx_word' id='word_1_352' title='bbox 593 2241 606 2262; x_wconf 88' lang='lat'><strong><em>,</em></strong></span> <span class='ocrx_word' id='word_1_353' title='bbox 633 2215 822 2269; x_wconf 63' lang='lat' dir='ltr'>nonnullis</span> <span class='ocrx_word' id='word_1_354' title='bbox 841 2213 889 2258; x_wconf 58' lang='grc' dir='ltr'>ἄν</span> <span class='ocrx_word' id='word_1_355' title='bbox 908 2215 1120 2271; x_wconf 73' lang='lat' dir='ltr'>duplicaffl.</span> <span class='ocrx_word' id='word_1_356' title='bbox 1158 2213 1398 2256; x_wconf 89' lang='lat' dir='ltr'>Macedones</span> <span class='ocrx_word' id='word_1_357' title='bbox 1417 2213 1520 2253; x_wconf 90' lang='lat' dir='ltr'>enim</span> <span class='ocrx_word' id='word_1_358' title='bbox 1535 2212 1641 2254; x_wconf 88' lang='lat' dir='ltr'>liberi</span> <span class='ocrx_word' id='word_1_359' title='bbox 1657 2214 1679 2253; x_wconf 77' lang='lat' dir='ltr'>a</span> <span class='ocrx_word' id='word_1_360' title='bbox 1694 2213 1846 2268; x_wconf 92' lang='lat' dir='ltr'>Populo</span> <span class='ocrx_word' id='word_1_361' title='bbox 1865 2213 2050 2254; x_wconf 89' lang='lat' dir='ltr'>Romano</span> <span class='ocrx_word' id='word_1_362' title='bbox 2070 2213 2221 2257; x_wconf 88' lang='lat' dir='ltr'>fuerant</span> <span class='ocrx_word' id='word_1_363' title='bbox 2237 2214 2349 2263; x_wconf 62' lang='lat' dir='ltr'>fasti,</span> 
     </span>
     <span class='ocr_line' id='line_1_28' title="bbox 254 2268 2352 2325; baseline -0.001 -11"><span class='ocrx_word' id='word_1_364' title='bbox 254 2273 284 2315; x_wconf 88' lang='lat' dir='ltr'><strong>fi</strong></span> <span class='ocrx_word' id='word_1_365' title='bbox 301 2274 453 2314; x_wconf 89' lang='lat' dir='ltr'>Livium</span> <span class='ocrx_word' id='word_1_366' title='bbox 469 2271 601 2312; x_wconf 89' lang='lat' dir='ltr'>audias</span> <span class='ocrx_word' id='word_1_367' title='bbox 622 2272 767 2314; x_wconf 86' lang='lat' dir='ltr'>Decad.</span> <span class='ocrx_word' id='word_1_368' title='bbox 790 2284 824 2324; x_wconf 88' lang='lat'>5.</span> <span class='ocrx_word' id='word_1_369' title='bbox 843 2269 905 2311; x_wconf 89' lang='lat' dir='ltr'>lib.</span> <span class='ocrx_word' id='word_1_370' title='bbox 929 2284 964 2323; x_wconf 89' lang='lat'>5.</span> <span class='ocrx_word' id='word_1_371' title='bbox 994 2272 1174 2312; x_wconf 86' lang='lat' dir='ltr'>Omnium</span> <span class='ocrx_word' id='word_1_372' title='bbox 1185 2271 1354 2325; x_wconf 83' lang='lat' dir='ltr'>primum</span> <span class='ocrx_word' id='word_1_373' title='bbox 1376 2268 1508 2310; x_wconf 86' lang='lat' dir='ltr'>liberos</span> <span class='ocrx_word' id='word_1_374' title='bbox 1532 2268 1600 2321; x_wconf 74' lang='lat' dir='ltr'><em>ff</em></span> <span class='ocrx_word' id='word_1_375' title='bbox 1611 2268 1747 2325; x_wconf 85' lang='lat' dir='ltr'>jubere</span> <span class='ocrx_word' id='word_1_376' title='bbox 1760 2268 2014 2316; x_wconf 84' lang='lat' dir='ltr'>Macedonas,</span> <span class='ocrx_word' id='word_1_377' title='bbox 2041 2269 2222 2311; x_wconf 87' lang='lat' dir='ltr'>habentes</span> <span class='ocrx_word' id='word_1_378' title='bbox 2242 2269 2352 2311; x_wconf 73' lang='lat' dir='ltr'>urbes</span> 
     </span>
     <span class='ocr_line' id='line_1_29' title="bbox 253 2323 2352 2383; baseline -0.001 -13"><span class='ocrx_word' id='word_1_379' title='bbox 253 2330 399 2381; x_wconf 86' lang='lat' dir='ltr'>easdem</span> <span class='ocrx_word' id='word_1_380' title='bbox 413 2356 424 2376; x_wconf 88' lang='lat'><strong>,</strong></span> <span class='ocrx_word' id='word_1_381' title='bbox 453 2327 573 2383; x_wconf 86' lang='lat' dir='ltr'>agros&#39;</span> <span class='ocrx_word' id='word_1_382' title='bbox 586 2341 631 2368; x_wconf 91' lang='lat' dir='ltr'>ue</span> <span class='ocrx_word' id='word_1_383' title='bbox 650 2354 662 2375; x_wconf 85' lang='lat'>‚</span> <span class='ocrx_word' id='word_1_384' title='bbox 689 2337 842 2368; x_wconf 85' lang='lat' dir='ltr'>utentes</span> <span class='ocrx_word' id='word_1_385' title='bbox 863 2325 1007 2382; x_wconf 84' lang='lat' dir='ltr'>legibus</span> <span class='ocrx_word' id='word_1_386' title='bbox 1021 2326 1113 2379; x_wconf 73' lang='lat' dir='ltr'>ficis</span> <span class='ocrx_word' id='word_1_387' title='bbox 1127 2353 1140 2374; x_wconf 87' lang='lat'>,</span> <span class='ocrx_word' id='word_1_388' title='bbox 1166 2339 1310 2367; x_wconf 86' lang='lat' dir='ltr'>annuos</span> <span class='ocrx_word' id='word_1_389' title='bbox 1325 2332 1496 2367; x_wconf 83' lang='lat' dir='ltr'>creantes</span> <span class='ocrx_word' id='word_1_390' title='bbox 1514 2323 1768 2379; x_wconf 63' lang='lat' dir='ltr'>Magistratus</span> <span class='ocrx_word' id='word_1_391' title='bbox 1785 2351 1798 2371; x_wconf 84' lang='lat'>,</span> <span class='ocrx_word' id='word_1_392' title='bbox 1826 2325 2012 2365; x_wconf 85' lang='lat' dir='ltr'>tributum</span> <span class='ocrx_word' id='word_1_393' title='bbox 2029 2325 2226 2366; x_wconf 86' lang='lat' dir='ltr'>dimidium</span> <span class='ocrx_word' id='word_1_394' title='bbox 2245 2326 2352 2382; x_wconf 60' lang='lat' dir='ltr'>cy&#39;ucs</span> 
     </span>
     <span class='ocr_line' id='line_1_30' title="bbox 253 2342 2348 2441; baseline -0.001 -16"><span class='ocrx_word' id='word_1_395' title='bbox 253 2386 358 2441; x_wconf 84' lang='lat' dir='ltr'>quod</span> <span class='ocrx_word' id='word_1_396' title='bbox 365 2342 622 2439; x_wconf 49' lang='lat' dir='ltr'>pependiſjeqnt</span> <span class='ocrx_word' id='word_1_397' title='bbox 639 2383 809 2440; x_wconf 77' lang='lat' dir='ltr'>Regibus</span> <span class='ocrx_word' id='word_1_398' title='bbox 827 2409 840 2429; x_wconf 88' lang='lat'>‚</span> <span class='ocrx_word' id='word_1_399' title='bbox 860 2382 1022 2436; x_wconf 78' lang='lat' dir='ltr'>pendere</span> <span class='ocrx_word' id='word_1_400' title='bbox 1039 2382 1187 2437; x_wconf 84' lang='lat' dir='ltr'>‘Populo</span> <span class='ocrx_word' id='word_1_401' title='bbox 1203 2382 1388 2423; x_wconf 87' lang='lat' dir='ltr'>Romano.</span> <span class='ocrx_word' id='word_1_402' title='bbox 1424 2380 1533 2420; x_wconf 88' lang='lat' dir='ltr'>Duas</span> <span class='ocrx_word' id='word_1_403' title='bbox 1546 2379 1626 2419; x_wconf 85' lang='lat' dir='ltr'>illas</span> <span class='ocrx_word' id='word_1_404' title='bbox 1644 2378 1782 2435; x_wconf 85' lang='lat' dir='ltr'>figuras</span> <span class='ocrx_word' id='word_1_405' title='bbox 1798 2380 1907 2434; x_wconf 89' lang='lat' dir='ltr'>supra</span> <span class='ocrx_word' id='word_1_406' title='bbox 1926 2380 2063 2428; x_wconf 82' lang='lat' dir='ltr'>basim,</span> <span class='ocrx_word' id='word_1_407' title='bbox 2090 2382 2152 2421; x_wconf 90' lang='lat' dir='ltr'>cui</span> <span class='ocrx_word' id='word_1_408' title='bbox 2181 2395 2233 2422; x_wconf 85' lang='lat' dir='ltr'>m</span> <span class='ocrx_word' id='word_1_409' title='bbox 2245 2395 2272 2422; x_wconf 81' lang='lat' dir='ltr'>v</span> <span class='ocrx_word' id='word_1_410' title='bbox 2284 2394 2312 2422; x_wconf 81' lang='lat' dir='ltr'>v</span> <span class='ocrx_word' id='word_1_411' title='bbox 2325 2394 2348 2422; x_wconf 85' lang='lat' dir='ltr'>s</span> 
     </span>
     <span class='ocr_line' id='line_1_31' title="bbox 253 2435 2356 2494; baseline -0.002 -12"><span class='ocrx_word' id='word_1_412' title='bbox 253 2454 283 2482; x_wconf 81' lang='lat' dir='ltr'>A</span> <span class='ocrx_word' id='word_1_413' title='bbox 298 2456 325 2481; x_wconf 88' lang='lat' dir='ltr'><strong>v</strong></span> <span class='ocrx_word' id='word_1_414' title='bbox 338 2455 378 2482; x_wconf 85' lang='lat' dir='ltr'>G.</span> <span class='ocrx_word' id='word_1_415' title='bbox 409 2439 628 2492; x_wconf 90' lang='lat' dir='ltr'>inscriptum</span> <span class='ocrx_word' id='word_1_416' title='bbox 649 2439 704 2480; x_wconf 89' lang='lat' dir='ltr'>est</span> <span class='ocrx_word' id='word_1_417' title='bbox 719 2466 733 2486; x_wconf 87' lang='lat'><strong><em>,</em></strong></span> <span class='ocrx_word' id='word_1_418' title='bbox 759 2437 924 2494; x_wconf 65' lang='lat' dir='ltr'>politas,</span> <span class='ocrx_word' id='word_1_419' title='bbox 953 2439 993 2478; x_wconf 88' lang='lat' dir='ltr'>in</span> <span class='ocrx_word' id='word_1_420' title='bbox 1009 2437 1181 2480; x_wconf 89' lang='lat' dir='ltr'>Claudio</span> <span class='ocrx_word' id='word_1_421' title='bbox 1196 2438 1368 2480; x_wconf 88' lang='lat' dir='ltr'>Genium</span> <span class='ocrx_word' id='word_1_422' title='bbox 1393 2435 1496 2476; x_wconf 90' lang='lat' dir='ltr'>urbis</span> <span class='ocrx_word' id='word_1_423' title='bbox 1519 2447 1702 2475; x_wconf 86' lang='lat' dir='ltr'>coronam</span> <span class='ocrx_word' id='word_1_424' title='bbox 1720 2436 1884 2491; x_wconf 82' lang='lat' dir='ltr'>Augusti</span> <span class='ocrx_word' id='word_1_425' title='bbox 1902 2437 2016 2491; x_wconf 88' lang='lat' dir='ltr'>capiti</span> <span class='ocrx_word' id='word_1_426' title='bbox 2040 2437 2238 2489; x_wconf 87' lang='lat' dir='ltr'>imponere</span> <span class='ocrx_word' id='word_1_427' title='bbox 2257 2435 2356 2477; x_wconf 43' lang='lat' dir='ltr'>dixi*</span> 
     </span>
     <span class='ocr_line' id='line_1_32' title="bbox 252 2490 2350 2550; baseline -0.001 -13"><span class='ocrx_word' id='word_1_428' title='bbox 252 2510 351 2537; x_wconf 89' lang='lat' dir='ltr'>mus.</span> <span class='ocrx_word' id='word_1_429' title='bbox 399 2494 624 2536; x_wconf 88' lang='lat' dir='ltr'>Holstenius</span> <span class='ocrx_word' id='word_1_430' title='bbox 650 2507 854 2536; x_wconf 90' lang='lat' dir='ltr'>nummum</span> <span class='ocrx_word' id='word_1_431' title='bbox 881 2507 1082 2550; x_wconf 86' lang='lat' dir='ltr'>perperam</span> <span class='ocrx_word' id='word_1_432' title='bbox 1112 2494 1162 2534; x_wconf 90' lang='lat' dir='ltr'>ad</span> <span class='ocrx_word' id='word_1_433' title='bbox 1189 2491 1490 2548; x_wconf 88' lang='lat' dir='ltr'>Philippopolim</span> <span class='ocrx_word' id='word_1_434' title='bbox 1521 2490 1766 2532; x_wconf 70' lang='lat' dir='ltr'>Macedoniae</span> <span class='ocrx_word' id='word_1_435' title='bbox 1795 2503 1950 2536; x_wconf 82' lang='lat' dir='ltr'>revocat</span> <span class='ocrx_word' id='word_1_436' title='bbox 1980 2504 2061 2533; x_wconf 85' lang='lat' dir='ltr'>not.</span> <span class='ocrx_word' id='word_1_437' title='bbox 2096 2493 2136 2532; x_wconf 88' lang='lat' dir='ltr'>in</span> <span class='ocrx_word' id='word_1_438' title='bbox 2167 2492 2350 2547; x_wconf 57' lang='lat' dir='ltr'>Stephana</span> 
     </span>
    </p>
   </div>
   <div class='ocr_carea' id='block_1_9' title="bbox 252 2556 2350 2734">
    <p class='ocr_par' dir='ltr' id='par_1_10' title="bbox 252 2556 2350 2734">
     <span class='ocr_line' id='line_1_33' title="bbox 252 2556 2350 2678; baseline -0.003 -14"><span class='ocrx_word' id='word_1_439' title='bbox 252 2556 763 2675; x_wconf 49' lang='lat' dir='ltr'>pa21&#39;3c4n61imusficundae</span> <span class='ocrx_word' id='word_1_440' title='bbox 778 2621 1054 2678; x_wconf 75' lang='lat' dir='ltr'>magnitudinis</span> <span class='ocrx_word' id='word_1_441' title='bbox 1065 2647 1079 2668; x_wconf 88' lang='lat'>‚</span> <span class='ocrx_word' id='word_1_442' title='bbox 1105 2619 1155 2662; x_wconf 81' lang='lat' dir='ltr'>ab</span> <span class='ocrx_word' id='word_1_443' title='bbox 1169 2618 1235 2661; x_wconf 89' lang='lat' dir='ltr'><em>Ill.</em></span> <span class='ocrx_word' id='word_1_444' title='bbox 1253 2618 1478 2674; x_wconf 78' lang='lat' dir='ltr'>Spanhemio</span> <span class='ocrx_word' id='word_1_445' title='bbox 1492 2619 1534 2660; x_wconf 70' lang='lat' dir='ltr'>in</span> <span class='ocrx_word' id='word_1_446' title='bbox 1552 2616 1658 2673; x_wconf 76' lang='lat' dir='ltr'>Caeff</span> <span class='ocrx_word' id='word_1_447' title='bbox 1671 2617 1825 2672; x_wconf 78' lang='lat' dir='ltr'>Julian.</span> <span class='ocrx_word' id='word_1_448' title='bbox 1833 2628 1925 2674; x_wconf 79' lang='lat' dir='ltr'>pag.</span> <span class='ocrx_word' id='word_1_449' title='bbox 1945 2631 2036 2659; x_wconf 81' lang='lat'>221.</span> <span class='ocrx_word' id='word_1_450' title='bbox 2055 2617 2238 2673; x_wconf 72' lang='lat' dir='ltr'>vulgatus</span> <span class='ocrx_word' id='word_1_451' title='bbox 2248 2638 2262 2665; x_wconf 51' lang='grc' dir='ltr'>φ</span> <span class='ocrx_word' id='word_1_452' title='bbox 2289 2617 2350 2659; x_wconf 70' lang='lat' dir='ltr'>im</span> 
     </span>
     <span class='ocr_line' id='line_1_34' title="bbox 252 2678 797 2734; baseline -0.002 -13"><span class='ocrx_word' id='word_1_453' title='bbox 252 2688 311 2721; x_wconf 75' lang='lat' dir='ltr'>ter</span> <span class='ocrx_word' id='word_1_454' title='bbox 331 2679 576 2734; x_wconf 66' lang='lat' dir='ltr'>elegantiores</span> <span class='ocrx_word' id='word_1_455' title='bbox 587 2678 797 2734; x_wconf 80' lang='lat' dir='ltr'>ponendus.</span> 
     </span>
    </p>
   </div>
   <div class='ocr_carea' id='block_1_10' title="bbox 1109 2760 1503 2808">
    <p class='ocr_par' dir='ltr' id='par_1_11' title="bbox 1109 2760 1503 2808">
     <span class='ocr_line' id='line_1_35' title="bbox 1109 2760 1503 2808; baseline -0.015 0"><span class='ocrx_word' id='word_1_456' title='bbox 1109 2760 1503 2808; x_wconf 73' lang='lat' dir='ltr'><strong><em>STOBJ.</em></strong></span> 
     </span>
    </p>
   </div>
   <div class='ocr_carea' id='block_1_11' title="bbox 1116 2877 1499 3256">
    <p class='ocr_par' dir='ltr' id='par_1_12' title="bbox 1116 2877 1499 3256">
     <span class='ocr_line' id='line_1_36' title="bbox 1116 2877 1499 3256; baseline 0 958"><span class='ocrx_word' id='word_1_457' title='bbox 1116 2877 1499 3256; x_wconf 95' lang='lat' dir='ltr'> </span> 
     </span>
    </p>
   </div>
   <div class='ocr_carea' id='block_1_12' title="bbox 259 3340 2343 3457">
    <p class='ocr_par' dir='ltr' id='par_1_13' title="bbox 259 3340 2343 3457">
     <span class='ocr_line' id='line_1_37' title="bbox 259 3340 2286 3399; baseline -0.005 -4"><span class='ocrx_word' id='word_1_458' title='bbox 259 3366 279 3399; x_wconf 85' lang='lat'>1</span> <span class='ocrx_word' id='word_1_459' title='bbox 292 3366 372 3396; x_wconf 77' lang='lat' dir='ltr'>MP.</span> <span class='ocrx_word' id='word_1_460' title='bbox 404 3369 426 3395; x_wconf 84' lang='lat' dir='ltr'>c</span> <span class='ocrx_word' id='word_1_461' title='bbox 440 3368 465 3393; x_wconf 88' lang='lat' dir='ltr'>A</span> <span class='ocrx_word' id='word_1_462' title='bbox 479 3358 548 3394; x_wconf 74' lang='lat' dir='ltr'>Es.</span> <span class='ocrx_word' id='word_1_463' title='bbox 578 3367 603 3393; x_wconf 93' lang='lat' dir='ltr'>v</span> <span class='ocrx_word' id='word_1_464' title='bbox 616 3366 639 3393; x_wconf 78' lang='grc' dir='ltr'><em>ε</em></span> <span class='ocrx_word' id='word_1_465' title='bbox 654 3366 671 3393; x_wconf 81' lang='lat' dir='ltr'>s</span> <span class='ocrx_word' id='word_1_466' title='bbox 685 3365 718 3392; x_wconf 71' lang='grc' dir='ltr'>Ρ.</span> <span class='ocrx_word' id='word_1_467' title='bbox 750 3365 778 3391; x_wconf 89' lang='lat' dir='ltr'>A</span> <span class='ocrx_word' id='word_1_468' title='bbox 792 3362 872 3390; x_wconf 78' lang='lat' dir='ltr'>vo.</span> <span class='ocrx_word' id='word_1_469' title='bbox 903 3360 935 3387; x_wconf 67' lang='grc' dir='ltr'>ι’.</span> <span class='ocrx_word' id='word_1_470' title='bbox 965 3360 1015 3387; x_wconf 83' lang='grc' dir='ltr'>Μ.</span> <span class='ocrx_word' id='word_1_471' title='bbox 1046 3358 1070 3386; x_wconf 85' lang='lat' dir='ltr'>·r</span> <span class='ocrx_word' id='word_1_472' title='bbox 1087 3358 1126 3386; x_wconf 76' lang='lat' dir='ltr'>R.</span> <span class='ocrx_word' id='word_1_473' title='bbox 1157 3357 1191 3384; x_wconf 76' lang='lat' dir='ltr'>r.</span> <span class='ocrx_word' id='word_1_474' title='bbox 1223 3356 1328 3385; x_wconf 89' lang='lat' dir='ltr'>cos.</span> <span class='ocrx_word' id='word_1_475' title='bbox 1359 3355 1469 3383; x_wconf 92' lang='lat'>1111.</span> <span class='ocrx_word' id='word_1_476' title='bbox 1500 3355 1559 3383; x_wconf 70' lang='lat' dir='ltr'>ce</span> <span class='ocrx_word' id='word_1_477' title='bbox 1572 3355 1603 3382; x_wconf 91' lang='lat' dir='ltr'>N</span> <span class='ocrx_word' id='word_1_478' title='bbox 1617 3355 1650 3382; x_wconf 86' lang='lat' dir='ltr'>s.</span> <span class='ocrx_word' id='word_1_479' title='bbox 1688 3340 2052 3397; x_wconf 80' lang='lat' dir='ltr'>CaputVespafiani</span> <span class='ocrx_word' id='word_1_480' title='bbox 2068 3343 2286 3385; x_wconf 84' lang='lat' dir='ltr'>laureatum.</span> 
     </span>
     <span class='ocr_line' id='line_1_38' title="bbox 316 3398 2343 3457; baseline -0.006 -5"><span class='ocrx_word' id='word_1_481' title='bbox 316 3424 354 3452; x_wconf 86' lang='lat' dir='ltr'>M</span> <span class='ocrx_word' id='word_1_482' title='bbox 367 3423 390 3450; x_wconf 92' lang='lat' dir='ltr'>v</span> <span class='ocrx_word' id='word_1_483' title='bbox 403 3424 431 3449; x_wconf 91' lang='lat' dir='ltr'>N</span> <span class='ocrx_word' id='word_1_484' title='bbox 446 3424 460 3449; x_wconf 90' lang='lat'>1</span> <span class='ocrx_word' id='word_1_485' title='bbox 473 3425 503 3449; x_wconf 87' lang='lat' dir='ltr'>e.</span> <span class='ocrx_word' id='word_1_486' title='bbox 538 3423 555 3448; x_wconf 86' lang='lat' dir='ltr'>s</span> <span class='ocrx_word' id='word_1_487' title='bbox 571 3423 594 3448; x_wconf 90' lang='lat' dir='ltr'>T</span> <span class='ocrx_word' id='word_1_488' title='bbox 608 3424 633 3448; x_wconf 95' lang='lat' dir='ltr'>o</span> <span class='ocrx_word' id='word_1_489' title='bbox 648 3424 669 3449; x_wconf 85' lang='lat' dir='ltr'><strong>B</strong></span> <span class='ocrx_word' id='word_1_490' title='bbox 681 3423 704 3448; x_wconf 83' lang='lat' dir='ltr'>E</span> <span class='ocrx_word' id='word_1_491' title='bbox 718 3420 747 3446; x_wconf 86' lang='lat' dir='ltr'>N</span> <span class='ocrx_word' id='word_1_492' title='bbox 760 3420 793 3446; x_wconf 91' lang='lat' dir='ltr'>s.</span> <span class='ocrx_word' id='word_1_493' title='bbox 823 3405 1076 3457; x_wconf 82' lang='lat' dir='ltr'>Municipium</span> <span class='ocrx_word' id='word_1_494' title='bbox 1089 3399 1324 3451; x_wconf 71' lang='lat' dir='ltr'>Stobenstum.</span> <span class='ocrx_word' id='word_1_495' title='bbox 1361 3399 1574 3453; x_wconf 88' lang='lat' dir='ltr'>Templum</span> <span class='ocrx_word' id='word_1_496' title='bbox 1591 3408 1756 3453; x_wconf 88' lang='lat' dir='ltr'>quatuor</span> <span class='ocrx_word' id='word_1_497' title='bbox 1772 3398 2054 3446; x_wconf 88' lang='lat' dir='ltr'>columnarum,</span> <span class='ocrx_word' id='word_1_498' title='bbox 2073 3400 2112 3439; x_wconf 90' lang='lat' dir='ltr'>in</span> <span class='ocrx_word' id='word_1_499' title='bbox 2129 3413 2209 3453; x_wconf 91' lang='lat' dir='ltr'>quo</span> <span class='ocrx_word' id='word_1_500' title='bbox 2224 3399 2343 3455; x_wconf 82' lang='lat' dir='ltr'>figura</span> 
     </span>
    </p>
   </div>
   <div class='ocr_carea' id='block_1_13' title="bbox 372 3456 1340 3520">
    <p class='ocr_par' dir='ltr' id='par_1_14' title="bbox 372 3456 1340 3520">
     <span class='ocr_line' id='line_1_39' title="bbox 372 3456 1340 3520; baseline -0.011 -14"><span class='ocrx_word' id='word_1_501' title='bbox 372 3464 552 3520; x_wconf 86' lang='lat' dir='ltr'>paludata</span> <span class='ocrx_word' id='word_1_502' title='bbox 571 3465 689 3509; x_wconf 85' lang='lat' dir='ltr'>stans,</span> <span class='ocrx_word' id='word_1_503' title='bbox 717 3461 848 3503; x_wconf 69' lang='lat' dir='ltr'>dextra</span> <span class='ocrx_word' id='word_1_504' title='bbox 867 3459 1023 3500; x_wconf 59' lang='lat' dir='ltr'>extensi</span> <span class='ocrx_word' id='word_1_505' title='bbox 1035 3485 1048 3505; x_wconf 90' lang='lat'>‚</span> <span class='ocrx_word' id='word_1_506' title='bbox 1074 3457 1167 3498; x_wconf 65' lang='lat' dir='ltr'>laeva</span> <span class='ocrx_word' id='word_1_507' title='bbox 1183 3456 1340 3497; x_wconf 83' lang='lat' dir='ltr'>hastam.</span> 
     </span>
    </p>
   </div>
   <div class='ocr_carea' id='block_1_14' title="bbox 261 3530 2342 3646">
    <p class='ocr_par' dir='ltr' id='par_1_15' title="bbox 261 3530 2342 3646">
     <span class='ocr_line' id='line_1_40' title="bbox 315 3530 2342 3589; baseline -0.006 -3"><span class='ocrx_word' id='word_1_508' title='bbox 315 3545 425 3587; x_wconf 93' lang='lat' dir='ltr'>Stobi</span> <span class='ocrx_word' id='word_1_509' title='bbox 443 3570 454 3589; x_wconf 89' lang='lat'>‚</span> <span class='ocrx_word' id='word_1_510' title='bbox 481 3542 568 3583; x_wconf 78' lang='lat' dir='ltr'>alias</span> <span class='ocrx_word' id='word_1_511' title='bbox 590 3542 729 3582; x_wconf 83' lang='lat' dir='ltr'>Stobos</span> <span class='ocrx_word' id='word_1_512' title='bbox 741 3569 752 3588; x_wconf 91' lang='lat'>‚</span> <span class='ocrx_word' id='word_1_513' title='bbox 782 3539 870 3580; x_wconf 89' lang='lat' dir='ltr'>urbs</span> <span class='ocrx_word' id='word_1_514' title='bbox 889 3537 1132 3579; x_wconf 78' lang='lat' dir='ltr'>Macedoniae</span> <span class='ocrx_word' id='word_1_515' title='bbox 1146 3549 1257 3577; x_wconf 86' lang='lat' dir='ltr'>vetus</span> <span class='ocrx_word' id='word_1_516' title='bbox 1272 3562 1284 3581; x_wconf 86' lang='lat'>,</span> <span class='ocrx_word' id='word_1_517' title='bbox 1312 3535 1406 3576; x_wconf 86' lang='lat' dir='ltr'>teste</span> <span class='ocrx_word' id='word_1_518' title='bbox 1422 3532 1533 3574; x_wconf 90' lang='lat' dir='ltr'>Livio</span> <span class='ocrx_word' id='word_1_519' title='bbox 1550 3532 1696 3574; x_wconf 78' lang='lat' dir='ltr'>Decad.</span> <span class='ocrx_word' id='word_1_520' title='bbox 1712 3544 1750 3584; x_wconf 89' lang='lat'>4.</span> <span class='ocrx_word' id='word_1_521' title='bbox 1766 3530 1828 3571; x_wconf 92' lang='lat' dir='ltr'>lib.</span> <span class='ocrx_word' id='word_1_522' title='bbox 1851 3545 1908 3572; x_wconf 93' lang='lat'>10.</span> <span class='ocrx_word' id='word_1_523' title='bbox 1939 3531 2067 3572; x_wconf 89' lang='lat' dir='ltr'>Haud</span> <span class='ocrx_word' id='word_1_524' title='bbox 2074 3531 2207 3584; x_wconf 87' lang='lat' dir='ltr'>procul</span> <span class='ocrx_word' id='word_1_525' title='bbox 2216 3531 2342 3573; x_wconf 73' lang='lat' dir='ltr'>Stobis</span> 
     </span>
     <span class='ocr_line' id='line_1_41' title="bbox 261 3587 2342 3646; baseline -0.006 -5"><span class='ocrx_word' id='word_1_526' title='bbox 261 3611 391 3646; x_wconf 82' lang='lat' dir='ltr'>vetere</span> <span class='ocrx_word' id='word_1_527' title='bbox 407 3598 504 3640; x_wconf 87' lang='lat' dir='ltr'>urbe.</span> <span class='ocrx_word' id='word_1_528' title='bbox 545 3600 580 3637; x_wconf 88' lang='lat' dir='ltr'>A</span> <span class='ocrx_word' id='word_1_529' title='bbox 598 3598 717 3637; x_wconf 89' lang='lat' dir='ltr'>Plinio</span> <span class='ocrx_word' id='word_1_530' title='bbox 733 3596 874 3636; x_wconf 91' lang='lat' dir='ltr'>civium</span> <span class='ocrx_word' id='word_1_531' title='bbox 892 3595 1160 3635; x_wconf 89' lang='lat' dir='ltr'>Romanorum</span> <span class='ocrx_word' id='word_1_532' title='bbox 1177 3592 1314 3632; x_wconf 89' lang='lat' dir='ltr'>dicitur</span> <span class='ocrx_word' id='word_1_533' title='bbox 1330 3592 1391 3631; x_wconf 92' lang='lat' dir='ltr'>lib.</span> <span class='ocrx_word' id='word_1_534' title='bbox 1405 3603 1441 3642; x_wconf 90' lang='lat'>4.</span> <span class='ocrx_word' id='word_1_535' title='bbox 1458 3603 1541 3644; x_wconf 85' lang='lat' dir='ltr'>cap.</span> <span class='ocrx_word' id='word_1_536' title='bbox 1562 3603 1622 3629; x_wconf 92' lang='lat'>10.</span> <span class='ocrx_word' id='word_1_537' title='bbox 1653 3587 1839 3642; x_wconf 83' lang='lat' dir='ltr'>Oppidum</span> <span class='ocrx_word' id='word_1_538' title='bbox 1854 3587 1962 3628; x_wconf 86' lang='lat' dir='ltr'>Stobi</span> <span class='ocrx_word' id='word_1_539' title='bbox 1979 3588 2122 3626; x_wconf 86' lang='lat' dir='ltr'>civium</span> <span class='ocrx_word' id='word_1_540' title='bbox 2135 3587 2240 3626; x_wconf 88' lang='lat' dir='ltr'>Rom.</span> <span class='ocrx_word' id='word_1_541' title='bbox 2260 3601 2342 3642; x_wconf 86' lang='lat' dir='ltr'>quo</span> 
     </span>
    </p>
   </div>
   <div class='ocr_carea' id='block_1_15' title="bbox 262 3640 2341 3766">
    <p class='ocr_par' dir='ltr' id='par_1_16' title="bbox 262 3640 2341 3766">
     <span class='ocr_line' id='line_1_42' title="bbox 263 3640 2341 3708; baseline -0.007 -10"><span class='ocrx_word' id='word_1_542' title='bbox 263 3657 421 3698; x_wconf 89' lang='lat' dir='ltr'>nomine</span> <span class='ocrx_word' id='word_1_543' title='bbox 439 3653 535 3708; x_wconf 67' lang='lat' dir='ltr'>saepe</span> <span class='ocrx_word' id='word_1_544' title='bbox 551 3652 767 3704; x_wconf 86' lang='lat' dir='ltr'>Municipia</span> <span class='ocrx_word' id='word_1_545' title='bbox 781 3651 842 3691; x_wconf 92' lang='lat' dir='ltr'>ille</span> <span class='ocrx_word' id='word_1_546' title='bbox 860 3650 1044 3691; x_wconf 84' lang='lat' dir='ltr'>describit.</span> <span class='ocrx_word' id='word_1_547' title='bbox 1074 3649 1135 3689; x_wconf 91' lang='lat' dir='ltr'>Sic</span> <span class='ocrx_word' id='word_1_548' title='bbox 1152 3660 1280 3688; x_wconf 89' lang='lat' dir='ltr'>autem</span> <span class='ocrx_word' id='word_1_549' title='bbox 1296 3646 1405 3687; x_wconf 89' lang='lat' dir='ltr'>Stobi</span> <span class='ocrx_word' id='word_1_550' title='bbox 1422 3646 1461 3686; x_wconf 91' lang='lat' dir='ltr'>in</span> <span class='ocrx_word' id='word_1_551' title='bbox 1477 3645 1642 3685; x_wconf 89' lang='lat' dir='ltr'>nummis</span> <span class='ocrx_word' id='word_1_552' title='bbox 1652 3643 1877 3698; x_wconf 89' lang='lat' dir='ltr'>appellatur:</span> <span class='ocrx_word' id='word_1_553' title='bbox 1905 3655 2100 3696; x_wconf 90' lang='lat' dir='ltr'>perperam</span> <span class='ocrx_word' id='word_1_554' title='bbox 2114 3643 2226 3697; x_wconf 84' lang='lat' dir='ltr'>igitur</span> <span class='ocrx_word' id='word_1_555' title='bbox 2237 3640 2341 3706; x_wconf 77' lang='lat' dir='ltr'>apud</span> 
     </span>
     <span class='ocr_line' id='line_1_43' title="bbox 262 3697 2337 3766; baseline -0.007 -14"><span class='ocrx_word' id='word_1_556' title='bbox 262 3711 501 3766; x_wconf 87' lang='lat' dir='ltr'>Stephanum</span> <span class='ocrx_word' id='word_1_557' title='bbox 522 3735 534 3754; x_wconf 91' lang='lat'><strong>,</strong></span> <span class='ocrx_word' id='word_1_558' title='bbox 570 3711 674 3746; x_wconf 69' lang='grc' dir='ltr'><em>Στέζος</em></span> <span class='ocrx_word' id='word_1_559' title='bbox 695 3710 771 3745; x_wconf 61' lang='grc' dir='ltr'>πόλις</span> <span class='ocrx_word' id='word_1_560' title='bbox 794 3712 979 3746; x_wconf 61' lang='grc' dir='ltr'>Μακεδονίας</span> <span class='ocrx_word' id='word_1_561' title='bbox 1001 3709 1138 3754; x_wconf 58' lang='grc' dir='ltr'>Ῥωμαίων</span> <span class='ocrx_word' id='word_1_562' title='bbox 1159 3707 1288 3748; x_wconf 44' lang='lat' dir='ltr'>{aalma</span> <span class='ocrx_word' id='word_1_563' title='bbox 1329 3701 1462 3741; x_wconf 82' lang='lat' dir='ltr'>Stobos</span> <span class='ocrx_word' id='word_1_564' title='bbox 1487 3699 1576 3739; x_wconf 84' lang='lat' dir='ltr'>urbs</span> <span class='ocrx_word' id='word_1_565' title='bbox 1601 3698 1834 3739; x_wconf 82' lang='lat' dir='ltr'>Macedomae</span> <span class='ocrx_word' id='word_1_566' title='bbox 1851 3723 1864 3742; x_wconf 94' lang='lat'>,</span> <span class='ocrx_word' id='word_1_567' title='bbox 1902 3697 2153 3736; x_wconf 81' lang='lat' dir='ltr'>Romanorum</span> <span class='ocrx_word' id='word_1_568' title='bbox 2175 3700 2337 3737; x_wconf 73' lang='lat' dir='ltr'>Comma.</span> 
     </span>
    </p>
   </div>
   <div class='ocr_carea' id='block_1_16' title="bbox 261 3751 2341 3921">
    <p class='ocr_par' dir='ltr' id='par_1_17' title="bbox 261 3751 2341 3921">
     <span class='ocr_line' id='line_1_44' title="bbox 262 3751 2341 3821; baseline -0.007 -14"><span class='ocrx_word' id='word_1_569' title='bbox 262 3768 366 3821; x_wconf 86' lang='lat' dir='ltr'>Qis</span> <span class='ocrx_word' id='word_1_570' title='bbox 383 3765 476 3806; x_wconf 78' lang='lat' dir='ltr'>vero</span> <span class='ocrx_word' id='word_1_571' title='bbox 494 3760 714 3814; x_wconf 87' lang='lat' dir='ltr'>Municipes</span> <span class='ocrx_word' id='word_1_572' title='bbox 734 3758 823 3797; x_wconf 88' lang='lat' dir='ltr'>fecit</span> <span class='ocrx_word' id='word_1_573' title='bbox 841 3758 1040 3799; x_wconf 86' lang='lat' dir='ltr'>Stobenses</span> <span class='ocrx_word' id='word_1_574' title='bbox 1057 3761 1072 3797; x_wconf 88' lang='lat'>?</span> <span class='ocrx_word' id='word_1_575' title='bbox 1101 3760 1166 3797; x_wconf 90' lang='lat' dir='ltr'>An</span> <span class='ocrx_word' id='word_1_576' title='bbox 1183 3757 1379 3812; x_wconf 87' lang='lat' dir='ltr'>Augustus</span> <span class='ocrx_word' id='word_1_577' title='bbox 1395 3783 1408 3803; x_wconf 85' lang='lat'>‚</span> <span class='ocrx_word' id='word_1_578' title='bbox 1435 3756 1503 3809; x_wconf 92' lang='lat' dir='ltr'>qui</span> <span class='ocrx_word' id='word_1_579' title='bbox 1526 3754 1704 3815; x_wconf 70' lang='lat' dir='ltr'>plurimas</span> <span class='ocrx_word' id='word_1_580' title='bbox 1726 3754 1765 3792; x_wconf 89' lang='lat' dir='ltr'>in</span> <span class='ocrx_word' id='word_1_581' title='bbox 1784 3751 2056 3812; x_wconf 77' lang='lat' dir='ltr'>Macedoniam</span> <span class='ocrx_word' id='word_1_582' title='bbox 2074 3778 2085 3798; x_wconf 92' lang='lat'>,</span> <span class='ocrx_word' id='word_1_583' title='bbox 2112 3763 2155 3791; x_wconf 94' lang='lat' dir='ltr'>ut</span> <span class='ocrx_word' id='word_1_584' title='bbox 2175 3765 2280 3814; x_wconf 76' lang='lat' dir='ltr'>patet</span> <span class='ocrx_word' id='word_1_585' title='bbox 2294 3763 2341 3793; x_wconf 76' lang='lat' dir='ltr'>ex</span> 
     </span>
     <span class='ocr_line' id='line_1_45' title="bbox 261 3805 2337 3866; baseline -0.008 -3"><span class='ocrx_word' id='word_1_586' title='bbox 261 3821 450 3866; x_wconf 85' lang='lat' dir='ltr'>nummis,</span> <span class='ocrx_word' id='word_1_587' title='bbox 479 3815 665 3859; x_wconf 86' lang='lat' dir='ltr'>Colonias</span> <span class='ocrx_word' id='word_1_588' title='bbox 681 3813 840 3853; x_wconf 88' lang='lat' dir='ltr'>deduxit</span> <span class='ocrx_word' id='word_1_589' title='bbox 857 3816 871 3852; x_wconf 88' lang='lat'>?</span> <span class='ocrx_word' id='word_1_590' title='bbox 899 3827 947 3853; x_wconf 84' lang='lat' dir='ltr'>an</span> <span class='ocrx_word' id='word_1_591' title='bbox 966 3813 1095 3865; x_wconf 80' lang='lat' dir='ltr'>potius</span> <span class='ocrx_word' id='word_1_592' title='bbox 1112 3812 1364 3865; x_wconf 81' lang='lat' dir='ltr'>Vespasianus</span> <span class='ocrx_word' id='word_1_593' title='bbox 1375 3838 1388 3858; x_wconf 88' lang='lat'>‚</span> <span class='ocrx_word' id='word_1_594' title='bbox 1417 3812 1480 3851; x_wconf 91' lang='lat' dir='ltr'>cui</span> <span class='ocrx_word' id='word_1_595' title='bbox 1497 3814 1535 3850; x_wconf 88' lang='lat'>&amp;</span> <span class='ocrx_word' id='word_1_596' title='bbox 1550 3809 1632 3848; x_wconf 89' lang='lat' dir='ltr'>filus</span> <span class='ocrx_word' id='word_1_597' title='bbox 1648 3805 1879 3849; x_wconf 80' lang='lat' dir='ltr'>Macedonia</span> <span class='ocrx_word' id='word_1_598' title='bbox 1896 3807 1973 3860; x_wconf 80' lang='lat' dir='ltr'>ipsa</span> <span class='ocrx_word' id='word_1_599' title='bbox 1990 3820 2168 3847; x_wconf 88' lang='lat' dir='ltr'>nummos</span> <span class='ocrx_word' id='word_1_600' title='bbox 2184 3808 2337 3848; x_wconf 69' lang='lat' dir='ltr'>dedica⁴</span> 
     </span>
     <span class='ocr_line' id='line_1_46' title="bbox 261 3862 2340 3921; baseline -0.007 -3"><span class='ocrx_word' id='word_1_601' title='bbox 261 3879 319 3918; x_wconf 92' lang='lat' dir='ltr'>vit</span> <span class='ocrx_word' id='word_1_602' title='bbox 337 3880 351 3917; x_wconf 91' lang='lat'>?</span> <span class='ocrx_word' id='word_1_603' title='bbox 377 3876 453 3916; x_wconf 92' lang='lat' dir='ltr'>Sed</span> <span class='ocrx_word' id='word_1_604' title='bbox 471 3874 496 3914; x_wconf 92' lang='lat' dir='ltr'>s1</span> <span class='ocrx_word' id='word_1_605' title='bbox 516 3871 609 3913; x_wconf 89' lang='lat' dir='ltr'>mihi</span> <span class='ocrx_word' id='word_1_606' title='bbox 628 3869 817 3921; x_wconf 87' lang='lat' dir='ltr'>conjicere</span> <span class='ocrx_word' id='word_1_607' title='bbox 832 3868 941 3908; x_wconf 89' lang='lat' dir='ltr'>liceat</span> <span class='ocrx_word' id='word_1_608' title='bbox 956 3895 968 3914; x_wconf 90' lang='lat'>,</span> <span class='ocrx_word' id='word_1_609' title='bbox 995 3866 1182 3919; x_wconf 90' lang='lat' dir='ltr'>templum</span> <span class='ocrx_word' id='word_1_610' title='bbox 1197 3868 1236 3905; x_wconf 90' lang='lat' dir='ltr'>in</span> <span class='ocrx_word' id='word_1_611' title='bbox 1254 3867 1414 3921; x_wconf 88' lang='lat' dir='ltr'>Augusti</span> <span class='ocrx_word' id='word_1_612' title='bbox 1431 3866 1620 3905; x_wconf 90' lang='lat' dir='ltr'>honorem</span> <span class='ocrx_word' id='word_1_613' title='bbox 1641 3863 1868 3904; x_wconf 69' lang='lat' dir='ltr'>exstrusttlm</span> <span class='ocrx_word' id='word_1_614' title='bbox 1885 3875 2071 3915; x_wconf 87' lang='lat' dir='ltr'>auguror,</span> <span class='ocrx_word' id='word_1_615' title='bbox 2100 3862 2211 3916; x_wconf 82' lang='lat' dir='ltr'>quod</span> <span class='ocrx_word' id='word_1_616' title='bbox 2225 3862 2340 3916; x_wconf 83' lang='lat' dir='ltr'>pluri-</span> 
     </span>
    </p>
   </div>
   <div class='ocr_carea' id='block_1_17' title="bbox 259 3917 2338 4027">
    <p class='ocr_par' dir='ltr' id='par_1_18' title="bbox 259 3917 2338 4027">
     <span class='ocr_line' id='line_1_47' title="bbox 259 3917 2338 4027; baseline -0.009 -51"><span class='ocrx_word' id='word_1_617' title='bbox 259 3947 323 3976; x_wconf 85' lang='lat' dir='ltr'>ma</span> <span class='ocrx_word' id='word_1_618' title='bbox 338 3933 377 3973; x_wconf 90' lang='lat' dir='ltr'>in</span> <span class='ocrx_word' id='word_1_619' title='bbox 396 3928 599 3986; x_wconf 88' lang='lat' dir='ltr'>provinciis</span> <span class='ocrx_word' id='word_1_620' title='bbox 615 3924 685 3980; x_wconf 77' lang='lat' dir='ltr'>ipsi</span> <span class='ocrx_word' id='word_1_621' title='bbox 703 3924 826 3964; x_wconf 86' lang='lat' dir='ltr'>dicata</span> <span class='ocrx_word' id='word_1_622' title='bbox 844 3921 982 3963; x_wconf 89' lang='lat' dir='ltr'>fuerint</span> <span class='ocrx_word' id='word_1_623' title='bbox 993 3949 1006 3969; x_wconf 86' lang='lat'>‚</span> <span class='ocrx_word' id='word_1_624' title='bbox 1033 3934 1076 3963; x_wconf 91' lang='lat' dir='ltr'>ut</span> <span class='ocrx_word' id='word_1_625' title='bbox 1091 3932 1215 3962; x_wconf 86' lang='lat' dir='ltr'>narrat</span> <span class='ocrx_word' id='word_1_626' title='bbox 1234 3923 1328 3963; x_wconf 90' lang='lat' dir='ltr'>Aur.</span> <span class='ocrx_word' id='word_1_627' title='bbox 1349 3921 1483 3962; x_wconf 63' lang='lat' dir='ltr'>vietor</span> <span class='ocrx_word' id='word_1_628' title='bbox 1503 3920 1552 3961; x_wconf 92' lang='lat' dir='ltr'>de</span> <span class='ocrx_word' id='word_1_629' title='bbox 1569 3918 1703 3961; x_wconf 85' lang='lat' dir='ltr'>Caesar.</span> <span class='ocrx_word' id='word_1_630' title='bbox 1733 3917 1911 3971; x_wconf 83' lang='lat' dir='ltr'><em>Huicque</em></span> <span class='ocrx_word' id='word_1_631' title='bbox 1927 3918 1987 3956; x_wconf 84' lang='lat' dir='ltr'>uti</span> <span class='ocrx_word' id='word_1_632' title='bbox 2003 3917 2093 3958; x_wconf 76' lang='lat' dir='ltr'>Deo</span> <span class='ocrx_word' id='word_1_633' title='bbox 2110 3917 2338 4027; x_wconf 47' lang='lat' dir='ltr'>Romapgzg</span> 
     </span>
     <span class='ocr_line' id='line_1_48' title="bbox 2128 3985 2250 4012; baseline -0.008 0"><span class='ocrx_word' id='word_1_634' title='bbox 2128 3985 2250 4012; x_wconf 81' lang='lat' dir='ltr'>vmcu</span> 
     </span>
    </p>
   </div>
   <div class='ocr_carea' id='block_1_18' title="bbox 2452 0 2574 4001">
    <p class='ocr_par' dir='ltr' id='par_1_19' title="bbox 2452 0 2574 4001">
     <span class='ocr_line' id='line_1_49' title="bbox 2452 0 2574 4001; baseline 0 0"><span class='ocrx_word' id='word_1_635' title='bbox 2452 0 2574 4001; x_wconf 95' lang='lat' dir='ltr'> </span> 
     </span>
    </p>
   </div>
  </div>
 </body>
</html>
