2574 4214
371 236 463 270 206
520 277 544 293 v,
1091 222 1142 268 L(

423 842 446 867 c
459 841 485 867 o
498 840 546 888 ι..
569 840 609 866 Α.
643 840 685 866 A.
714 839 736 865 P
750 840 776 866 A
792 839 815 865 T
829 840 869 865 R.
909 823 1064 863 Colonia
1084 820 1256 876 Augusta
1272 820 1375 861 Aroe
1392 819 1601 871 Patrenfis.
1637 818 1782 873 Aquila
1803 817 2012 875 legionaria
2035 818 2134 861 inter
2150 818 2232 860 duo
2251 817 2356 876 signa
2375 820 2470 863 milia

479 894 581 923 tarra.

421 960 487 1001 Ad
503 961 681 1001 Coloniae
698 958 884 1000 Patrensis
901 957 1087 1011 originem
1108 954 1354 996 indicandam
1374 953 1434 994 illa
1458 952 1562 1009 figna
1583 953 1756 994 militaria
1773 953 1894 994 caelari
1910 954 1951 993 in
1969 953 2140 995 Claudio
2160 953 2345 1002 Nerone,
2371 952 2472 995 Ves-

365 1016 522 1071 pasiano
546 1020 583 1055 δε
603 1016 683 1056 aliis
707 1014 883 1055 diximus.
926 1013 1137 1066 Cujuiham
1164 1011 1347 1066 Legionis
1364 1009 1550 1052 Veterani
1569 1010 1697 1050 Patras
1714 1008 1811 1049 miffi
1830 1008 1971 1050 fuerint
1986 1036 1998 1056 ,
2028 1010 2312 1065 ignoraremus,
2341 1008 2368 1050 fi
2387 1023 2473 1052 am-
2560 998 2574 1050 1⁵

364 1073 505 1125 pliores
522 1072 669 1111 nummi
688 1075 786 1111 inter
808 1070 912 1125 figna
928 1069 1028 1108 hanc
1045 1082 1117 1107 xxi
1131 1081 1162 1107 1.
1179 1065 1416 1122 epigraphen
1434 1093 1446 1112 ,
1473 1080 1561 1120 quae
1578 1079 1650 1106 nos
1670 1079 1732 1106 22.
1751 1065 2020 1120 Primigeniam
2035 1066 2178 1106 docent
2194 1093 2206 1112 ,
2233 1079 2314 1105 non
2331 1077 2472 1120 praetu.

363 1128 508 1174 liss‘ent,
537 1140 654 1180 quam
676 1126 959 1180 inscriptionem
986 1136 1168 1163 nummus
1191 1122 1259 1162 iste
1282 1121 1407 1163 forsan
1424 1149 1436 1170 ,
1466 1123 1555 1162 cum
1579 1121 1747 1162 minimae
1772 1120 1816 1161 fit
1839 1119 1973 1162 formae
1990 1149 2002 1167 ‚
2032 1120 2158 1162 omifit
2175 1148 2187 1168 ,
2215 1121 2471 1175 quamobrem
2549 1123 2574 1152 ’ἲ

365 1183 570 1237 colligendi
587 1182 671 1222 sunt
690 1182 714 1221 ii
734 1195 870 1222 omnes
887 1194 933 1221 ex
949 1179 1084 1219 eadem
1103 1179 1197 1218 urbe
1221 1176 1400 1231 percufli,
1429 1189 1471 1218 ut
1488 1191 1576 1231 quae
1592 1177 1633 1217 in
1650 1176 1710 1217 his
1726 1175 1882 1223 desunt,
1911 1190 1981 1230 per
1997 1176 2090 1218 alios
2106 1176 2369 1224 innotescant,
2398 1191 2472 1233 op-

364 1240 605 1292 tandumque
622 1235 715 1278 esset
734 1249 778 1277 ut
792 1250 918 1277 novus
938 1248 1186 1275 nummorum
1205 1233 1362 1294 scriptor
1380 1232 1584 1273 Goltzium
1600 1233 1811 1273 imitaretur
1822 1259 1834 1278 ,
1863 1232 1933 1285 qui
1952 1245 2088 1273 omnes
2105 1231 2277 1286 ejusdem
2294 1233 2397 1276 urbis
2412 1245 2473 1290 tyg

364 1308 438 1349 pos
455 1305 668 1348 exponeret
679 1320 691 1340 ,
720 1292 824 1333 unde
841 1291 959 1332 multa
976 1304 1064 1345 quae
1075 1289 1293 1332 Historicos
1311 1288 1514 1345 fugerunt,
1543 1288 1782 1344 antiquitatis
1798 1286 1955 1328 studiofi
1974 1299 2254 1344 recuperarent.

418 1381 502 1422 Hic
516 1380 729 1421 nummulus
743 1381 845 1420 inter
863 1392 968 1419 raros
985 1377 1104 1418 locum
1119 1376 1256 1417 habere
1270 1383 1442 1417 meretur.

1176 1487 1304 1528 IMP.
1345 1484 1649 1527 CAESARI.

1006 1544 1050 1584 L.
1088 1542 1400 1585 AVRELIO.
1440 1539 1636 1582 VERO.
1674 1540 1825 1581 AVG.

843 1598 1270 1640 ARMENIACO.
1309 1595 1580 1640 MEDICO.
1619 1594 1989 1637 PARTHICO.

803 1654 972 1696 MAX.
1009 1653 1201 1694 TRIB.
1241 1651 1378 1692 POT.
1418 1651 1523 1690 VII.
1560 1650 1685 1689 IMP.
1722 1651 1853 1692 IMP.
1889 1649 2030 1693 VIII.

828 1710 959 1750 COS.
989 1709 1075 1750 III.
1105 1708 1148 1747 P.
1177 1708 1217 1747 P.
1249 1705 1406 1748 DIVI.
1439 1705 1804 1747 ANTONINI.
1835 1706 1928 1746 PII.
1959 1705 2007 1748 F.

905 1764 1058 1805 DIVI.
1087 1761 1446 1803 HADRIANI.
1477 1759 1740 1802 NEPOTI.
1770 1761 1926 1802 DIVI.

858 1817 1166 1859 TRAIANI.
1195 1816 1540 1858 PARTHICI.
1571 1813 1974 1857 PRONEPOTI.

801 1873 956 1916 DIVI.
992 1872 1278 1915 NERVAE.
1317 1869 1675 1913 ABNEPOTI.
1712 1872 1856 1914 DEC.
1893 1869 2035 1914 DEC.

914 1959 1188 2016 Exstrtjvfi'mus
1204 1958 1421 2001 Mediolani
1436 1959 1479 1999 in
1494 1959 1581 1999 vico
1597 1957 1654 1999 ad
1666 1957 1898 2000 Columnam.

1113 2117 1420 2162 MAGNAE
1464 2115 1713 2167 MATRI,

1255 2171 1578 2215 LVCILLA.

1331 2228 1371 2271 A
1386 2226 1428 2270 V
1445 2227 1498 2267 G.

1432 2298 1560 2353 Apud
1569 2298 1684 2342 Grut.
1693 2308 1781 2356 pag.
1803 2302 1918 2352 1065.
1935 2300 1975 2341 8:

1288 2658 1543 2702 *emmanu
