2574 4214
279 158 338 196 24
1047 141 1640 191 AUGUSTUS.

269 246 273 250 ,
295 238 297 240 .
334 220 349 244 1
370 219 402 244 1.
431 216 460 244 v
474 218 488 244 1
504 217 548 245 R.
583 217 598 245 1
617 218 639 246 τ
654 219 729 247 ER.
759 206 807 248 de
834 204 1014 262 QUrso
1030 211 1178 250 tantum
1196 209 1485 265 intelligendus,
1510 211 1582 263 qui
1596 211 1636 249 in
1656 208 1834 251 anteriori
1854 220 2016 250 nummo
2034 216 2122 249 cum
2141 208 2270 249 Mario
2283 211 2361 251 Ca»

277 260 411 312 pitone
427 259 619 300 Duumvir
635 263 878 302 renuntiatur.
920 263 1122 302 Duumviri
1140 276 1182 303 ut
1197 264 1384 304 Consules
1404 266 1542 306 Romae
1563 265 1724 304 eandem
1750 266 1787 304 in
1809 264 1985 304 Coloniis
2002 265 2229 318 potestatem
2244 264 2362 306 habe—

277 314 377 353 bant.
422 313 551 354 Plures
570 316 790 355 creabantur
808 343 819 362 ‚
847 328 889 356 ut
909 317 1000 357 alter
1021 318 1170 358 alterius
1190 319 1395 358 insolentiae
1411 346 1423 364 ‚
1453 318 1479 357 fi
1504 332 1561 358 res
1588 320 1794 372 postularet
1812 347 1823 365 ‚
1850 319 2086 359 intercedere
2110 323 2146 358 a&
2163 324 2361 361 occurrere.

276 367 408 420 poss'ct.
447 370 629 408 Annuum
646 370 714 409 illis
733 371 944 423 imperium.
985 372 1288 425 Defignabantur
1302 386 1392 415 ante
1411 374 1676 427 Magistratum
1697 374 1815 413 tribus
1833 374 2035 413 mensibus.
2075 374 2121 413 In
2136 370 2180 414 'iis
2199 375 2361 428 quadra-

276 424 379 475 ginta
398 423 508 462 trium
533 438 716 463 annorum
734 437 821 464 :etas
841 425 1003 479 Legibus
1024 427 1271 467 determinata
1297 429 1569 481 requirebatur.
1608 428 1862 468 Consulatum
1883 429 2018 469 iterum
2041 443 2171 483 gerere
2190 442 2278 470 ante
2295 431 2361 470 de‘⁵

277 478 454 516 cennium
473 478 699 530 prohibebat
715 479 804 517 Lex·
842 480 970 518 Livius
990 480 1134 520 Decad.
1161 493 1191 518 1.
1213 482 1275 520 lib.
1303 496 1367 521 10.
1404 483 1547 536 Legem
1563 486 1717 523 recitari
1719 482 1833 539 juffi't
1850 510 1862 529 ‚
1889 483 1964 538 qm}
1982 488 2088 523 intra
2105 483 2227 524 decem
2243 498 2360 525 annos

275 532 429 570 cundem
443 531 632 581 Consulem
648 532 749 583 refici
764 547 835 572 non
853 534 990 573 liceret.

331 586 517 625 'Plaeroria
533 600 647 640 gens,
678 587 844 641 plebeia,
873 589 934 628 cui
950 601 1095 628 novum
1118 589 1333 645 Tranquilli
1349 602 1580 646 cognomen.
1623 591 1686 631 De
1703 590 1856 648 Qinto
1871 587 1964 644 Urso
1981 587 2070 633 vide
2089 593 2210 648 supra.

330 662 411 701 Hic
425 665 760 716 nummus-secandi·
775 665 912 705 moduli
929 666 979 706 ab
997 668 1094 707 Ant.
1115 668 1325 722 Augustino
1344 668 1461 709 Dial.
1481 682 1518 723 7.
1537 668 1739 724 vulgatus,
1767 683 1834 710 nec
1849 682 1959 711 rarus
1975 684 2041 711 nec
2057 670 2191 711 obvius
2207 671 2268 725 est.

276 1252 312 1279 M
322 1250 358 1279 v.
389 1253 411 1278 c
424 1252 449 1278 A
463 1253 504 1278 L.
536 1251 551 1278 1
565 1252 642 1332 vll..
672 1250 687 1277 1
700 1250 736 1278 M
749 1251 782 1278 Ρ»
816 1251 842 1278 A
856 1252 882 1278 v
895 1252 920 1279 G
935 1252 960 1279 v
975 1253 1009 1279 s.
1037 1237 1295 1294 illanicipiunt
1308 1238 1509 1295 Calaguris
1517 1239 1644 1293 Julia.
1673 1240 1881 1297 Imperator
1898 1242 2103 1297 Augustus.
2133 1242 2266 1297 Caput
2282 1243 2364 1285 Au·

385 1294 483 1348 gusti
500 1292 578 1333 fine
609 1307 731 1334 aurea.

330 1362 366 1388 c.
396 1362 432 1388 M
446 1362 472 1387 A
489 1362 518 1388 R
532 1362 559 1388 1.
590 1362 639 1388 M.
671 1362 697 1388 v
710 1362 737 1388 A
751 1363 790 1389 L.
821 1363 886 1403 qv
899 1339 928 1389 Α
942 1364 980 1390 D.
1016 1364 1033 1390 1
1051 1365 1085 1390 1.
1116 1363 1143 1391 v
1155 1364 1170 1390 1
1182 1364 1224 1391 R.
1255 1351 1348 1392 Caio
1357 1351 1512 1398 Mario,
1528 1349 1590 1391 M.
1602 1352 1753 1392 Valerio
1762 1352 2229 1410 Qadrato‘Duumviris.
2245 1353 2336 1395 Bos.
2359 1375 2362 1379 ²

329 1425 589 1480 Calaguritani
607 1425 628 1466 a
644 1426 768 1466 Plinio
784 1426 846 1467 lib.
864 1440 898 1481 3.
918 1441 1000 1482 cap.
1019 1441 1053 1481 3.
1073 1429 1216 1484 gemini
1232 1428 1431 1476 dicuntur,
1459 1430 1520 1470 alii
1530 1431 1630 1470 inter
1642 1431 1744 1471 cives
1755 1431 1958 1472 Romanos
1970 1431 2210 1473 recensentur
2222 1445 2368 1487 cogno-

276 1480 379 1520 mine
400 1481 440 1520 N
446 1479 562 1520 affici:
592 1480 661 1520 Ex
678 1482 741 1520 his
756 1484 900 1521 civium
919 1483 1184 1523 Romanorum.
1199 1516 1206 1524 .
1219 1517 1225 1525 .
1240 1516 1248 1524 .
1278 1485 1593 1539 Calagnritanos‚
1620 1488 1686 1541 qui
1699 1486 1846 1537 Naffici
1860 1490 2180 1542 cqgnominantnr.
2218 1488 2296 1527 Alii
2311 1488 2369 1527 in-

277 1547 336 1574 ter
361 1535 622 1589 stipendiarios
648 1549 901 1577 revocantur:
931 1537 1279 1592 Stipendiarios....
1314 1541 1628 1595 Calaguritanos,
1657 1543 1723 1596 qui
1751 1541 2021 1596 Fibularenfi’s.
2063 1544 2194 1583 Ambo
2213 1556 2259 1583 ex
2275 1553 2370 1583 con-

276 1602 395 1630 ventu
413 1590 761 1645 Caesaraugustano.
798 1592 935 1632 Paulus
953 1594 1105 1634 Merula
1123 1595 1326 1650 Cosmogr.
1344 1608 1440 1649 part.
1461 1609 1496 1635 2.
1516 1596 1538 1636 l.
1557 1610 1592 1636 2.
1610 1611 1643 1636 c.
1670 1610 1732 1650 13.
1760 1597 1803 1637 N
1807 1597 1938 1638 asticos
1958 1597 2007 1638 ad
2023 1598 2224 1653 Ilergetes,
2251 1598 2369 1638 Fibu-

276 1645 437 1686 larenses
456 1645 506 1685 ad
523 1646 718 1686 Vascones
744 1648 932 1700 pertinere
956 1649 1167 1690 contendit.
1210 1651 1286 1691 Sed
1302 1652 1352 1691 ad
1369 1651 1412 1691 N
1415 1649 1550 1691 assicos
1574 1651 1744 1705 spectant
1760 1655 1907 1694 nummi
1926 1654 2035 1694 titulo
2054 1653 2263 1708 Municipii
2282 1652 2368 1693 infi-

276 1714 372 1755 gnes
392 1728 403 1746 ‚
431 1713 569 1755 utpote
596 1701 697 1742 cives
722 1701 893 1741 Romani
912 1728 923 1750 ,
953 1718 1001 1743 ex
1018 1704 1141 1745 Plinio
1158 1733 1170 1752 ,
1194 1705 1258 1758 jus
1274 1706 1461 1746 cudendae
1482 1719 1646 1748 monetae
1665 1707 1860 1749 habentes.
1898 1709 2101 1762 Perperam
2125 1721 2254 1749 autem
2274 1711 2367 1748 Ant.

280 1756 516 1810 Augustinus
540 1756 638 1796 Dial.
659 1769 695 1808 7.
720 1770 900 1797 nummos
923 1773 1010 1798 cum
1034 1760 1244 1814 epigraphe
1271 1776 1306 1801 c.
1327 1776 1362 1802 c.
1382 1776 1423 1802 A.
1453 1762 1609 1802 Colonia
1626 1763 1828 1817 Calagaris
1847 1764 2018 1818 Augusta
2036 1791 2048 1810 ‚
2077 1766 2370 1818 interpretatur,

277 1811 346 1864 qui
365 1810 415 1850 ad
435 1811 640 1851 Coloniam
659 1811 981 1865 Caesaraugustam
996 1815 1189 1868 pertinent
1200 1836 1213 1862 ³
1238 1815 1309 1871 ipsi
1328 1817 1431 1857 enim
1447 1817 1497 1856 ad
1513 1818 1734 1873 Calagurim
1751 1818 1795 1858 N
1798 1817 1946 1860 afficam
1963 1846 1974 1865 ‚
2003 1833 2090 1873 quae
2109 1819 2370 1874 Municipium

279 1865 441 1906 habetur
453 1886 464 1911 3
494 1879 565 1906 nec
585 1867 633 1906 ad
654 1865 874 1921 Calagurim
895 1867 927 1907 F
930 1868 1201 1916 ibularensem‚
1228 1885 1316 1924 quae
1334 1872 1573 1925 stipendiaria
1591 1874 1644 1912 est
1656 1901 1667 1920 ‚
1696 1876 1864 1914 revocari
1882 1875 2048 1928 possimt.

323 1920 414 1973 Jam
432 1921 549 1960 Caius
569 1921 724 1961 issarius
744 1935 833 1961 cum
850 1921 904 1971 Q.
927 1922 1028 1963 Urso
1047 1925 1089 1964 in
1110 1925 1477 1980 Calaguritanorum
1501 1928 1669 1968 nummis
1692 1928 1884 1968 Duumvir
1906 1929 2129 1982 perhibetur
2146 1947 2158 1974 3
2196 1941 2244 1968 an
2265 1928 2370 1970 idem

277 1986 344 2015 aut
362 1975 454 2015 alter
470 2003 482 2021 ‚
509 1976 697 2017 incertum
715 1975 779 2017 est.
817 1976 880 2037 De
898 1978 1052 2018 Valeria
1071 1990 1188 2036 gente
1210 1979 1330 2034 paulo
1352 1982 1444 2023 ante
1469 1981 1647 2025 diximus.
1691 1983 1896 2041 Qadrati
1918 1997 2139 2039 cognomen
2165 1984 2214 2025 ab
2240 1984 2372 2040 amplo

276 2031 449 2085 corporis
465 2030 599 2072 habitu
617 2042 813 2085 repertum
829 2031 991 2074 videtur.
1232 2064 1237 2066 -

332 2107 416 2151 Hic
434 2121 607 2153 nummus
622 2109 896 2170 mediaeformae
902 2121 976 2168 pro
993 2123 1078 2152 raro
1093 2106 1303 2169 habendus·²

283 2693 299 2720 1
310 2691 346 2719 M
358 2691 392 2718 P.
423 2692 447 2718 c
461 2693 486 2718 A
500 2691 524 2718 Β
535 2692 552 2719 s
565 2691 592 2718 A
605 2691 637 2720 R
667 2692 694 2720 A
709 2693 737 2720 v
749 2693 774 2720 G
788 2693 815 2720 v
828 2693 847 2720 s
861 2694 885 2721 T
898 2695 924 2722 v
938 2695 971 2722 s.
1009 2683 1144 2736 Caput
1164 2681 1328 2738 Augusti
1349 2683 1573 2723 laureatum:

335 2748 373 2774 Μ
384 2746 424 2772 ν.
456 2749 479 2773 c
492 2747 517 2772 A
532 2747 570 2774 r...
602 2747 631 2774 1.
664 2749 700 2775 c.
729 2749 781 2775 se
793 2748 829 2775 M
843 2750 876 2776 Ρ.
908 2751 944 2777 Ρ.
977 2751 1004 2776 A
1017 2752 1049 2778 R
1061 2752 1086 2778 R
1103 2751 1132 2778 1.
1163 2751 1179 2777 1
1191 2752 1218 2778 1.
1248 2752 1275 2778 v
1288 2752 1303 2778 1
1316 2753 1359 2779 R.
1397 2737 1652 2793 Minictpium
1664 2736 1865 2793 Calaguris
1874 2737 2004 2792 Julia.
2034 2739 2129 2781 Caio
2139 2740 2376 2794 Sempronio&

392 2787 536 2827 Publio
553 2790 670 2829 Arrio
687 2790 939 2832 Duumviris.
979 2793 1070 2833 Bos.

337 2864 557 2918 Calaguris‚
585 2867 705 2919 patria
721 2866 792 2907 fuit
809 2867 1039 2919 Qintiliani
1054 2869 1262 2915 Rhamis,
1289 2869 1383 2909 teste
1401 2868 1452 2908 D.
1467 2869 1715 2922 Hieronymo
1726 2882 1773 2910 ex
1790 2869 1943 2910 Eusebii
1961 2869 2176 2912 Chronico.
2205 2870 2377 2927 Qinti·'

284 2919 412 2959 lianus
429 2933 478 2958 ex
496 2919 690 2969 Hispania
710 2921 1008 2976 Calaguritanm
1020 2949 1032 2968 ‚
1050 2925 1202 2976 primus
1218 2923 1349 2962 Romae
1360 2923 1553 2977 publicam
1565 2924 1740 2976 fiholam
1758 2922 1883 2964 tenuit
1899 2952 1911 2972 ‚
1941 2923 1988 2969 ὠ
2000 2926 2190 2978 salarium
2208 2931 2376 2981 accepit,

287 2972 335 3016 dy
361 2975 508 3014 claruit.
553 2975 713 3015 Romam
737 2989 822 3016 cum
847 2976 973 3016 Galba
997 2979 1138 3023 venit;
1164 2976 1240 3031 ips&
1262 2992 1406 3033 quoque
1424 2977 1618 3031 Hispanos
1636 2980 1892 3033 provinciales
1906 2980 2001 3032 suos
2025 2990 2151 3021 vocat.
2196 2983 2377 3024 Aurelius

285 3025 457 3123 {rudens
474 3030 532 3070 vir
546 3030 766 3073 Consularis
784 3035 822 3071 &
838 3031 958 3074 Poeta
974 3031 1042 3072 sub
1050 3031 1281 3073 Theodosio
1290 3060 1302 3081 ,
1330 3033 1625 3090 Calaguritanus
1641 3035 1800 3089 pariter,
1827 3047 1870 3076 ut
1880 3035 1960 3090 ipse
1972 3037 2096 3078 innuit
2111 3037 2151 3078 in
2165 3036 2376 3093 Peristeph.

345 3097 421 3123 mn.
472 3116 475 3121 ,
1177 3098 1180 3101 ’
1419 3123 1425 3125 Δ

321 3097 342 3136 y
439 3098 461 3136 7
924 3139 1068 3192 Nostra
1080 3135 1247 3197 gestabit
1264 3142 1467 3197 Calaguris
1481 3143 1628 3192 ambos,

814 3195 926 3251 Qcos
941 3211 1176 3238 veneramur.

345 3244 557 3300 Sempronia
574 3263 668 3306 gens
684 3250 723 3290 in
745 3252 920 3305 patricias
937 3256 976 3292 ὃ(
993 3252 1161 3306 plebeias
1177 3252 1349 3295 distinaa
1357 3272 1372 3299 ‚-
1403 3253 1493 3296 vide
1503 3253 1684 3295 Fulvium
1693 3254 1880 3296 Urfinum
1895 3250 1946 3296 de
1963 3256 2070 3300 Fam.
2088 3257 2209 3301 Rom.
2239 3255 2376 3310 Arria}

292 3299 441 3357 plebeia
457 3303 626 3352 videtum
655 3305 794 3347 Publii
813 3321 1033 3364 cognomen
1047 3308 1187 3349 ominis
1206 3311 1320 3350 caus-2
1335 3310 1356 3350 a
1375 3310 1482 3365 pube
1496 3311 1641 3354 distum
1656 3311 1815 3367 quidam
1831 3322 1981 3368 putant.

346 3378 431 3424 Hic
447 3393 612 3425 nummus
618 3384 778 3438 secundi
796 3381 935 3443 moduli
954 3400 1063 3429 rarus
1082 3384 1131 3433 ὄπ’
1150 3385 1299 3444 elegans
1314 3387 1377 3444 est.

2272 3956 2388 4006 mr:
