2491 4219
223 122 290 182 φρ
775 116 1824 173 ELAGABALUS.

1552 701 1574 727 ο

222 743 284 770 IM
297 742 328 769 Ρ.
361 744 397 769 c.
428 743 478 770 M.
512 744 536 769 A
553 743 580 768 v
595 743 637 770 R.
671 743 696 768 A
713 743 742 769 N
757 744 780 769 T
794 744 819 770 o
835 744 860 770 Ν
877 744 891 769 1
906 743 932 769 Ν
949 743 973 769 ν
987 744 1006 770 s
1041 745 1065 770 A
1083 746 1104 771 v
1120 746 1159 772 G.
1192 744 1212 770 P
1225 745 1240 770 1
1254 744 1279 771 v
1295 744 1326 771 s.
1364 731 1498 785 Caput
1516 730 1710 788 Elagabali
1726 733 1945 774 laureatum.

276 800 299 825 c
312 799 337 824 o
352 801 389 826 L.
421 800 457 825 M
471 800 493 824 E
507 800 530 825 τ
544 800 574 826 R
587 800 626 825 ο.
661 800 686 825 A
701 800 726 825 v
741 800 783 825 R.
817 800 838 825 P
852 800 866 825 1
881 800 920 825 A.
954 800 972 825 s
987 800 1001 825 1
1016 802 1052 827 D.
1083 787 1240 828 Colonia
1251 787 1476 841 Metropolis
1489 788 1652 828 Aurelia
1671 788 1755 828 ‘Pia
1769 789 1894 830 Sidon.
1935 788 2073 831 Mensa
2088 789 2199 846 supra
2212 805 2332 847 quam

329 841 418 881 duae
439 856 543 882 urnae
559 855 646 881 cum
664 842 820 896 palmis,
849 840 947 882 infra
964 855 1049 890 vas,
1079 857 1197 898 poma
1215 845 1254 881 ὃ(
1269 843 1493 898 epigraphe.
1523 857 1546 883 Ρ
1557 858 1579 883 E
1592 858 1633 884 R.
1664 858 1680 884 1
1693 858 1711 884 s
1726 858 1749 884 E
1762 859 1802 885 L.
1833 859 1860 885 o
1874 859 1897 884 E
1909 860 1932 886 c
1943 859 1971 886 v
1982 859 2032 886 M.
2063 846 2332 899 Periodonica,

328 896 520 950 Ifilastica
531 925 543 944 ,
573 898 832 938 oecumenica.

270 974 394 1015 Urna:
413 976 452 1016 in
472 977 613 1029 quibus
629 976 765 1030 palmae
783 975 891 1030 supra
914 977 1080 1016 mensam
1100 1003 1111 1022 ‚
1141 976 1191 1016 ad
1214 975 1328 1017 ludos
1351 975 1414 1017 seu
1441 978 1649 1019 certamina
1668 978 1865 1032 spectann
1891 979 1958 1021 sed
1974 980 2102 1035 qualia
2117 979 2190 1023 fint
2206 1008 2218 1028 ‚
2246 995 2331 1024 non

213 1032 465 1072 nominantur
488 1033 527 1071 in
548 1046 733 1072 nummo:
762 1046 879 1072 voces
902 1033 1005 1072 enim
1033 1033 1286 1072 ‘Periodonica
1304 1060 1316 1080 ,
1343 1032 1534 1084 Iselastica
1552 1061 1564 1081 ,
1594 1035 1845 1075 Oecumenica
1860 1062 1872 1082 ‚
1899 1036 2012 1077 vasta:
2029 1035 2142 1083 sunt,
2173 1036 2331 1092 aliisque

213 1087 313 1127 ludis
337 1101 564 1127 communes
577 1116 588 1134 ,
617 1091 656 1127 ὃς
674 1088 723 1128 ad
742 1088 918 1129 Athletas
937 1088 1132 1142 pertinent
1154 1103 1162 1127 :
1197 1088 1238 1128 id
1262 1102 1382 1128 unum
1411 1089 1580 1136 indicare
1598 1090 1779 1131 videntur
1794 1117 1807 1137 ,
1835 1091 1946 1145 quod
1964 1092 2170 1134 certamina
2189 1092 2332 1136 fuerint

211 1142 447 1196 ampliffima.
491 1144 746 1184 ‘Periodonica
764 1156 892 1185 autem
911 1144 1112 1192 dicuntum
1141 1145 1233 1198 quia
1249 1144 1510 1186 invitabantur
1526 1145 1576 1185 ad
1596 1145 1679 1187 haec
1703 1152 1925 1191 Πεμοὸονῑκοα,
1955 1161 2058 1202 quos
2073 1147 2136 1189 alii
2151 1147 2228 1190 alio
2245 1163 2331 1192 mo-

212 1198 268 1237 do
282 1211 499 1251 exponunt.
538 1199 750 1240 Athenaeus
768 1199 945 1254 intelligit
964 1214 1057 1247 eos,
1084 1200 1153 1255 qui
1169 1199 1298 1243 decies
1317 1200 1489 1242 vicissent
1502 1229 1516 1249 ,
1544 1201 1606 1242 lib.
1632 1215 1692 1243 10.
1713 1216 1800 1257 pag.
1817 1216 1866 1254 41
1879 1215 1910 1254 5.
1942 1209 2052 1246 Ενίκηπ
2077 1206 2098 1252 5*
2119 1205 2174 1242 vlu>
2195 1207 2329 1244 oetaeo·

209 1255 340 1294 δεκάκις.
371 1255 521 1295 ‘Decies
531 1258 686 1308 periodo
702 1257 811 1296 vicit.
842 1255 970 1309 julius
992 1255 1129 1297 Pollux
1153 1270 1248 1297 nom
1265 1269 1303 1308 4.
1324 1270 1408 1311 cap.
1432 1270 1492 1297 11.
1522 1258 1591 1312 qui
1615 1257 1744 1298 decies
1766 1262 1806 1298 ὅ(
1827 1257 1965 1313 septies
1980 1259 2145 1301 victores
2160 1257 2327 1302 fuissent.

212 1313 416 1349 tvflam'am
431 1314 451 1360 ξς
466 1314 600 1352 ‘afflatae
615 1315 741 1349 οἱνςέλεπ
759 1318 784 1349 Ψ
801 1318 972 1357 stow-mm
988 1314 1122 1362 ἀγώνων.
1159 1311 1308 1367 Septem
1327 1311 1416 1353 vero
1437 1309 1485 1357 ὠ
1500 1313 1625 1354 decem
1649 1322 1909 1355 coronatorum
1925 1317 2172 1356 certaminum
2187 1317 2327 1356 circui-

208 1375 276 1405 tm
295 1366 491 1420 persolvit.
535 1368 611 1408 Sed
638 1368 794 1423 proprie
817 1369 856 1408 in
875 1368 1078 1422 Gymnicis
1101 1368 1372 1410 certaminibus
1397 1368 1562 1423 periodo
1581 1369 1711 1411 vicisse
1734 1369 1849 1411 tradit
1873 1370 2114 1425 Pomponius
2131 1369 2268 1412 Festus
2285 1371 2331 1414 in.

206 1421 360 1462 Period.
381 1424 448 1477 qui
465 1423 601 1477 Pythia
617 1451 628 1470 ‚
657 1424 835 1470 Isthmia,
862 1423 1018 1466 Nemea
1035 1452 1047 1471 ‚
1077 1428 1116 1466 ὃ(
1132 1423 1318 1480 Olympia
1345 1425 1437 1466 vicit
1461 1425 1482 1465 a
1506 1426 1667 1466 circuitu
1689 1439 1826 1467 eorum
1851 1426 2156 1481 spectaculorum
2171 1451 2185 1473 ‚
2213 1429 2252 1466 &
2276 1439 2326 1468 ex

206 1480 388 1519 omnibus
407 1478 510 1519 hisce
537 1480 735 1520 victoriam
758 1481 980 1534 reportavit.
1026 1481 1089 1521 De
1109 1479 1302 1522 Iselasticis
1325 1483 1362 1519 &
1378 1481 1654 1522 Oecumenicis
1680 1481 1719 1522 in
1745 1496 1908 1523 nummo
1926 1481 2122 1537 sequente²
2161 1480 2242 1523 Vas
2256 1480 2327 1523 fisb

204 1534 335 1574 mensa
348 1562 360 1580 ,
390 1535 438 1575 ad
457 1536 748 1591 Agonothetam
764 1536 1012 1577 Sacerdotem
1032 1536 1213 1577 ludorum
1233 1547 1447 1577 curatorem
1468 1536 1631 1591 speetat3
1659 1551 1777 1592 poma
1793 1537 1950 1586 adsunt,
1977 1538 2070 1594 quia
2085 1537 2146 1579 his
2159 1536 2325 1596 victores
2379 1548 2383 1550 ’

205 1588 451 1632 donabantur
462 1618 474 1637 ,
504 1604 548 1632 ut
567 1595 606 1631 δε
622 1605 809 1646 pomacea
826 1606 970 1632 corona
986 1593 1079 1633 olim
1095 1591 1186 1646 ipfis
1201 1592 1494 1633 concedebatur.

259 1669 344 1710 Hic
361 1684 534 1711 nummus
539 1670 721 1723 secundae
740 1670 1019 1726 magnitudinis
1041 1672 1142 1712 inter
1159 1670 1404 1728 elegantiores
1416 1671 1695 1725 aascribendus.

253 2301 281 2343 'c
292 2316 318 2343 0
331 2315 367 2343 r..
400 2314 428 2341 A
441 2314 468 2342 v
479 2314 525 2342 R.
546 2293 579 2340 *P
593 2313 609 2340 1
623 2313 664 2339 A.
694 2312 733 2339 M
743 2311 767 2339 E
781 2311 806 2338 τ
818 2311 862 2338 R.
895 2311 914 2339 s
928 2312 944 2339 1
954 2312 980 2338 n
993 2312 1019 2339 o
1033 2310 1078 2339 Ν.
1118 2297 1276 2340 Colonia
1294 2297 1456 2340 Aurelia
1480 2298 1566 2340 Pia
1587 2298 1815 2353 Metropolis
1835 2297 1962 2340 Sidon.
2002 2297 2150 2343 Laurea
2172 2300 2213 2342 in
2238 2313 2321 2356 qua

311 2374 336 2400 c
349 2373 372 2398 E
387 2371 418 2398 R
431 2371 469 2398 T.
501 2370 520 2397 s
535 2369 561 2396 A
576 2370 612 2397 c.
645 2369 667 2395 P
678 2369 702 2395 E
714 2369 760 2397 R.
789 2368 816 2394 o
829 2369 853 2394 E
866 2368 889 2395 c
903 2368 931 2395 v
941 2368 978 2395 Μ
989 2368 1026 2394 E.
1056 2369 1076 2395 1
1088 2367 1109 2394 s
1121 2369 1145 2395 E
1157 2369 1183 2396 L
1196 2368 1237 2395 A.
1289 2354 1635 2407 Certaminasacra
1651 2354 1929 2402 Periodonica‚
1946 2355 2219 2405 Oecumenica,
2235 2356 2331 2410 Isi-5

307 2414 453 2467 lastica.

251 2495 333 2536 Hic
348 2506 529 2534 nummus
545 2489 682 2533 eadem
700 2490 908 2531 certamina
924 2489 1042 2544 quarn
1059 2489 1229 2544 superior
1244 2488 1411 2535 indicat,
1439 2488 1508 2531 etfi
1520 2488 1732 2545 epigraphe
1743 2488 1907 2542 amplior
1921 2488 2032 2544 plura
2048 2488 2229 2532 exhibeat
2244 2503 2317 2533 no-

198 2551 313 2592 mina.
351 2550 414 2590 De
430 2547 693 2589 Periodonicis
709 2546 855 2586 ditium
869 2574 881 2592 ‚
909 2560 1013 2587 nunc
1030 2545 1080 2587 de
1097 2546 1254 2588 caeteris.
1299 2544 1419 2585 Sacra
1440 2557 1576 2587 vocata
1599 2545 1711 2586 fuisse
1733 2543 1864 2586 ferunt
1881 2572 1895 2592 ‚
1924 2544 2037 2599 quod
2057 2546 2098 2587 in
2121 2545 2317 2588 honorem

196 2608 376 2648 Deorum
393 2604 684 2645 celebrarentur.
714 2601 782 2654 Jul.
801 2601 938 2642 Pollux
952 2601 1012 2643 lib.
1030 2616 1067 2657 3.
1084 2616 1166 2657 cap.
1186 2615 1248 2656 30.
1278 2605 1358 2648 nm*
1381 2610 1458 2652 ἱερῶν
1480 2604 1602 2652 ἀγώνων
1626 2605 1680 2642 vic
1701 2600 1756 2650 μᾶἰὸ
1777 2602 1811 2640 ἓν
1832 2602 2000 2651 καλεμᾏὶες
2021 2604 2250 2652 ἱερέςοὶγῶνας,
2275 2604 2319 2641 ὗν

195 2667 234 2701 πε
247 2664 345 2702 ἆθλα
359 2670 390 2701 ὸν
407 2665 523 2710 nodva?
537 2664 632 2711 μόνῳ,
659 2666 819 2706 §nomm
833 2661 1004 2704 ἁκοίλεαωκ,
1031 2667 1055 2715 23,
1073 2666 1220 2707 φυνλίνας.
1258 2660 1481 2700 Certamina
1498 2657 1587 2700 vero
1599 2685 1610 2705 ,
1630 2671 1713 2714 quae
1731 2657 1851 2698 Sacra
1865 2660 2130 2706 nominarunt,
2157 2672 2316 2715 quorum

186 2722 350 2775 praemia
370 2717 514 2771 insola
537 2732 671 2758 corona
695 2726 807 2756 erant
821 2744 833 2764 ,
860 2725 971 2757 erant
994 2725 1175 2757 coronata
1191 2743 1204 2764 ‚
1237 2714 1285 2759 &⁴
1309 2721 1445 2761 <pomum
1468 2722 1669 2756 vocarunt.
1708 2713 1806 2754 Ideo
1823 2715 1862 2754 in
1883 2727 2045 2755 nummo
2060 2728 2204 2756 corona
2219 2715 2317 2757 lauri
2347 2735 2350 2738 ¹

194 2775 364 2816 victoriae
381 2774 580 2828 praemium
601 2773 821 2827 apponitur.
863 2773 1115 2814 Oecumenica
1131 2799 1144 2820 ‚
1173 2771 1285 2827 quod
1305 2772 1474 2814 Athletae
1489 2785 1570 2812 non
1591 2769 1712 2810 modo
1732 2782 1780 2809 ex
1797 2770 1912 2825 Syriae
1928 2770 2152 2824 provincia,
2178 2769 2245 2811 sed
2265 2783 2316 2812 ex

193 2843 283 2872 toto
300 2843 482 2871 terrarum
499 2829 610 2869 Orbe
627 2828 748 2869 ess'ent
763 2829 916 2883 recepti.
948 2828 1141 2883 Iselastica
1159 2827 1404 2875 dicebantur,
1431 2830 1454 2868 a
1466 2827 1586 2868 verbo
1601 2829 1792 2870 εἰπλωύνων,
1814 2824 2001 2881 quadriga
2017 2825 2173 2872 invehi,
2201 2825 2316 2880 quod

194 2887 360 2928 victores
379 2883 698 2938 triumphantium
720 2897 829 2924 more
849 2883 1048 2939 quadrigis
1065 2886 1134 2938 per
1147 2884 1274 2924 ruinas
1288 2888 1487 2924 murorum
1504 2883 1545 2923 in
1562 2883 1724 2936 patriam
1740 2881 2014 2922 reveherentur
2025 2907 2037 2927 ‚
2065 2883 2104 2920 δι
2121 2881 2316 2935 perpetuo

194 2957 242 2983 ex
259 2941 417 2996 publico
434 2941 624 2982 alerentur
635 2967 647 2985 ‚
677 2939 728 2980 de
743 2940 886 2993 quibus
897 2939 1058 2993 Trajani
1074 2933 1265 2993 >Rescript.
1287 2939 1335 2980 ad
1352 2939 1448 2980 Plin.
1467 2952 1529 2993 ep.
1547 2939 1611 2979 lib.
1633 2951 1696 2979 10.
1727 2937 1895 2989 Obsonia
1909 2950 2032 2977 eorum
2048 2938 2321 2985 certaminum,

193 3011 277 3053 quae
293 2996 392 3048 Isela
423 2999 485 3037 ica
506 2994 574 3048 effi>
588 2995 741 3050 placuit
758 2996 854 3035 mihi
873 3022 884 3042 ‚
900 2994 946 3045 fi
953 3002 1046 3034 ante
1058 2991 1250 3044 Iselastica
1274 3007 1349 3033 non
1360 2994 1527 3046 fuerunt
1548 3020 1560 3039 ,
1587 3003 1687 3034 retro
1706 3006 1781 3034 non
1795 2992 1986 3032 debentur.
2025 2990 2115 3032 Hos
2131 2991 2312 3034 Sidonio-

193 3068 278 3094 rum
293 3054 333 3094 in
353 3053 385 3093 E
402 3052 561 3108 agabalo
578 3064 780 3098 nummos,
807 3050 873 3092 scd
891 3049 1069 3095 mutilos,
1097 3046 1227 3089 laudat
1242 3047 1298 3089 Ill.
1319 3048 1526 3103 Spanhem.
1545 3048 1585 3087 in
1602 3061 1661 3102 ep.
1678 3048 1730 3088 ad
1747 3047 1971 3088 Morellium
1988 3061 2077 3103 pag.
2101 3061 2117 3087 1
2129 3060 2187 3100 14.

248 3132 332 3172 Hic
347 3144 522 3172 nummus
527 3132 664 3186 primae
683 3128 960 3185 magnitudinis
973 3154 986 3175 ,
1011 3127 1100 3168 olim
1119 3126 1236 3180 noller
1251 3153 1266 3175 ,
1293 3140 1393 3168 nunc
1413 3126 1587 3169 Venetiis
1601 3126 1707 3182 apud
1717 3126 1830 3168 Hier.
1849 3127 2052 3168 Corrarum
2068 3125 2314 3179 senatorem

194 3188 392 3240 rariſjimus
411 3186 471 3239 est.
756 3200 761 3205 ·

1053 3268 1451 3313 STOBI.

199 3823 250 3850 M.
284 3822 310 3847 A
324 3821 363 3847 ν.
396 3821 423 3847 A
437 3819 467 3846 N
481 3819 504 3845 T
517 3819 542 3845 o
554 3817 583 3844 Ν
597 3817 612 3843 1
624 3816 668 3842 Ν.
699 3817 726 3842 A
741 3816 767 3843 v
779 3817 815 3843 G.
853 3804 986 3859 Caput
998 3802 1191 3858 Elagabali
1206 3802 1428 3842 laureatum.
1548 3851 1557 3859 ·
1799 3849 1806 3859 ι
1894 3847 1903 3855 .

252 3878 290 3905 M
303 3877 328 3902 v
341 3876 370 3901 N
385 3876 412 3901 1.
445 3876 464 3902 s
479 3876 503 3901 r
517 3875 542 3900 o
557 3875 580 3899 Β
590 3874 627 3899 E.
654 3858 910 3912 Municipium
929 3857 1165 3913 Stobenfium.
1206 3855 1375 3899 Diversae
1391 3855 1477 3898 sunt
1494 3850 1725 3908 ep1graphae.
1752 3846 1928 3896 varona
1941 3847 2045 3891 stans
2055 3874 2070 3897 ,
2086 3846 2221 3890 dextra
2232 3862 2299 3891 co-

305 3931 440 3959 ronam
450 3944 463 3964 ,
491 3915 633 3958 sinistra
647 3913 825 3967 palmam.

2088 3957 2294 4007 Stobenses
