2491 4219
208 86 391 184 ’,μ’
852 128 1173 195 JULIA
1278 131 1689 183 MAMAEA.

209 193 274 233 De
290 192 441 234 calatho
456 193 570 249 capiti
587 193 779 248 Serapidis
792 194 974 247 imposito
991 197 1083 249 vide
1099 198 1348 240 Macrobium
1363 201 1509 242 Saturn.
1529 201 1591 243 lib.
1608 217 1640 243 1.
1655 216 1738 256 cap.
1752 213 1814 243 20.
1837 204 1876 243 &
1893 216 1980 258 quae
1997 202 2162 247 diximus
2179 204 2220 247 in
2231 204 2316 263 Do-]
2375 195 2379 198 ’

213 247 374 288 mitiano
390 263 474 305 pag.
496 253 582 302 138.
604 253 642 288 &
658 250 698 289 in
713 252 806 290 Ant.
825 249 896 291 Pio
916 266 1002 307 pag.
1022 266 1035 291 1
1046 257 1110 303 65.

271 325 352 366 Hic
367 341 539 367 nummus
555 328 863 381 minimaeformae
881 331 982 370 inter
1000 331 1159 370 rariores
1174 329 1387 372 collocatur.

266 867 291 893 c
302 867 328 893 o
343 868 366 894 1.
378 868 405 893 o
419 867 449 894 N
462 867 477 893 t
491 867 517 893 A
551 867 574 893 B
584 867 610 892 o
625 866 644 892 s
660 867 684 892 T
697 867 728 894 R
740 867 781 893 A.
822 853 957 908 Caput
972 855 1158 896 muliebre
1179 854 1330 896 calatho
1346 854 1495 911 insigne
1502 882 1515 903 ,
1544 869 1648 911 pone
1662 856 1754 897 illud
1771 859 2027 913 cornucopiae.

269 939 445 980 Bostreni
461 939 606 980 Coloni
626 939 674 980 ab
694 939 804 979 Alex.
821 939 964 981 Severo
979 941 1070 982 facti
1085 969 1096 988 ,
1125 942 1230 983 illum
1248 952 1432 996 tanquam
1448 943 1579 984 Deum
1605 958 1699 997 opes
1719 945 1939 999 largientem
1956 946 2127 986 venerati
2142 946 2247 996 sunt,
2275 951 2318 991 δε
2383 965 2386 968 ’
2408 931 2411 936 Ι
2483 961 2484 969 ’

212 993 281 1035 sub
299 997 480 1049 praecipui
496 996 598 1036 urbis
615 995 687 1035 suae
704 996 871 1035 numinis
889 1023 901 1042 ,
929 997 1121 1051 Serapidis
1138 997 1318 1038 nimirum
1335 997 1463 1054 effigie
1480 1027 1492 1046 ,
1520 999 1783 1040 exhibuerunt.
1823 1000 1955 1054 Juliam
1976 1002 2069 1041 vero
2087 1002 2317 1052 Mamaeam,

212 1049 488 1091 dilectissimam
512 1051 609 1091 illius
635 1062 793 1091 matrem
813 1077 825 1097 ,
853 1051 921 1091 sub
943 1052 1053 1093 Isidis
1076 1053 1243 1109 imagine
1267 1056 1535 1108 repraesentant
1551 1082 1563 1100 ,
1591 1067 1773 1108 tanquam
1792 1057 1981 1111 praecipua
1996 1057 2132 1097 mundi
2147 1060 2318 1102 numina.

213 1105 394 1161 AEgyptii
415 1107 476 1146 illa
499 1107 627 1147 Solem
651 1110 690 1146 &
711 1106 862 1147 Lunam
885 1108 1171 1157 existimaru'nt3
1200 1111 1289 1151 cum
1307 1111 1411 1150 enim
1427 1111 1599 1150 omnium
1620 1111 1732 1164 primi
1749 1124 1899 1152 motum
1916 1112 2170 1166 ordinemque
2189 1115 2320 1156 coeles-

210 1162 311 1201 tium
329 1176 535 1216 corporum
557 1161 765 1217 admirati,-
781 1162 910 1203 Solem
928 1179 972 1204 ac
991 1164 1141 1205 Lunam
1153 1166 1270 1206 -Deos
1286 1177 1481 1220 putarunt.
1509 1167 1734 1208 Macrobius
1750 1167 1906 1222 Serapin
1923 1168 2081 1222 quidem
2100 1170 2229 1210 Solem
2244 1171 2321 1212 effe

215 1217 423 1264 existimat,
452 1217 528 1257 Isin
551 1219 643 1257 vero
663 1218 839 1258 Terram.
860 1240 864 1243 ’
889 1219 960 1259 Ex
979 1219 1061 1267 his,
1089 1221 1238 1276 inquit,
1265 1231 1420 1276 apparet
1445 1222 1601 1277 Sarapis
1617 1221 1664 1266 ὄν
1687 1222 1785 1262 Solis
1801 1236 1914 1264 unam
1932 1222 2236 1267 &individuam
2250 1225 2321 1279 effi

214 1281 404 1312 naturam.
442 1272 508 1324 Jsts
519 1274 667 1329 junfft'a
690 1274 864 1329 religione
889 1275 1125 1324 celebratum
1153 1290 1235 1333 quae
1261 1277 1330 1317 vel
1350 1278 1399 1340 cst
1426 1278 1543 1318 Terra
1560 1306 1572 1326 ,
1600 1279 1669 1319 vel
1689 1278 1848 1319 Natura
1872 1294 1992 1320 rerum
2002 1281 2320 1338 subj'acensSoli.

214 1326 313 1367 Ideo
337 1327 462 1368 forsan
486 1330 732 1383 cornucopiae
756 1344 860 1384 pone
885 1330 993 1371 Isidis
1018 1340 1135 1385 caput
1151 1360 1163 1379 ,
1192 1332 1260 1373 nifi
1278 1333 1381 1374 urbis
1401 1334 1533 1375 Genio
1557 1335 1742 1376 tribuatur
1764 1335 1816 1375 ob
1834 1336 2008 1376 omnium
2025 1337 2209 1378 rerum'in
2224 1351 2320 1393 agro

216 1382 492 1479 Bostrenkorum
515 1385 802 1426 abundantiam.
847 1386 984 1428 Similis
1002 1389 1023 1428 a
1037 1388 1218 1430 Tristano
1235 1400 1330 1430 tom.
1353 1404 1386 1430 2.
1406 1404 1494 1446 pag.
1511 1404 1561 1444 42
1571 1396 1607 1432 6.
1634 1402 1749 1446 typus
1770 1391 1970 1433 exhibetur
1985 1419 1998 1440 ,
2027 1391 2093 1434 sed
2111 1407 2201 1435 cum
2219 1393 2322 1446 varia

211 1450 369 1494 CPIgl‘ap
400 1453 434 1480 C·

268 1516 352 1557 Hic
370 1531 544 1559 nummus
559 1520 708 1560 minimi
724 1520 864 1561 moduli
881 1523 982 1562 inter
998 1537 1102 1563 raros
1120 1522 1334 1579 collacatur.

211 2136 218 2141 ·
274 2130 320 2160 Ν.
353 2130 378 2158 1·
389 2130 430 2158 R.
464 2130 492 2157 A
507 2129 532 2158 t,
542 2129 567 2156 Ε
577 2130 604 2157 x
616 2129 643 2156 A
657 2129 688 2155 N
699 2129 727 2156 ι)
738 2129 796 2157 R'I
808 2130 836 2157 A
849 2129 882 2157 N
895 2130 923 2157 A
934 2131 960 2158 E
994 2131 1017 2159 c
1029 2131 1057 2158 o
1069 2131 1106 2159 L.
1135 2132 1160 2159 B
1171 2132 1197 2159 ο
1211 2131 1230 2159 s
1245 2130 1269 2159 τ
1282 2133 1326 2161 R.
1357 2104 1720 2172 NerviaeTrajanae
1736 2113 2039 2158 Alexandriam
2055 2115 2218 2162 Colonia
2234 2111 2328 2169 30ss

331 2182 413 2214 trae.
453 2173 614 2214 Astarte
637 2172 801 2213 tutulata
826 2172 925 2212 stans
949 2172 989 2212 in
1014 2173 1163 2226 templo
1173 2209 1175 2212 Α
1185 2174 1379 2227 tetrastylo
1390 2201 1403 2220 ,
1431 2174 1565 2214 dextra
1587 2173 1797 2226 scipionem
1807 2198 1821 2218 ‚
1847 2172 1940 2213 laeva
1959 2174 2225 2229 cornucopiae,
2252 2186 2328 2230 pro

330 2229 514 2285 pedibus,
543 2229 633 2269 hinc
650 2232 689 2268 ὃς
709 2227 801 2269 inde
817 2227 1005 2270 Centauri
1021 2228 1221 2269 buccinam
1237 2227 1408 2269 inflantis
1425 2227 1558 2283 figura.

211 2326 222 2332 „
272 2309 446 2349 Bostram
467 2308 615 2347 Arabiae
631 2308 766 2348 urbem
782 2302 941 2347 Nerviae
957 2305 1137 2359 Trajanae
1150 2307 1329 2352 nomina,
1359 2307 1411 2346 ob
1429 2306 1660 2346 beneficium
1679 2307 1700 2345 a
1713 2305 1889 2359 Trajano
1905 2317 2105 2363 acceptum
2116 2335 2129 2356 ,
2156 2307 2329 2363 sumpsis-

214 2364 258 2404 'se
276 2364 392 2418 paulo
413 2364 503 2404 ante
521 2363 705 2410 diximus,
734 2363 876 2417 quibus
895 2361 1186 2403 Alexandrianae
1202 2361 1409 2417 appellatio
1429 2362 1482 2402 ob
1511 2361 1720 2402 Coloniam
1738 2361 1785 2401 ab
1802 2362 2024 2404 Alexandro
2038 2363 2245 2407 deduekam
2261 2363 2329 2404 ad-

212 2421 300 2460 ·dita
326 2420 388 2460 est.
430 2419 578 2460 Astarte
603 2419 667 2460 seu
693 2419 830 2460 Venus
858 2417 914 2458 sui
934 2417 1078 2458 cultum
1096 2418 1239 2458 Bostrae
1255 2417 1418 2464 indicat,
1447 2417 1557 2471 cujus
1575 2417 1763 2471 templum
1780 2417 1925 2474 infigne
1943 2419 2117 2460 Bostreni
2132 2419 2328 2465 exhibent.

219 2476 287 2515 Illa
313 2476 522 2530 scipionem
548 2476 588 2515 in
613 2489 766 2515 crucem
795 2473 1042 2515 efformatum
1059 2474 1175 2528 gerit,
1203 2485 1247 2514 ut
1263 2473 1303 2513 in
1322 2474 1450 2513 nostra
1465 2473 1564 2527 Reg.
1583 2473 1663 2527 Syr.
1683 2471 1783 2512 Hist.
1802 2488 1885 2528 pag.
1909 2488 2001 2528 273.
2021 2474 2329 2529 repraesentatur,

217 2531 314 2573 =laeva
339 2532 604 2585 cornucopiae,
632 2542 676 2571 ut
695 2531 735 2570 in
759 2530 943 2584 superiori
970 2543 1154 2575 nummo,
1182 2529 1231 2569 ad
1257 2529 1433 2569 omnium
1459 2542 1584 2570 rerum
1601 2527 1875 2570 abundantiam
1891 2530 1930 2570 in
1951 2545 2046 2586 agro
2063 2531 2251 2572 Bostreno
2270 2544 2327 2572 at-

221 2588 426 2642 guendam.
457 2587 533 2627 Sed
553 2599 619 2625 cut
635 2586 715 2627 duo
734 2587 921 2626 Centauri
938 2599 1010 2639 pro
1027 2585 1190 2639 pedibus
1205 2585 1394 2632 Astartes‚
1424 2598 1491 2625 eos
1507 2584 1556 2625 ad
1571 2585 1673 2626 urbis
1689 2585 1956 2639 antiquitatem
1972 2586 2033 2627 vel
2050 2586 2328 2642 etymologiam

221 2642 409 2696 spe&are‚
437 2643 548 2682 nobis
574 2642 682 2682 liceat
704 2641 880 2695 suspicari
904 2663 915 2689 ;
945 2641 1167 2681 Damascius
1191 2640 1294 2681 enim
1323 2641 1362 2680 in
1385 2640 1550 2687 Photio‚
1578 2641 1630 2681 de
1657 2640 1878 2682 Alexandro
1894 2642 2080 2697 loquens,
2109 2643 2282 2683 Bostram
2303 2644 2328 2683 a

222 2698 332 2738 bovis
351 2699 466 2738 oestrO
487 2698 627 2737 distam
647 2697 755 2738 fuiffe
774 2697 897 2738 tradit.
928 2699 1040 2736 Anima
1056 2699 1109 2736 vlia>
1127 2700 1162 2734 103
1178 2697 1381 2750 θξυῖλομᾶἰύὶιυ
1392 2726 1402 2740 ,
1430 2703 1454 2751 2¹3
1470 2700 1498 2736 τὲ
1515 2699 1606 2747 ἕιόμοι
1621 2701 1648 2737 ἰς
1665 2701 1770 2738 πόλεως
1786 2703 1824 2738 εἷς
1840 2703 1859 2737 >i
1876 2702 1962 2747 οἶςρον
1978 2703 2005 2738 ¹13
2022 2701 2092 2745 βίος
2107 2701 2323 2747 οἱναλυὸμθνον,

220 2758 348 2800 v'yoe'maz
366 2756 419 2792 aflii}
437 2760 592 2802 αιωὲχεκω
608 2757 635 2792 «θ
653 2757 716 2792 aa&
732 2756 785 2791 τίαὶ
801 2757 835 2790 ιώ
851 2756 968 2797 ’μελαίνης
982 2754 1184 2804 μεθυνομῼύης.
1215 2756 1247 2795 C
1248 2754 1311 2793 itm
1326 2753 1570 2807 intellexiffi’t
1586 2754 1628 2793 Io
1644 2752 1758 2794 toties
1772 2754 2036 2801 decantatam,
2066 2752 2113 2798 ό
2127 2769 2257 2796 nomen
2273 2755 2327 2794 ci-

221 2812 346 2849 vitati
361 2810 407 2850 ab
424 2810 523 2858 oestro
541 2810 648 2849 bovis
663 2809 829 2849 inditum
849 2810 937 2862 effe,
966 2812 1117 2851 amavit
1132 2810 1259 2856 illam,
1283 2819 1434 2863 propter
1449 2812 1625 2863 originem
1637 2837 1647 2856 ‚
1677 2823 1758 2864 quae
1775 2809 1823 2861 est
1836 2810 1882 2849 de
1897 2810 1940 2848 Io
1956 2817 2134 2863 vagante.
2167 2810 2325 2864 Hippo-

221 2866 390 2905 centauri
415 2877 544 2906 autem
570 2864 660 2904 diffi
685 2865 792 2910 sunt,
820 2865 930 2918 quod
955 2867 1066 2920 equis
1093 2864 1321 2911 insidentes,
1350 2865 1466 2905 boves
1485 2865 1604 2905 oestris
1631 2866 1793 2926 agitatos
1814 2865 1969 2905 stimulis
1985 2865 2033 2905 ad
2053 2867 2150 2906 testa
2168 2879 2325 2906 revoca-

222 2932 306 2961 rent
323 2936 330 2959 :
360 2921 413 2960 est
433 2921 535 2960 enim
556 2927 679 2962 κεντεῖν,
699 2919 910 2968 stimulare,
941 2924 979 2960 ὃς
989 2932 1180 2976 pungere„
1199 2921 1328 2961 Urbes
1345 2932 1474 2961 autem
1494 2934 1552 2960 res
1569 2920 1618 2960 ad
1633 2921 1900 2975 antiquitatem
1918 2920 2021 2961 suam
2046 2921 2259 2977 specstantes
2281 2921 2326 2962 in

222 2977 388 3016 nummis
407 2976 553 3031 fignare
573 2975 756 3016 solebant.
1165 2979 1170 2983 ’

278 3054 358 3096 Hic
373 3068 544 3096 nummus
553 3056 687 3110 primae
704 3052 998 3109 magnitudinis,
1025 3054 1067 3092 in
1086 3050 1275 3100 Thesauro
1291 3052 1413 3107 Regio
1426 3079 1438 3099 ,
1465 3054 1614 3093 eximiae
1630 3055 1806 3094 raritatis
1822 3054 1872 3106 cst
1888 3052 1936 3099 ό
1951 3054 2157 3109 elegantiae.

953 3137 1588 3193 DEULTUM.

228 3690 390 3722 IVLIA
422 3687 666 3716 MAMAEA
698 3689 820 3716 Avo.
849 3674 1104 3730 CaputJuliae
1121 3672 1306 3716 Mamaeae.
1806 3708 1809 3711 .
2033 3728 2040 3735 ⁶

283 3750 306 3775 c
319 3749 344 3773 ο
359 3748 394 3773 L.
428 3745 451 3771 F
464 3745 499 3771 L.
531 3743 552 3769 P
567 3744 593 3768 A
605 3745 640 3769 c.
671 3746 697 3771 D
708 3747 731 3771 E
744 3746 769 3771 v
783 3747 808 3772 L
819 3744 857 3770 T.
888 3731 1042 3770 Colonia
1064 3730 1206 3771 Flavia
1229 3729 1411 3782 ‘Pacensis
1433 3728 1652 3770 ‘Deultana
1695 3729 1820 3770 Diana
1847 3727 2060 3770 Venatricis
2085 3728 2218 3773 habitu
2233 3747 2317 3789 gra-

339 3788 467 3833 diens,
495 3784 613 3826 telum
633 3786 653 3824 ὲ
669 3786 843 3839 pharetra
859 3786 1073 3841 depromit,
1101 3787 1195 3827 laeva
1213 3799 1364 3833 arcum,
1393 3799 1465 3841 pro
1482 3785 1646 3841 pedibus
1666 3786 1769 3825 canis
1785 3785 1987 3825 venaticus.

285 3866 468 3906 Deultani
483 3863 658 3904 Thraciae
675 3864 839 3910 Coloni,
867 3876 909 3905 ut
923 3879 1105 3905 nummos
1118 3864 1227 3905 Alex.
1245 3865 1388 3905 Severo
1400 3891 1412 3911 ,
1440 3865 1494 3904 ita
1509 3863 1685 3904 Mamaeae
1701 3861 1945 3921 dedicarunt,
1975 3864 2137 3919 Augusti
2156 3877 2314 3908 matrem

226 3923 293 3964 sibi
310 3921 510 3963 conciliare
525 3919 741 3965 studentes,
767 3919 876 3971 cujus
894 3921 1052 3962 conlilio
1073 3920 1204 3961 omnia
1221 3919 1479 3962 administrare
1506 3930 1714 3966 noverant,
1743 3931 1786 3960 ut
1809 3918 2055 3973 adstipulatur
2070 3920 2314 3978 Lampridius

2266 3975 2315 4021 in

2472 3165 2473 3173 ,

2459 3235 2462 3250 2
2483 3243 2491 3255 ι.

2452 3259 2473 3286 ,μὶ

2488 3382 2491 3389 .

2473 3455 2491 3483 ιι·

2472 3486 2484 3514 ,Ι

2481 3760 2485 3769 «
