2491 4219
238 129 355 237 {ger}
365 175 574 239 filio⁴Getae
590 175 745 230 Imperii
760 111 970 237 haejdibz}
985 109 1198 237 insta-²¹13>-
1222 172 1304 217 &a
1333 111 1657 238 gbserffandfest
1673 109 1738 219 lixo
1752 189 1788 217 M
1799 189 1814 216 1
1825 189 1858 217 N
1870 190 1886 218 1
1899 179 2129 234 appellatio,
2156 194 2245 236 quae
2258 196 2353 237 prae-
2407 192 2422 230 ¹„-

235 246 410 273 -nommis
429 247 532 278 vice,
560 235 600 271 δε
616 245 688 285 pro
707 230 853 285 vulgari
876 231 1120 284 Imperator-ts
1139 229 1332 270 vocabulo
1345 246 1386 271 in
1402 232 1479 273 hoc
1497 247 1660 274 nummo
1689 233 1908 288 usurpatur..
1939 235 2019 275 Hic
2045 235 2176 277 titulus
2201 238 2222 277 a
2248 239 2350 281 Caio
2415 250 2422 276 ε

241 288 441 348 vulgatus,
468 288 559 341 qui,
574 299 630 348 'u't
647 287 698 326 ait
717 287 888 347 eruditus
904 283 1257 345 Spanhemiusdiss‘.
1270 287 1318 325 .8.
1337 299 1422 340 pag.
1447 301 1540 338 729.
1570 290 1788 330 Dominum
1796 288 1843 340 β’
1862 289 1939 329 dici
1958 298 2204 339 tentaverat,
2233 307 2352 347 quem

231 353 443 383 ‘renovavit
462 344 730 388 Domitianus,
759 341 849 380 hcet
866 353 993 381 tamen
1011 354 1049 378 in
1068 339 1225 392 publico
1243 353 1314 379 aere
1331 354 1531 393 nunquam
1550 343 1627 384 hoc
1646 345 1759 386 titulo
1776 344 1994 400 designatus
2021 345 2065 386 fit
2082 366 2093 392 3
2122 349 2198 401 qua
2221 348 2351 390 adula-

240 399 349 459 tione
369 397 620 457 Neapolitani
638 396 842 436 Palaestinae
864 409 952 449 erga
969 394 1168 448 Philippos
1192 405 1340 448 patrem
1356 398 1395 434 &
1416 396 1536 437 filium
1551 400 1684 453 postea
1709 400 1765 441 usi
1790 399 1877 442 sunt
1896 416 1903 441 :
1930 401 2012 442 haec
2038 413 2170 445 autem
2186 404 2351 459 appella.

241 463 299 494 tio
317 453 384 493 sub
404 453 612 492 Aureliano
632 452 774 492 Roma:
790 450 947 491 tandem
964 461 1118 503 recepta
1135 448 1200 489 est.

298 531 382 571 Hic
398 544 573 572 nummus
582 531 720 584 primae
735 526 1013 584 magnitudinis
1022 554 1034 574 ‚
1063 529 1212 567 eximiae
1228 528 1409 569 raritatis
1423 528 1473 583 est
1488 526 1537 574 ὠ
1551 530 1759 585 elegantiae,

920 631 1435 674 CARTHAGO
1500 634 1662 690 Δίῃ-ωε.

243 1297 285 1334 ι.
319 1306 338 1332 s
351 1306 375 1331 r,
390 1306 411 1332 P
424 1305 462 1332 T.
494 1304 521 1332 G
533 1305 556 1332 ε
570 1305 594 1332 r
608 1305 650 1331 A.
683 1306 707 1332 e
720 1305 744 1333 A
760 1305 782 1331 E
795 1304 826 1331 s.
855 1289 990 1345 Caput
1008 1286 1122 1331 Getae
1141 1289 1221 1331 fine
1235 1285 1375 1330 laurea,

303 1363 337 1388 c.
371 1362 398 1388 1.
429 1363 463 1388 c.
496 1362 538 1387 A.
568 1362 604 1388 ι),
618 1362 652 1387 n.
683 1347 839 1387 Colonia
856 1345 975 1398 Julia
992 1347 1187 1401 Carthago
1205 1347 1385 1401 Antiqua
1401 1342 1575 1384 Decreta
1589 1342 1869 1386 ‘Decurionum
1906 1341 2049 1400 Figura
2072 1343 2189 1386 virilis
2202 1327 2361 1389 barbam.

358 1406 398 1443 &
417 1403 541 1449 nuda,
572 1415 735 1457 utraque
754 1402 1013 1456 cornucopiae.

301 1481 402 1522 Haec
421 1496 491 1536 per
505 1482 646 1522 litteras
661 1482 823 1522 initiales
838 1480 1068 1538 epigraphe,
1095 1481 1118 1520 ὲ
1135 1479 1375 1534 Carthagine
1392 1478 1590 1532 usurpata,
1618 1478 1657 1518 in
1684 1478 1824 1519 Africae
1847 1478 2027 1519 Coloniis
2052 1478 2150 1533 soepe
2173 1481 2362 1529 occurrit,

246 1553 321 1593 pro
351 1552 459 1578 more
483 1537 588 1592 apud
617 1551 682 1577 eas
699 1549 867 1591 recepto.
899 1536 1221 1592 Carthaginenses
1238 1535 1482 1589 indulgenter
1499 1534 1620 1574 habiti
1641 1534 1726 1575 sunt
1743 1535 1765 1574 ἒι
1785 1535 1928 1575 Severo
1947 1548 1996 1575 ex
2011 1534 2143 1575 Africa
2159 1535 2328 1577 oriundo
2349 1556 2363 1584 3

247 1593 355 1634 unde
379 1594 449 1648 ipsi
477 1598 517 1633 ὃς
545 1592 753 1633 Caracallae
781 1592 929 1632 nummi
959 1592 1101 1632 Romae
1131 1590 1265 1646 signati
1291 1601 1500 1630 occurrunt
1522 1616 1535 1637 ‚
1573 1602 1661 1631 cum
1688 1589 1932 1644 inscriptione
1962 1603 2057 1630 IND
2071 1603 2097 1629 v
2111 1604 2210 1631 LGE
2224 1604 2364 1632 NTIA
2422 1617 2426 1622 ·

250 1664 279 1691 A
292 1664 318 1689 v
331 1663 356 1689 G
370 1663 410 1689 G.
442 1663 457 1689 1
469 1662 499 1688 N
533 1663 556 1689 c
570 1663 596 1688 A
611 1663 642 1689 R
655 1663 678 1687 τ
691 1663 730 1689 Η.
760 1647 975 1689 Verisimile
990 1648 1045 1688 est
1062 1646 1163 1701 ipsos
1179 1646 1357 1687 Colonos
1373 1645 1648 1687 beneficiorum
1665 1659 1856 1686 memores
1871 1646 2000 1687 Severi
2014 1645 2166 1686 familiae
2181 1660 2366 1689 nummos

246 1704 439 1759 ejusmodi
454 1703 619 1750 cudisse,
647 1718 817 1758 quorum
840 1704 1025 1744 ha&enus
1046 1703 1109 1743 hic
1133 1703 1233 1743 solus
1256 1703 1370 1743 Getae
1388 1702 1500 1742 nobis
1518 1701 1695 1756 superest.
1727 1701 1869 1756 Figura
1894 1702 1956 1742 illa
1971 1702 2087 1742 virilis
2105 1701 2208 1742 nuda
2225 1705 2264 1741 &
2283 1702 2366 1744 bar-

249 1763 358 1807 bata,
385 1762 571 1802 ambabus
590 1762 838 1815 cornucopiae
855 1773 1013 1815 gerens,
1042 1759 1223 1800 Herculis
1242 1758 1317 1799 effe
1332 1757 1508 1804 videtur,
1536 1757 1646 1810 cujus
1670 1757 1815 1798 cultum
1844 1757 2166 1813 Carthaginenses
2192 1758 2213 1797 a
2236 1757 2368 1813 Tyriis

249 1817 517 1858 conditoribus
533 1829 776 1870 acceperunt.
807 1816 998 1856 Hercules
1021 1829 1110 1855 cum
1135 1815 1314 1855 Acheloo
1330 1814 1491 1854 certavit
1507 1827 1580 1867 pro
1601 1813 1807 1866 Dejanira,
1835 1812 1899 1853 sed
1924 1813 1988 1853 hic
2003 1813 2140 1854 videns
2155 1812 2366 1857 Herculem

250 1873 451 1915 fortiorem
471 1872 508 1913 se
524 1873 637 1913 vertit
654 1874 693 1912 in
711 1885 860 1913 taurum
874 1899 886 1919 ‚
916 1872 979 1911 cui
996 1871 1188 1912 Hercules
1204 1870 1419 1925 amputavit
1433 1882 1553 1912 cornu
1573 1869 1684 1923 quod
1694 1869 1855 1923 Copiae,
1884 1868 2018 1909 comiti
2033 1868 2216 1910 Fortunae
2232 1869 2366 1912 datum

250 1930 317 1971 est.
346 1930 485 1985 Itaque
501 1927 690 1971 Hercules
706 1928 802 1969 illud
822 1927 1009 1969 ambabus
1025 1927 1149 1984 gerit,
1177 1939 1360 1981 tanquam
1381 1924 1611 1980 trophaeum.
1637 1924 1702 1966 De
1717 1939 1801 1979 quo
1818 1924 1989 1968 Ovidius
2005 1925 2169 1969 Metam.
2186 1938 2226 1975 9.

1081 1982 1368 2038 Rtgidumfira
1380 1981 1541 2021 dextera
1558 1994 1673 2021 cornu

693 2040 811 2081 ‘Dum
830 2049 956 2088 tenet,
982 2039 1164 2094 infregit,
1191 2038 1395 2094 tunicdque
1409 2036 1574 2091 dftonte
1589 2035 1752 2079 revellit.

692 2096 873 2137 Naiades
888 2098 958 2137 hoc
968 2121 980 2141 ,
1000 2096 1126 2149 pomis
1143 2092 1192 2138 ὠ
1210 2093 1317 2134 odoro
1323 2093 1422 2145 flore
1439 2092 1623 2146 repletum

693 2151 906 2193 Sacrarunt
914 2179 928 2199 ,
954 2150 1137 2204 divesque
1151 2163 1229 2188 meo
1246 2149 1342 2189 bona
1361 2149 1467 2202 copia
1484 2161 1598 2188 cornu
1614 2147 1674 2200 cst.

307 2233 391 2277 Hic
409 2246 581 2275 nummus
598 2233 746 2275 minimi
759 2230 921 2279 moduli,
947 2228 1152 2281 rarffmus
1168 2225 1230 2279 est.

1025 2320 1595 2373 CORINTHUS.

260 2975 293 3001 P.
327 2970 467 3000 supr.
501 2967 657 2996 GETA.
690 2964 825 2992 emas
843 2965 926 2991 AR.
956 2949 1090 3004 Caput
1110 2949 1224 2990 Getae
1241 2946 1401 2987 nudum.

316 3034 354 3060 c.
382 3017 431 3055 ἰ.
470 3027 499 3053 1.
540 3023 655 3052 corz.
713 3007 869 3048 Colonia
894 3006 1006 3046 Laus
1029 3004 1147 3057 Julia
1174 3003 1396 3044 Corinthus.
1454 3000 1646 3041 Hercules
1667 3000 1789 3048 stans,
1824 2999 1935 3042 axilla
1959 2999 2074 3042 clavae
2100 2999 2289 3055 impofitae
2313 3001 2372 3045 ini

370 3069 468 3112 nixi.

315 3147 514 3193 Corinthii
537 3143 707 3187 eundem
735 3141 916 3182 Herculis
943 3152 1080 3195 typum
1108 3140 1222 3180 Getae
1250 3138 1443 3184 offerunt,
1471 3148 1588 3190 quem
1614 3135 1713 3189 patri
1730 3137 1769 3175 &
1792 3133 1996 3174 Caracalla:
2012 3133 2117 3175 fratri
2133 3135 2373 3179 dicaverunt}

261 3207 453 3249 Hercules
484 3207 523 3243 &
549 3201 724 3242 Bacchus
750 3199 814 3238 Dii
841 3208 969 3243 erant,
997 3197 1127 3237 Severi
1153 3194 1349 3248 auspices:
1378 3194 1438 3234 his
1457 3191 1645 3246 templum
1662 3191 1804 3232 Romae
1822 3187 2212 3231 munificentissimum
2231 3192 2371 3240 erexit,

262 3264 356 3305 teste
378 3263 508 3301 Dione
525 3259 563 3298 in
580 3258 663 3311 ejus
683 3256 770 3296 vita.
803 3253 848 3294 In
866 3254 1032 3293 nummis
1049 3250 1254 3293 Caracallae
1272 3254 1310 3290 &
1326 3250 1441 3290 Getae
1460 3262 1492 3288 s.
1512 3262 1548 3287 c.
1566 3245 1745 3302 percuffls
1762 3245 1831 3300 ipfi
1848 3245 2028 3286 dicuntur
2045 3260 2071 3286 o
2082 3260 2097 3286 1
2108 3261 2124 3287 1
2154 3259 2176 3286 Ρ
2189 3261 2215 3286 A
2227 3261 2252 3286 τ
2263 3260 2293 3287 R
2305 3261 2319 3286 1
2330 3261 2346 3287 1
2356 3273 2376 3293 ‚,

263 3320 334 3373 qui
351 3317 483 3370 pietati
499 3314 663 3369 praesunt
680 3324 832 3366 patrum
850 3311 889 3349 in
905 3309 1066 3354 liberos,
1096 3312 1134 3348 &
1158 3307 1364 3348 liberorum
1390 3306 1429 3345 in
1455 3315 1643 3359 parentes.
1680 3302 1748 3344 Dii
1764 3312 1939 3356 patrum,
1968 3301 2140 3350 familiae,
2167 3303 2373 3357 &generis

264 3373 443 3431 praefides
460 3372 567 3415 sunt„
586 3368 720 3423 Virgil.
740 3365 898 3406 AEneid.

706 3434 789 3475 Dii
808 3434 947 3474 Patrii
949 3432 1112 3485 servate
1129 3430 1297 3477 domum,
1312 3430 1476 3481 ftrvate
1483 3435 1673 3482 parentes.

266 3504 481 3548 Herculem
501 3505 615 3544 etiam
634 3501 916 3543 venerabantur
938 3498 1159 3544 Corinthii,
1186 3496 1296 3550 cujus
1312 3496 1393 3536 duo
1410 3496 1448 3536 in
1470 3494 1564 3535 urbe
1586 3493 1691 3548 figna
1708 3502 1895 3533 memorat
1910 3490 2132 3538 Pausanias,
2158 3489 2374 3544 unumquiss

268 3564 358 3604 dem
380 3561 548 3613 ligneum
575 3562 595 3599 Ξι
620 3559 780 3598 Daedalo
805 3556 949 3596 factum
968 3556 1077 3608 juxta
1105 3554 1291 3593 Minervae
1308 3551 1544 3592 Fraenatricis
1566 3550 1759 3590 theatrum
1780 3564 1788 3588 ε
1817 3547 1979 3588 alterum
1996 3547 2090 3589 vcro
2110 3559 2259 3591 aeneum
2274 3548 2373 3591 ultra

268 3616 487 3672 Propylaea,
518 3614 567 3653 ad
586 3614 791 3654 dexteram.
821 3612 1010 3652 Hercules
1026 3610 1159 3651 insistit
1181 3608 1316 3656 clame,
1344 3607 1432 3663 post
1446 3605 1658 3649 exantlatos
1678 3603 1859 3664 nimirum
1875 3603 2033 3658 labores.

325 3701 408 3749 Hic
425 3718 596 3747 nummus
602 3703 780 3757 fecundae
798 3702 845 3750 ἔγ
865 3704 1171 3758 mimmaeformae
1180 3728 1193 3752 ‚
1215 3713 1285 3759 pro
1300 3714 1384 3744 raro
1400 3698 1602 3757 hqbqndus.
