2574 4214
290 211 383 259 140
831 201 1866 256 DO*MIT1A'NUS.

340 267 552 329 Neptunus
569 273 613 310 ut
627 266 785 311 tutelare
803 270 986 313 Corinthi
1004 286 1149 314 numen
1162 273 1204 315 in
1221 286 1356 315 eorum
1374 275 1542 316 nummis
1557 274 1757 317 exhibetur
1773 295 1786 323 ς
1814 275 1855 316 in
1875 273 1952 315 hoc
1966 271 2040 315 Ino
2060 271 2299 319 Athamantis
2311 274 2370 318 in-

285 322 375 365 felix
395 337 511 373 uxor,
538 325 635 366 ulnis
653 335 785 366 natum
799 327 971 382 gestans,
999 332 1040 368 &
1054 342 1174 384 opem
1191 328 1372 384 Neptuni
1390 331 1611 386 implorans.
1643 330 1708 371 Ad
1719 344 1809 372 rem.
1837 329 1971 376 Naso,
1994 343 2033 382 4.
2049 329 2213 373 Metam.

930 395 1138 451 Sparfifque
1145 397 1260 451 fugit
1273 398 1372 438 male*
1379 398 1483 450 sizna
1500 397 1667 453 capillis,

721 447 847 508 Teque
850 451 984 505 ferens
992 463 1163 506 parvum
1181 451 1314 498 nudis,
1341 452 1568 500 Melicerta,
1593 452 1762 495 lacertis.

363 502 437 554 Et,
462 506 593 561 paucis
611 506 843 561 interjeffis:

717 562 896 602 Imminet
911 560 1323 619 aequoribusfiopulu53
1341 571 1437 617 pars
1452 563 1529 602 ima
1544 571 1709 603 cavatur

718 616 915 658 Fluctibus
927 644 938 664 ‚
966 615 1014 660 ὅ]
1029 617 1154 657 tectas
1171 616 1342 670 defendit
1359 619 1410 657 ab
1428 617 1608 658 imbribus
1627 618 1771 666 undas3

719 671 871 713 Summa
889 674 1033 726 rigent,
1047 671 1293 728 frontemque
1311 675 1352 713 in
1365 682 1535 728 apertum
1547 675 1707 728 porrigit
1726 687 1847 730 aequor
1863 689 1877 713 .-

717 729 890 782 Occnpat
908 728 1009 766 hunc
1032 727 1157 781 (vires
1176 727 1508 783 insaniafecerat)
1532 729 1626 775 Ino,

716 782 836 838 Seque
842 782 957 838 snper
966 792 1144 837 pontum,
1172 783 1272 824 nullo
1289 784 1470 826 tardante
1483 786 1637 832 timore,

713 838 853 879 Mittit
866 865 877 886 ,
905 838 1067 894 onusque
1078 839 1207 891 ficum.

325 900 514 958 Scopulus
532 907 613 954 ille,
642 907 698 949 uti
717 908 861 950 dietum
875 935 885 955 ‚
912 919 1020 962 petra
1041 908 1206 949 Moluris
1223 907 1276 947 est
1293 934 1306 954 ,
1331 908 1440 961 juxta
1463 908 1704 957 Pausaniam,
1731 923 1816 965 pag.
1839 910 1902 960 87.
1931 907 2000 962 qui
2022 912 2061 949 δε
2079 908 2130 950 ibi
2155 908 2366 963 delphinis,

271 954 518 1056 1{elleh-certam
542 963 767 1018 excipientis
783 991 796 1012 ,
823 964 1027 1011 meminit·,
1062 975 1199 1019 praeter
1218 962 1414 1004 Nonnum
1430 991 1443 1012 ,
1476 978 1539 1006 10.
1555 965 1775 1021 Dionyfiac.
1801 970 1840 1006 &
1860 965 2072 1006 Lucianum
2089 992 2102 1013 ,
2137 966 2177 1008 in
2208 965 2369 1020 dialogis

323 1029 446 1058 armis.

323 1093 409 1137 Hic
424 1109 598 1138 nummus
613 1123 627 1145 ,
656 1098 813 1156 mqjoris
829 1097 968 1140 moduli
982 1125 995 1146 ,
1009 1091 1218 1154 singularis
1233 1097 1284 1151 est
1299 1097 1508 1154 elegantiae.

260 1759 373 1788 tur.
406 1760 429 1788 c
444 1760 471 1787 A
484 1760 508 1787 u
523 1760 553 1786 s.
585 1759 649 1787 no
662 1759 699 1786 M
713 1759 729 1786 1
742 1760 766 1786 1·
779 1758 794 1787 1
808 1761 834 1786 A
848 1759 878 1787 N
891 1759 949 1787 vs
983 1760 1010 1786 A
1025 1760 1052 1787 v
1065 1759 1105 1786 G.
1136 1760 1164 1787 G
1177 1760 1201 1786 E
1214 1758 1424 1788 RM.1·.P.
1467 1746 1602 1800 Caput
1619 1745 1835 1787 Domitiani
1852 1745 2072 1788 laureatum.

315 1818 352 1843 c.
382 1817 421 1843 L.
453 1816 479 1842 1.
511 1817 534 1842 c
544 1816 622 1841 ou.
654 1816 676 1841 P
688 1815 712 1841 Ε
727 1816 757 1842 R
769 1815 818 1842 M.
849 1816 865 1843 1
876 1815 912 1841 M
925 1815 956 1841 Ρ.
994 1802 1151 1843 Colonia
1166 1802 1278 1843 Laus·
1289 1801 1406 1855 Julia
1420 1802 1648 1850 Corinthus,
1668 1801 1844 1858 permiffu
1862 1802 2117 1857 Imperatoris.
2154 1801 2369 1857 Imperator

369 1857 410 1896 in
427 1856 622 1912 quadrigis
633 1882 646 1902 ,
675 1855 810 1898 dextra
826 1871 976 1897 ramum
997 1857 1092 1898 oleae
1103 1885 1116 1904 ,
1146 1856 1288 1898 finistra
1303 1857 1494 1914 sceptrum
1511 1859 1620 1913 gerit.

312 1933 510 1976 Corinthii
533 1933 801 1976 Domitianum
826 1934 1131 1990 triumphantem
1152 1936 1194 1976 in
1218 1936 1386 1977 nummis
1412 1935 1675 1991 percusserunt
1691 1962 1705 1983 ,
1731 1935 1782 1976 ad
1803 1936 2059 1977 imitationem
2082 1934 2243 1976 Senatus
2257 1960 2271 1983 ‚
2297 1934 2367 1999 'qui

257 1990 449 2046 ejusmodi
475 2004 658 2031 nummos
681 1990 734 2031 ob
759 1990 859 2032 duos
880 1991 1098 2048 triumphos
1121 1992 1190 2047 ipfi
1215 1992 1394 2033 decretos
1413 1992 1586 2047 signavit.
1623 1991 1782 2033 Illorum
1803 1991 1976 2032 meminit
1995 1990 2201 2032 Suetonius
2223 1991 2262 2031 in
2283 2001 2368 2046 ejus

255 2048 336 2088 vita
353 2062 436 2102 cap.
452 2052 488 2088 6.
517 2046 590 2087 De
606 2048 739 2088 Cattis
756 2047 959 2103 Dacisque
969 2047 1051 2101 post
1066 2050 1181 2089 varia
1191 2048 1327 2102 praelia
1343 2047 1528 2102 duplicem
1544 2046 1776 2101 triumphum
1790 2049 1878 2103 egit.
1914 2046 1982 2087 Ad
1999 2059 2116 2101 quem
2133 2059 2265 2087 eorum
2282 2053 2367 2102 per⁴

255 2104 378 2146 tineat
393 2103 458 2144 hic
472 2116 653 2144 nummus
666 2128 678 2148 ,
706 2103 895 2143 incertum
911 2103 967 2143 est
984 2118 993 2142 :
1024 2102 1163 2143 Romae
1178 2105 1273 2143 vero
1289 2102 1451 2156 percussi
1468 2104 1636 2155 priorem
1652 2103 1692 2142 in
1710 2102 1793 2156 ejus
1809 2101 2024 2143 Consulatu
2039 2115 2085 2141 XI
2095 2133 2103 2140 .
2117 2114 2221 2142 anno
2236 2102 2364 2158 Impeh

255 2159 302 2202 rii
323 2172 355 2212 5.
377 2159 433 2200 U.
447 2159 497 2200 C.
519 2161 610 2213 839.
635 2157 797 2199 alterum
816 2158 857 2198 in
872 2171 934 2200 xv.
955 2157 1192 2206 Consulatu,
1210 2157 1370 2212 Imperii
1387 2171 1426 2208 9.
1449 2157 1505 2198 U.
1519 2158 1568 2198 C.
1591 2160 1681 2211 843.
1702 2156 1896 2214 affignant.

307 2237 396 2335 {iic
419 2251 592 2349 nussmus
604 2238 744 2296 primae
764 2233 813 2284 ὁ
820 2235 1001 2291 secunda
1011 2236 1155 2293 formae
1177 2235 1380 2291 rariffimus
1401 2234 1453 2292 est
1466 2261 1480 2285 ,
1495 2234 1677 2290 ficundae
1700 2236 1727 2278 a*
1744 2235 1894 2279 Patino
1915 2237 1958 2280 in
1977 2234 2153 2279 Suetonio
2164 2246 2256 2293 pag.
2268 2241 2365 2292 4313

257 2307 312 2338 vu
319 2303 442 2351 gatus
463 2309 484 2335 e
514 2325 522 2336 .

252 2843 360 2873 1MP.
391 2841 491 2868 CAE
506 2842 536 2867 s.
570 2838 936 2867 noM11-1Ast
968 2837 1090 2866 avo.
1122 2836 1286 2865 GERM.
1323 2824 1459 2877 Caput
1475 2819 1691 2862 Domitiani
1709 2820 1926 2861 laureatum.

307 2899 367 2927 co
378 2898 414 2925 L.
446 2896 462 2922 1
474 2896 500 2922 v
514 2897 552 2922 L.
583 2896 608 2924 Ρ
620 2897 645 2922 L
661 2896 688 2921 A
701 2895 727 2920 v
741 2895 757 2920 1
773 2895 812 2922 A.
847 2895 873 2920 A
888 2895 915 2921 v
928 2894 969 2921 G.
1002 2895 1025 2921 c
1037 2895 1062 2919 o
1077 2894 1119 2920 R.
1157 2879 1315 2919 Colonia
1333 2877 1453 2930 Julia
1470 2876 1613 2918 Flavia
1627 2875 1802 2930 Augusta
1822 2873 2041 2916 Corinthus.
2074 2873 2289 2933 Neptunus
2305 2878 2360 2920 sea

360 2938 479 2984 dens,
509 2936 643 2977 dextra
663 2935 911 2990 delphinum,
943 2934 1009 2975 fin.
1032 2935 1248 2976 tridentem.

305 3016 526 3059 Corinthus
543 3015 714 3069 plurimis
737 3014 760 3053 ii
785 3013 1011 3054 Domitiano
1033 3011 1208 3053 adstrit‘ta
1231 3006 1424 3051 beneficiis
1437 3035 1449 3055 ,
1475 3009 1666 3064 affumpto
1685 3005 1834 3050 Flavia·
1854 3008 2088 3065 cognomine
2104 3035 2118 3059 ,
2140 3004 2266 3066 Juliae
2283 3021 2356 3054 noa

254 3086 342 3114 men
359 3101 371 3120 ,
400 3071 511 3128 quod
532 3070 671 3125 aJulio
689 3068 867 3109 Coloniae
892 3068 1100 3108 fundatore
1122 3076 1320 3120 acceperat
1338 3091 1351 3112 ,
1380 3064 1556 3115 adjunxit
1572 3091 1585 3111 ‚
1612 3063 1741 3118 ficque
1759 3063 1914 3105 Colonia
1932 3063 2074 3105 Flavia
2093 3066 2267 3122 Augusta
2286 3069 2356 3109 Co-

251 3128 403 3167 rinthus
418 3139 555 3168 vocata
573 3126 640 3166 est.
684 3125 825 3179 Figura
844 3123 979 3164 sedens
996 3123 1035 3163 in
1053 3120 1180 3162 aversa
1196 3131 1304 3174 parte
1320 3147 1332 3166 ,
1360 3119 1574 3173 Neptunus
1590 3119 1646 3160 est
1662 3146 1673 3166 ,
1701 3119 1893 3160 Tutelaris
1911 3120 2093 3161 Corinthi
2112 3122 2245 3169 Deus,
2271 3133 2353 3165 non

255 3194 382 3222 autem
397 3181 550 3237 Jupiter
567 3209 579 3228 ‚
615 3191 658 3221 ut
684 3180 801 3220 Com.
830 3177 1111 3219 Mediobarbus
1133 3190 1219 3231 pag.
1242 3189 1330 3228 140.
1357 3174 1484 3217 refert.
1529 3175 1748 3230 Delphinus
1776 3189 1893 3229 quem
1920 3175 2012 3216 laeva
2060 3177 2128 3218 erit
2145 3203 2157 3225 ,
2183 3177 2352 3220 solemne

253 3236 433 3291 Neptuni
451 3236 666 3292 symbolum
683 3236 763 3282 est,
792 3233 843 3275 de
866 3249 950 3289 quo
973 3233 1155 3289 Hyginus
1174 3232 1284 3274 Po'e’t.
1303 3231 1455 3273 Astron.
1475 3231 1537 3272 lib.
1561 3245 1596 3272 2.
1623 3231 1710 3288 Qi
1731 3229 1914 3285 Neptuno
1916 3230 2016 3283 fimu
2031 3233 2351 3288 acrumfhciunt,

252 3292 467 3347 delphinum
483 3302 551 3334 aut
571 3295 612 3333 in
631 3306 744 3332 manu
758 3318 769 3338 ,
796 3298 866 3330 aut
874 3290 952 3343 fich
962 3290 1058 3343 pede
1073 3290 1156 3343 ejus
1174 3289 1391 3342 constituere
1409 3288 1584 3327 videmus
1596 3307 1610 3334 3
1633 3286 1735 3342 quod
1747 3285 1928 3340 Neptuno
1936 3286 2188 3340 gratifflmum
2206 3287 2274 3341 effe
2291 3304 2352 3330 ar·

253 3349 455 3390 bitrantm.
495 3350 588 3402 Qa
602 3349 696 3389 vero
713 3348 763 3388 de
779 3345 889 3387 causa
900 3345 1119 3401 Delphinus
1133 3344 1231 3386 inter
1245 3344 1340 3385 astra
1354 3343 1399 3384 sit
1414 3343 1622 3385 collocatus
1633 3367 1646 3390 ,
1673 3342 1944 3383 Eratosthenes
1959 3342 2064 3397 apud
2081 3344 2248 3384 eundem
2263 3345 2350 3399 Hy-

254 3405 389 3462 ginum
409 3417 540 3445 narrat.

310 3481 395 3524 Hic
411 3494 579 3522 nummus
598 3484 747 3524 minimi
761 3479 902 3522 moduli
915 3481 1015 3521 inter
1031 3477 1229 3530 rariffi'mos
1242 3477 1501 3519 numerandus.
