2491 4219
240 164 334 213 ,ει
779 164 1363 218 rH1L11³1>us
1442 171 1865 237 SEN10R3

244 805 259 832 1
270 803 305 831 M
320 804 355 830 Ρ.
388 804 438 830 M.
469 803 484 829 1
497 803 523 830 v
535 802 571 830 1,-
605 803 626 829 p
639 804 666 829 H
678 802 693 828 1
706 803 731 829 L
744 802 759 828 1
770 803 791 830 p
806 802 827 828 Ρ
839 803 866 827 ν
879 802 913 829 s.
945 803 972 829 A
987 803 1014 830 v
1026 804 1063 831 e.
1100 790 1234 842 Caput
1249 787 1418 843 Philippi
1435 787 1659 829 laureatum.

297 861 321 888 c
333 860 508 956 otgstgiylg
518 860 554 886 M
567 860 606 886 A.
636 858 673 886 M
686 860 710 885 E
724 859 747 886 T
761 860 802 887 R.
833 845 987 887 Colonia
1005 846 1228 900 Damascus
1243 844 1477 900 Metropolis.
1517 845 1652 899 Caput
1670 842 1854 885 muliebre
1873 843 2050 886 turritum
2063 844 2103 885 in
2123 846 2271 903 templo
2287 849 2343 900 teg>

298 980 434 1035 Caput
452 979 545 1042 illud
564 979 748 1021 muliebre
765 1007 778 1027 ,
805 979 956 1021 Genius
978 980 1032 1021 est
1052 979 1177 1026 urbis,
1205 978 1370 1021 turribus
1390 990 1546 1021 ornatur
1563 989 1746 1033 tanquam
1764 978 1890 1033 ampla
1907 979 2038 1021 civitas
2058 981 2175 1021 muris
2195 981 2344 1029 cinsta5

241 1037 283 1074 &
299 1035 534 1104 Metropolis
553 1036 777 1098 provinciae,
804 1035 866 1076 illa
884 1036 976 1077 olim
997 1036 1084 1077 suos
1101 1036 1233 1091 Reges
1254 1035 1427 1076 habebat.
1466 1034 1630 1076 Adadus
1645 1046 1774 1076 autem
1791 1034 1953 1076 Davidis
1968 1047 2142 1090 tempore
2160 1036 2250 1078 Rex
2262 1037 2343 1078 Da-

244 1091 359 1155 masci
374 1091 575 1146 ajosepho
590 1094 720 1147 Antiq.
736 1105 771 1140 7.
782 1106 862 1147 cap.
873 1097 908 1133 6.
928 1091 1168 1147 perhibetur,
1189 1091 1298 1146 cujus
1314 1091 1455 1146 posteri
1471 1091 1521 1132 ad
1539 1090 1727 1132 decimam
1740 1090 1860 1146 usque
1875 1092 2164 1147 generationem
2180 1105 2344 1147 regnum

243 1147 505 1215 Pbtl‘nuerunt.
524 1152 646 1213 'Ans‘ozce
665 1152 684 1198 {3
708 1154 722 1187 ὁ
745 1156 897 1197 Aequana}
917 1151 965 1198 χρὴ
983 1151 1074 1199 Σύρων
1089 1151 1239 1196 fixo-indic
1255 1155 1399 1195 A8oe8&.
1411 1175 1438 1186 ..
1449 1175 1475 1186 ..
1499 1151 1742 1194 πλώτήο-ιωτζφ
1759 1152 1798 1194 ‘st'
1811 1148 1926 1190 dudm,
1945 1148 2077 1196 Σπὸγὶνοι
2093 1153 2140 1186 ἐπὶ
2155 1152 2230 1186 δέκα
2243 1150 2344 1196 ,quide

245 1203 418 1257 εζοιο-ιλῴον
432 1225 443 1242 ‚
479 1207 568 1240 ἐκοιςκ
594 1204 671 1250 1235&
696 1209 736 1240 τὲ
762 1205 871 1261 nareis·
886 1228 896 1244 ‚
934 1205 1005 1251 ἅμα
1030 1210 1067 1255 τῇ
1094 1208 1179 1252 ὒξὶχῇ
1207 1203 1256 1251 »(981
1285 1205 1410 1251 πῧνομοο
1437 1209 1504 1240 τὲτυ
1533 1202 1722 1251 ’ωιδεχομιῖόε
1752 1203 1847 1251 ὤαπες
1881 1209 1906 1237 οἱ
1936 1209 2116 1248 Ππλεμσιΐοι
2143 1207 2176 1239 ἐν
2203 1203 2344 1247 Αῑνῖνὶἵω.

243 1251 408 1312 Interim
423 1252 587 1293 Adadus
603 1254 798 1305 ‘Damasci
814 1252 862 1298 ἔφ’
880 1253 1051 1307 Syrorum
1069 1255 1160 1295 Rex
1171 1284 1256 1294 .....
1281 1253 1346 1293 illo
1362 1253 1538 1308 dffuntiio
1550 1280 1562 1299 ,
1581 1253 1718 1308 posteri
1741 1254 1823 1310 ejus
1845 1251 1900 1292 ad
1915 1251 2097 1292 decimam
2113 1240 2348 1308 usquegene-

243 1315 428 1346 rationem
445 1321 597 1372 regnam
615 1309 879 1356 obtinuerunt,
906 1310 1058 1365 quisque
1082 1310 1106 1350 a
1119 1309 1194 1361 suo
1208 1319 1346 1363 patre,
1374 1323 1459 1350 cum
1480 1311 1629 1364 imperio
1649 1323 1781 1350 nomen
1802 1309 2010 1363 accipiens,
2038 1307 2349 1362 quemadmodum

243 1363 352 1413 apud
365 1363 600 1419 QAEgrptzos
615 1393 628 1412 ,
656 1364 866 1405 Ptolemaei.
907 1366 1057 1407 Genius
1077 1365 1152 1406 loci
1171 1379 1243 1419 pro
1262 1365 1354 1407 Deo
1369 1366 1423 1406 ita
1442 1365 1638 1434 cqlebatur
1657 1364 1763 1420 apud
1779 1363 1952 1405 Orientis
1969 1363 2161 1418 populos,
2190 1374 2234 1404 ut
2249 1374 2346 1404 tem-

244 1417 365 1513 23:31¹
366 1432 553 1514 uquaeque
590 1422 679 1461 urbs
714 1420 783 1476 ipsi
816 1420 1020 1463 aedificaret
1034 1449 1047 1470 ,
1088 1421 1200 1463 testes
1228 1420 1315 1463 sunt
1344 1422 1500 1476 plurimi
1525 1421 1639 1477 Syriae
1658 1447 1671 1468 ,
1709 1420 1918 1462 Phoeniciae
1934 1446 1947 1467 ‚
1986 1422 2026 1460 &
2048 1418 2346 1476 Mesopotamiae

255 1562 257 1564 ’
298 1550 383 1592 Hic
397 1566 570 1595 nummus
573 1554 737 1608 secundi
752 1555 893 1596 moduli
910 1569 976 1596 nec
988 1568 1098 1596 rarus
1114 1567 1181 1595 nec
1198 1553 1335 1596 obvius
1351 1554 1412 1608 est.

251 2207 440 2241 1M1».c.
471 2203 520 2231 M.
554 2203 571 2230 1
586 2200 663 2231 vt..
696 2201 758 2228 PH
773 2200 789 2228 1
804 2199 831 2229 r.
846 2196 1007 2228 11³va
1039 2197 1062 2226 Ρ
1077 2197 1169 2226 1vs
1201 2197 1314 2225 FEL.
1346 2184 1471 2224 ave.
1511 2179 1829 2236 CaputPhilippi
1844 2178 2070 2220 laureatum]

303 2267 327 2294 c
339 2265 364 2291 ο
377 2265 414 2291 1..
444 2260 470 2288 Δ
484 2260 510 2286 A
524 2259 561 2286 M
575 2259 615 2285 Α.
645 2257 682 2284 M
695 2258 719 2284 E
730 2257 754 2283 T
767 2257 799 2304 R.
808 2257 843 2283 o.
872 2241 1028 2283 Colonia
1048 2238 1272 2292 Damafius
1290 2237 1527 2293 Metropolis.
1572 2238 1606 2278 F
1607 2236 1733 2278 luvius
1756 2234 1992 2276 decumbens
2005 2260 2020 2281 ,
2047 2231 2181 2276 dextra
2197 2231 2357 2289 icutififfi

355 2306 452 2351 lam,
480 2301 625 2342 finistra
641 2299 773 2340 cubito
788 2298 922 2338 mnixo
940 2309 1047 2337 urnae
1065 2308 1186 2350 aquas
1202 2294 1397 2340 vomenti,
1425 2294 1518 2334 laeva
1541 2292 1787 2346 cornucopiae
1806 2291 1914 2347 gerit.

299 2386 444 2441 Figura
461 2380 572 2422 humi
589 2377 847 2424 decumbens,
876 2374 1108 2416 Damascum
1127 2372 1178 2413 ad
1194 2372 1358 2413 fluvium
1379 2370 1487 2413 fitam
1506 2370 1583 2412 esse
1599 2370 1760 2411 denotat
1775 2397 1788 2416 ,
1815 2369 1897 2410 imo
1912 2368 2048 2410 urbem
2063 2367 2145 2408 duo
2161 2364 2272 2410 fluvii
2291 2370 2357 2411 exi

245 2454 406 2488 ornant,
433 2438 495 2480 illa
514 2437 618 2479 enim
638 2435 733 2477 teste
751 2432 982 2487 Benjamino
996 2431 1036 2471 in
1052 2429 1141 2471 Itin.
1163 2443 1248 2484 pag.
1261 2432 1327 2478 96.
1344 2431 1384 2468 δε
1398 2441 1465 2481 97.
1489 2426 1558 2466 sub
1582 2438 1718 2467 monte
1744 2425 1950 2466 Hermone
1976 2423 2133 2464 condita
2152 2437 2200 2464 ex
2216 2437 2265 2465 eo
2285 2424 2355 2466 de-

251 2502 380 2542 fluunt
396 2497 547 2536 Amana
563 2497 602 2533 &
617 2491 778 2546 Parpar,
805 2489 867 2529 ille
885 2488 1045 2543 quidem
1066 2486 1104 2525 in
1121 2485 1288 2526 mediam
1304 2484 1439 2524 urbem
1459 2481 1678 2528 descendit,
1706 2481 1770 2521 hic
1786 2481 1880 2522 vero
1899 2490 2004 2520 extra
2020 2479 2156 2519 urbem
2171 2478 2358 2523 hortos&

247 2554 420 2614 pomaria
442 2549 652 2595 interfluit,
679 2547 819 2589 horum
842 2544 1052 2584 fluviorum
1076 2541 1222 2582 mentio
1247 2540 1302 2581 est
1326 2540 1424 2595 Reg.
1452 2538 1513 2579 lib.
1532 2551 1571 2590 4.
1598 2552 1680 2591 cap.
1704 2549 1735 2588 5.
1759 2550 1793 2577 v.
1820 2550 1884 2576 12.
1915 2534 2056 2576 Nonne
2077 2533 2245 2575 meliores
2256 2537 2357 2587 sunt

249 2608 432 2654 Amanah
454 2604 502 2652 ὠ
519 2606 674 2659 ‘Parpar
688 2603 810 2655 fluvii
833 2598 1064 2651 ‘Dammcfic
1089 2596 1258 2638 omnibus
1282 2597 1394 2651 aquis
1416 2594 1586 2647 Israelis.
1625 2591 1702 2648 Ipsi
1726 2592 1814 2648 post
1835 2589 2066 2632 Damascum
2083 2588 2193 2630 fimul
2210 2593 2362 2632 conve·'

250 2669 384 2712 niunt,
412 2667 450 2704 &
467 2675 559 2704 tunc
574 2659 716 2700 fluvius
734 2657 872 2698 dicitur
893 2653 1201 2710 Chrysorrhoas,
1229 2651 1257 2691 sl
1274 2651 1448 2692 Straboni
1468 2649 1574 2690 fides.
1605 2656 1629 2683 T
1631 2652 1666 2682 ὥν
1687 2648 1720 2682 δὲ
1740 2651 1870 2694 ποταμῶν
1885 2648 1900 2681 δ
1914 2643 1968 2692 ,ιδίὐ
1985 2645 2161 2694 Χςυπᾷῥόαε
2171 2643 2356 2692 ὶξνξοίμὶἰυρα

251 2722 312 2759 ὶὲπό
327 2724 378 2757 τῆς
394 2717 606 2764 napae-uhu&
621 2714 734 2750 πόλεως
748 2739 757 2752 ,
784 2711 832 2757 ιρι)
848 2711 959 2757 χώξφς
974 2713 1012 2747 εἰς
1027 2709 1081 2746 τοῖς
1097 2707 1231 2755 ‹ixa-reios<
1247 2708 1439 2762 duania-news
1457 2706 1554 2755 96²3&
1570 2719 1608 2740 τι.
1637 2697 1710 2737 ‘De
1724 2696 1923 2742 amnibus,
1951 2693 2224 2747 Chrysorrhoas·
2235 2694 2286 2734 ab
2295 2708 2357 2735 ur-

252 2773 296 2812 be
312 2769 360 2814 &1
380 2769 525 2821 regione
543 2761 870 2814 Damafienorum
892 2761 1075 2814 incipiens
1087 2786 1100 2805 ,
1129 2755 1329 2809 totusfere
1348 2757 1389 2796 in
1403 2768 1509 2794 rivos
1525 2751 1763 2804 confhmitur.
1802 2752 1949 2806 Figura
1964 2751 2004 2790 in
2020 2762 2184 2790 nummo
2199 2747 2359 2791 decum-

252 2828 368 2870 bens,
386 2819 693 2876 Chrysorrhoam
711 2816 976 2871 repraesentare
994 2815 1167 2858 videtur·‚
1196 2811 1408 2852 icunculam
1426 2810 1546 2866 gerit,
1569 2808 1634 2849 sed
1651 2807 1751 2849 adeo
1766 2806 1942 2848 detritam
1953 2832 1965 2853 ‚
1986 2817 2030 2847 ut
2044 2804 2139 2860 quid
2154 2818 2195 2845 re
2223 2804 2358 2847 raesen-

250 2892 331 2927 tet,
359 2877 612 2933 pronunciare
629 2887 708 2914 non
726 2872 770 2912 sit
786 2871 917 2912 facile:
945 2870 1089 2910 sinistra
1103 2867 1349 2921 cornucopiae
1366 2878 1492 2912 tenet,
1519 2863 1569 2905 ad
1590 2865 1804 2905 ubertatem
1820 2862 2016 2904 fiutstuum
2033 2873 2175 2916 arguen
2205 2874 2290 2910 am,
2303 2861 2364 2904 de

251 2951 329 2993 qua
346 2933 546 2988 Benjamin
564 2930 675 2986 supra
693 2927 889 2969 iaudatus:
919 2925 1045 2966 Nulla
1060 2927 1102 2964 in
1120 2932 1198 2964 toto
1219 2923 1321 2962 Orbe
1338 2924 1483 2962 civitas
1503 2934 1586 2961 cum
1602 2919 1681 2960 hac
1692 2919 1865 2960 ubertate
1884 2917 2048 2974 corfferri
2056 2914 2188 2972 potest.

282 3018 285 3021 “
306 3014 391 3057 Hic
406 3025 577 3054 nummus
587 3011 720 3066 primae
736 3005 1011 3063 magnitudinis
1031 3005 1130 3044 inter
1146 3015 1250 3042 raros
1267 2999 1314 3045 ὠ
1331 2999 1518 3056 elegantes
1533 2998 1771 3054 reponendus.

268 3577 287 3606 1
301 3573 384 3603 MP.
416 3572 452 3599 c.
481 3573 530 3600 M.
562 3574 578 3600 1
593 3574 619 3600 v
632 3572 671 3600 L.
702 3571 722 3598 P
736 3571 763 3598 n
780 3570 796 3596 1
811 3568 837 3597 1,
853 3568 869 3595 1
884 3568 905 3594 ι»
919 3567 939 3594 ι’
951 3568 978 3594 ν
991 3566 1024 3593 s,
1055 3566 1089 3592 P.
1123 3564 1146 3592 F
1160 3563 1196 3591 Ε.
1229 3562 1256 3589 A
1270 3562 1295 3589 v
1308 3561 1348 3589 G.
1388 3546 1522 3601 Caput
1539 3541 1707 3597 Philippi
1725 3540 1948 3583 laureatum.¹

285 3616 290 3619 ’
321 3632 346 3658 c
357 3630 383 3656 o
396 3629 435 3655 L.
465 3625 491 3652 Δ
502 3628 528 3652 A
543 3629 575 3653 M
592 3629 632 3655 Α.
662 3626 698 3654 M
710 3627 733 3653 Ε
747 3627 771 3652 T
785 3626 815 3652 R
826 3625 861 3651 o.
890 3609 1044 3651 Colonia
1057 3605 1282 3656 Damascus
1297 3601 1529 3657 Metropolis.
1567 3599 1688 3640 Aries.

321 3694 521 3746 Frequens
539 3691 646 3730 estin
664 3691 797 3744 Syriae,
824 3688 1054 3733 Phoeniciae,
1082 3690 1122 3726 δε
1138 3683 1356 3737 Coelesyriae
1376 3679 1542 3721 nummis
1563 3677 1703 3718 Arietis
1720 3686 1859 3730 typus,
1886 3684 2004 3727 quem
2020 3670 2060 3710 in
2077 3667 2204 3710 nostra
2223 3667 2274 3710 de
2290 3669 2361 3723 Sy-'

268 3751 331 3790 riae
350 3749 507 3802 Regum
526 3745 693 3785 Historia
713 3760 797 3800 pag.
823 3757 913 3798 342.
939 3743 988 3782 ab
1007 3738 1332 3782 Antiochensibus
1354 3750 1442 3777 cum
1466 3734 1554 3776 Sole
1571 3736 1610 3773 &
1630 3733 1740 3773 Luna
1761 3728 1974 3785 percuss'um
1992 3753 2004 3773 ,
2033 3725 2083 3766 ad
2107 3727 2197 3765 anni
2220 3724 2359 3780 princi-

267 3806 376 3859 pium
403 3804 470 3842 sub
495 3801 571 3840 hoc
596 3799 703 3854 figno
728 3798 991 3840 denotandum
1018 3795 1194 3836 diximus.
1241 3793 1341 3833 Non
1364 3790 1486 3832 modo
1511 3802 1632 3830 annus
1656 3785 1759 3840 apud
1777 3785 1974 3837 Antiquos
1991 3780 2179 3822 menfium
2197 3793 2360 3821 numero

267 3874 312 3899 ac
328 3855 607 3910 compositione
623 3854 788 3894 diversus
805 3865 882 3893 erat
898 3881 910 3900 ‚
937 3852 1001 3892 sed
1021 3851 1103 3904 ejus
1123 3850 1237 3890 etiam
1258 3847 1488 3902 principium
1506 3860 1514 3885 :
1550 3843 1610 3884 alii
1630 3843 1734 3882 enim
1754 3853 1843 3880 eum
1863 3839 1931 3879 sub
1950 3836 2087 3879 Verno
2104 3834 2360 3890 AEquinostio

268 3913 520 3957 inchoabant,
550 3911 637 3950 cum
654 3909 717 3949 Sol
738 3909 908 3948 Arietem
925 3907 1165 3962 ingreditur;
1193 3904 1255 3944 alii
1281 3900 1505 3943 Autumnali
1524 3896 1800 3952 AEquinostio,
1828 3894 1917 3935 cum
1942 3892 2141 3933 Mundum
2168 3891 2361 3940 hocztem-

267 3982 364 4023 pore
380 3978 548 4010 creatum
563 3964 746 4006 frutribus
763 3966 917 4003 maturis
936 3961 1001 4002 sibi
1025 3958 1307 4015 persuaderent.
1344 3956 1471 3997 Latini
1485 3954 1549 3995 seu
1567 3951 1739 3995 Romani
1757 3950 1851 3993 olim
1877 3949 2012 3991 decem
2039 3945 2186 3988 menses
2211 3942 2360 3986 tahtum

2186 4012 2362 4045 numerae
