2574 4214
314 178 404 206 202.
1036 162 1083 205 L.
1204 163 1249 208 V
1322 162 1355 205 E
1430 164 1472 209 R
1547 162 1589 207 U
1635 163 1706 214 ,3.

310 224 545 265 *Parthicam
561 225 759 280 profettus
784 226 833 277 est
849 246 861 272 ;
890 213 1083 281 multaque
1103 224 1152 270 όν
1172 227 1343 280 ingentia
1363 226 1548 279 adversas
1567 228 1714 281 Persas
1720 227 1895 283 feliciter
1903 228 2014 283 gfft
2031 256 2043 276 ,
2072 232 2141 271 &e
2179 230 2272 273 Erat
2293 238 2425 274 autem

312 294 359 321 ex
378 281 509 321 Dione
524 281 702 322 robustus
717 286 755 321 δε
774 282 823 321 ad
839 296 919 323 rem
939 281 1138 322 militarem
1155 282 1292 336 aptior.

367 359 449 400 Hic
466 374 637 401 ¹nammus
651 359 847 401 mediocris
862 361 1003 402 modali
1011 372 1085 416 pro
1098 374 1183 401 raro
1200 360 1402 401 notandus.

367 965 401 992 c.
431 964 467 991 L.
502 964 529 990 ι.
562 966 584 991 c
598 966 623 989 o
635 964 677 989 R.
708 948 865 990 Colonia
881 948 992 989 Laos
1007 947 1125 1001 Julia
1140 947 1362 991 Corinthus.
1398 947 1526 991 Verus
1542 947 1582 989 in
1599 961 1711 989 curru
1725 949 1947 1003 triumphali
1963 947 2168 1005 quadrigas
2184 964 2314 1006 agens.

364 1039 566 1081 Nummus
589 1040 673 1086 hic,
702 1039 748 1079 L.
777 1040 873 1081 Veri
890 1039 940 1079 de
957 1038 1108 1080 Parthis
1127 1039 1314 1094 triumphi
1330 1049 1628 1080 monumentum
1645 1039 1722 1086 est,
1750 1039 1802 1079 de
1821 1053 1903 1094 quo
1920 1040 2166 1094 Capitolinus
2181 1041 2220 1081 in
2237 1041 2321 1094 ejus
2336 1041 2426 1083 vita.

309 1095 490 1150 Confttt'o
512 1095 603 1146 sane
628 1095 722 1136 bello
739 1123 751 1142 ,
778 1109 893 1150 regna
921 1095 1116 1150 Regibus,
1136 1097 1365 1149 provincias
1392 1094 1484 1136 vero
1508 1094 1804 1147 comitibmfito‘s
1821 1095 2002 1150 regendas
2018 1095 2135 1136 dedit.
2165 1096 2327 1137 Romam
2339 1097 2428 1138 inde

309 1151 368 1191 ad
381 1152 614 1206 triumphum
631 1153 808 1197 invitus,
835 1151 939 1207 quod
952 1151 1101 1203 Syriam
1117 1149 1227 1206 quast
1237 1165 1389 1205 regnum
1397 1152 1516 1203 fitam
1534 1151 1780 1206 relinqueret,
1807 1151 1944 1198 rediit,
1972 1149 2017 1195 ὠ·
2035 1153 2187 1206 pariter
2205 1152 2428 1206 cumfratre

309 1208 582 1262 triumphavit.
622 1207 751 1247 Verus
779 1219 910 1247 autem
935 1202 1077 1247 eodem
1104 1207 1261 1247 austore
1285 1207 1325 1247 in
1357 1207 1483 1247 Marci
1506 1207 1605 1253 vita,
1635 1207 1798 1261 petierat
1824 1208 1846 1247 a
1872 1207 2013 1248 Senatu
2021 1229 2034 1254 -,
2062 1219 2104 1248 ut
2121 1206 2248 1248 secum
2268 1207 2430 1250 Marcus

309 1263 573 1317 triumpharet.
605 1263 777 1304 Domitis
794 1263 914 1303 multa
928 1262 1034 1304 caede
1050 1262 1226 1303 hostibus
1242 1262 1457 1304 habebatur
1472 1262 1692 1317 triumphus
1707 1263 1728 1304 a
1745 1263 1888 1304 Senatu
1907 1261 2082 1304 decretus
2099 1283 2111 1309 ;
2140 1263 2328 1317 quantum
2344 1263 2430 1306 fue-

309 1319 358 1358 rit
375 1318 480 1372 apud
501 1319 706 1359 Romanos
723 1318 936 1359 celebratus
947 1346 959 1364 ,
988 1319 1092 1373 legas
1109 1319 1216 1372 apud
1238 1319 1414 1366 Livium,
1443 1318 1626 1359 Tacitum
1638 1345 1650 1365 ,
1680 1321 1718 1358 &
1735 1318 1829 1359 alios
1844 1318 2009 1359 historiae
2024 1319 2216 1359 Romanae
2231 1319 2428 1368 austoreS,

308 1387 479 1428 quorum
503 1374 639 1428 scripta
658 1374 815 1430 collegit
837 1373 1078 1430 Wolfangus
1099 1375 1241 1415 Lazius
1257 1386 1468 1416 comment.
1489 1374 1551 1414 lib.
1569 1389 1609 1425 9.
1631 1388 1715 1431 cap.
1738 1384 1774 1429 3.
1793 1374 1860 1415 ubi
1875 1374 1926 1415 de
1941 1373 2007 1415 illo
2024 1373 2111 1416 fuse
2127 1374 2304 1417 disseruit.

364 1464 448 1506 Hic
466 1479 640 1507 nummus
657 1466 855 1507 mediocris
860 1466 1002 1522 formae
1015 1468 1118 1508 inter
1132 1465 1379 1523 elegantiores
1395 1466 1637 1522 reponendus.

367 2053 405 2080 c.
435 2050 476 2078 1..
507 2049 537 2076 1.
571 2047 687 2075 corz.
717 2032 875 2074 Colonia
895 2030 1009 2072 Laus
1026 2029 1147 2084 Julia
1161 2028 1384 2072 Corinthus.
1413 2027 1627 2072 Chimaera:

365 2116 563 2158 Chimaera
587 2113 628 2155 in
652 2111 879 2154 memoriam
907 2109 1224 2164 Bellerophontis
1248 2108 1547 2150 Corinthiorum
1571 2105 1703 2147 herois
1725 2106 1775 2148 ab
1799 2103 1845 2147 iis
1860 2105 1902 2147 in
1918 2105 2088 2147 nummis
2104 2103 2271 2162 fignatur
2297 2110 2307 2147 ἑ
2334 2105 2433 2162 quid

309 2173 407 2216 vero
423 2185 494 2228 per
509 2183 597 2211 eam
611 2168 762 2223 antiqui
777 2164 1054 2212 intellexerint,
1083 2179 1165 2205 non
1182 2164 1295 2205 facile
1312 2165 1367 2205 est
1385 2163 1591 2204 instituere.
1620 2161 1759 2204 Strabo
1771 2161 1832 2202 lib.
1860 2174 1921 2215 14.
1942 2174 2030 2218 pag.
2047 2167 2141 2214 665.
2177 2162 2305 2218 Lyciae
2321 2176 2434 2205 mon-

313 2242 395 2272 tem
421 2227 590 2270 indicare
611 2224 778 2267 videtur.
817 2224 900 2268 nee)
922 2228 1017 2260 mum
1036 2223 1206 2272 fauScAEm-aeq
1230 2223 1273 2259 τοι·
1292 2222 1356 2271 ΐρη,
1379 2222 1418 2257 πὶ
1432 2221 1497 2258 a&
1519 2222 1549 2257 σθ
1566 2224 1735 2267 Χιμαίςρις.
1776 2217 1887 2258 Huic
1910 2219 2031 2258 monti
2057 2216 2206 2260 Pabula
2234 2217 2433 2261 Chimaerae

313 2285 523 2339 affingitur.
558 2282 640 2323 Cui
663 2280 882 2336 adstipulari
908 2279 1062 2320 videtur
1080 2278 1236 2320 Servius
1263 2277 1313 2318 ad
1335 2277 1399 2318 lib.
1430 2281 1465 2318 6.
1491 2274 1652 2317 AEneid.
1691 2275 1850 2316 Revera
1872 2273 2063 2315 Chimaera
2091 2287 2196 2314 mons
2210 2275 2262 2326 est
2280 2273 2434 2328 Lyciae,

313 2333 426 2399 ciffus
439 2339 621 2394 hodieque
639 2337 750 2379 ardet
766 2349 946 2378 cacumen
955 2362 967 2383 ‚
989 2336 1115 2389 juxta
1131 2333 1234 2390 quod
1233 2333 1335 2385 fiant
1349 2333 1473 2374 leones
1490 2347 1502 2371 .·
1520 2331 1643 2372 media
1659 2339 1789 2371 autem
1795 2340 1893 2384 pars
1906 2329 2024 2385 hujus
2029 2329 2175 2385 pascua
2188 2329 2326 2378 habet,
2351 2341 2436 2386 quae

313 2400 438 2452 capros
456 2394 656 2436 abundant
676 2408 689 2432 :
718 2395 797 2434 ima
812 2391 902 2432 vero
917 2392 1058 2431 montis
1068 2418 1080 2438 ‚
1096 2389 1340 2444 serpentibus
1343 2389 1462 2443 plena
1470 2388 1580 2440 sunt.
1610 2387 1733 2427 Hunc
1749 2395 1911 2446 montem
1923 2384 2227 2440 Bellerophontes
2240 2386 2438 2428 habitabi-

313 2454 388 2494 lem
390 2452 496 2506 fl’cit
514 2466 525 2489 :
554 2449 653 2491 unde
678 2449 909 2490 Chimaeram
934 2447 1080 2486 dicitur
1100 2443 1294 2497 occidlffi’,
1322 2457 1405 2500 quae
1428 2458 1489 2483 ore
1502 2443 1582 2490 leo,
1601 2441 1797 2497 postremts
1813 2441 1993 2496 partibus
2010 2441 2146 2488 draco,
2171 2441 2296 2482 media
2317 2452 2434 2497 capra

301 2510 443 2564 fuerit.
473 2505 744 2561 Apollodorus
760 2504 998 2545 Chimaeram
1012 2502 1062 2543 ab
1084 2500 1318 2542 Amifodaro
1335 2500 1540 2541 enutritam
1560 2498 1670 2538 fuisse
1684 2497 1831 2545 scribit,
1858 2497 1970 2552 quod
1985 2497 2100 2538 etiam
2117 2497 2258 2538 cecinit
2280 2496 2436 2538 Home⁴

312 2579 376 2606 r-us
390 2564 453 2604 lib.
476 2567 537 2603 16.
555 2561 663 2601 Iliad.
682 2560 788 2600 unde
805 2559 981 2600 nonnulli
998 2571 1137 2599 navem
1153 2557 1350 2612 piraticam
1367 2555 1476 2596 fuiss'e
1489 2554 1760 2596 existimarunt.
1798 2553 1921 2608 Apud
1937 2552 2184 2594 Plutarchum
2199 2554 2251 2594 de
2262 2553 2431 2595 virtutib.

312 2621 459 2662 mulier.
491 2617 814 2672 Bellerophontes
831 2616 971 2657 dicitur
990 2615 1222 2655 Chimarum
1243 2612 1443 2667 quendam
1464 2610 1680 2652 Amisodari
1699 2609 1865 2656 ducem,
1900 2609 1970 2663 qui
1988 2609 2128 2664 Lycios
2144 2609 2310 2649 navibus
2334 2609 2434 2663 pira-

311 2677 396 2719 ticis
415 2673 640 2720 infestabat,
669 2671 920 2727 prostravisse.
951 2670 1129 2711 Chimari
1144 2669 1272 2714 navis,
1300 2668 1448 2723 inquit,
1478 2676 1568 2706 Eam
1591 2669 1625 2704 δὲ
1646 2671 1744 2714 πλοίῳ
1767 2670 1870 2703 atem
1884 2665 2048 2713 μίίδὲχονπ
2064 2691 2075 2707 ,
2098 2666 2255 2713 πεῶςφθεν
2271 2670 2429 2714 ἐπίσημον,

315 2740 356 2773 ἐκ
368 2738 403 2771 δὲ
417 2735 546 2781 πρύμνης
560 2734 728 2781 ἐρρίψατε.
766 2729 871 2785 Ejus
897 2741 1013 2768 navos
1041 2729 1082 2767 in
1098 2737 1216 2781 prora
1243 2723 1358 2765 leonis
1384 2738 1396 2763 .·
1425 2725 1467 2764 in
1487 2724 1629 2778 puppi,
1658 2722 1833 2763 draconis
1851 2721 2016 2762 habebat
2033 2720 2178 2776 infigne.
2207 2720 2329 2761 Paulo
2342 2720 2432 2775 post'

312 2791 422 2833 addit
441 2805 449 2829 :
477 2789 563 2830 sunt
581 2788 650 2843 qui
669 2787 883 2834 affirment,
911 2784 1148 2827 Chimaeram
1164 2780 1268 2823 illam
1283 2781 1492 2822 Poetarum
1508 2778 1645 2821 fabulis
1660 2778 1924 2825 nobilitatam,
1952 2788 2127 2818 montem
2143 2776 2305 2818 omnino
2321 2775 2434 2818 fuiss'e

312 2847 392 2890 Soli
417 2845 657 2901 oppositum.

371 2926 454 2968 Hic
473 2938 648 2966 nummus
663 2919 1008 2975 fiecztndaefhrmae‚
1034 2918 1059 2959 a
1074 2919 1226 2959 Patino
1240 2916 1427 2970 vulgatus
1434 2924 1524 2970 pag.
1550 2928 1570 2954 2
1583 2919 1645 2965 56.
1665 2912 1802 2954 obvius
1820 2911 1879 2965 est„

378 3555 415 3581 c.
446 3552 482 3578 L.
514 3549 543 3576 1.
575 3549 688 3575 COR.
717 3535 875 3575 Colonia
892 3531 1003 3574 Laus
1016 3530 1134 3585 Julia
1151 3528 1370 3571 Corinthus.
1400 3525 1578 3584 Pegasus.

380 3613 691 3669 Bellerophontis
707 3625 842 3654 contra
859 3613 1095 3654 Chimaeram
1112 3609 1281 3650 vietoriae
1295 3606 1444 3662 insigne
1459 3606 1515 3647 est
1529 3601 1694 3660 Pegasus
1712 3600 1734 3640 a
1751 3598 1965 3641 Corinthiis
1979 3597 2030 3638 ad
2045 3596 2311 3650 antiquitatem
2327 3594 2431 3636 urbis

327 3670 572 3715 indicandam
598 3668 791 3723 percussus
818 3684 825 3707 :
855 3669 916 3708 ille
943 3668 1051 3720 juxta
1079 3664 1248 3705 fabulam
1259 3692 1271 3710 ,
1299 3676 1425 3717 equus
1442 3661 1515 3702 fuit
1530 3661 1670 3704 alatus,
1697 3657 1720 3696 a
1741 3654 2044 3715 Bellerophonte
2060 3665 2215 3714 captus,
2244 3665 2327 3705 quo
2343 3650 2432 3690 usus

324 3730 380 3770 est
400 3730 439 3768 in
455 3725 706 3778 expeditione
721 3734 853 3763 contra
873 3723 1120 3764 Chimaeram.
1149 3720 1226 3761 Sed
1242 3718 1484 3772 Palaephatus
1499 3716 1549 3757 de
1565 3714 1638 3755 fab.
1657 3726 1756 3752 narr.
1773 3724 1911 3774 navem
1926 3708 2036 3749 fuiss'e
2051 3708 2250 3749 ex1st1mat.
2278 3705 2430 3746 Nomen

325 3793 454 3825 autem
469 3780 646 3835 ‘Pegasus
659 3787 764 3823 erat,
791 3787 836 3816 ut
853 3792 952 3818 nunc
966 3789 1108 3831 quoque
1112 3775 1229 3826 suum
1245 3774 1400 3815 cuilibet
1417 3773 1573 3826 navtgio
1588 3781 1723 3828 nomen
1734 3766 1784 3827 cst
1799 3765 1966 3825 mdztum
1980 3778 1993 3802 .·
2008 3777 2139 3824 nomen
2153 3770 2280 3802 autem
2296 3757 2440 3814 Pegasi

325 3839 483 3890 navigio
499 3837 640 3890 magis,
667 3832 779 3888 quam
796 3846 887 3886 equo
901 3841 1033 3884 aptum
1041 3828 1159 3885 fuiffe
1175 3830 1344 3869 videtur.
1376 3826 1698 3880 Bellerophontes
1712 3833 1828 3876 lgltur
1842 3834 1951 3882 nayr,
1972 3831 2082 3872 cujus
2099 3818 2335 3878 Parasemon
2351 3825 2432 3876 erat

325 3906 452 3941 equus
471 3891 611 3938 alatus,
639 3889 772 3929 vestus
784 3915 796 3935 ‚
824 3886 1091 3941 praedatoriam
1106 3897 1244 3924 navem
1260 3883 1495 3938 cognomine
1511 3881 1768 3923 Chimaeram,
1801 3890 1864 3916 CU1
1890 3889 1929 3915 m
1954 3887 2069 3929 prora
2085 3873 2167 3919 leo,
2195 3877 2234 3912 ὃ(
2254 3885 2293 3911 m
2310 3882 2435 3926 puppi

325 3950 466 3995 draco,
494 3944 755 4002 expugnavit:
781 3942 940 3984 alteram
956 3954 1094 3983 navem
1108 3939 1268 3982 nomine
1285 3938 1522 3980 Chimaeram
1541 3936 1650 3991 Gyas
1665 3932 1805 3976 AEneae
1820 3931 1900 3973 dux
1919 3929 2087 3972 habebat
2107 3930 2146 3971 in
2162 3924 2434 4035 ludi—clrjtjgatpglgl¹
