2574 4214
1793 257 2347 334 annana&

1596 335 2346 405 ⁶³fflffissssffifflffiffiffi

286 1128 417 1145 “own-1
428 1130 459 1144 »υ
470 1128 531 1160 κπ-ξς-
558 1110 578 1150 I
590 1123 620 1150 N
632 1124 657 1150 T
671 1123 700 1149 U
713 1123 742 1150 R
754 1123 785 1148 N
799 1122 825 1149 A
839 1111 875 1148 M
906 1102 1116 1149 Coloniam
1139 1108 1160 1149 a
1177 1108 1224 1149 C.
1241 1106 1392 1149 Caesare
1409 1106 1617 1149 dedustam
1633 1108 1747 1150 refert
1767 1107 2002 1156 Frontinus3
2030 1123 2078 1150 an
2097 1108 2148 1150 de
2164 1110 2340 1167 Caligula
2347 1112 2363 1159 ξ

360 1160 402 1190 ’ἕλ’
417 1164 468 1177 M
489 1161 531 1217 Ἠ-Ξ
560 1166 702 1221 ambigi
719 1166 867 1219 potest:
895 1164 974 1218 ipse
992 1164 1168 1204 Coloniis
1186 1167 1224 1203 8<
1244 1163 1419 1205 Urbibus
1436 1164 1632 1219 Hispaniae
1649 1164 2073 1216 facultatemssudendae
2092 1179 2256 1208 monetae
2273 1167 2364 1208 ade·

479 1220 530 1277 ³¹}
563 1222 669 1262 misse
683 1221 836 1262 videtur
847 1248 858 1267 ‚
888 1222 977 1260 cum
997 1220 1122 1261 nullos
1137 1220 1224 1276 post
1241 1233 1332 1260 eum
1351 1233 1532 1261 nummos
1548 1225 1619 1275 per
1638 1233 1759 1262 totam
1775 1222 2056 1275 Imperatorum
2073 1221 2205 1263 seriem
2222 1223 2262 1262 in
2273 1222 2364 1263 His-

442 1316 450 1320 ,
514 1280 529 1329 Ξ
561 1278 673 1331 pania
695 1276 890 1330 percussbs
911 1277 1093 1317 invenias.
1142 1276 1262 1317 Caius
1289 1276 1448 1330 quidem
1479 1278 1694 1331 provincias
1722 1277 1876 1331 Imperii
1903 1277 2006 1318 auxit
2023 1304 2034 1323 ,
2063 1291 2142 1317 non
2168 1278 2266 1319 bello
2288 1292 2362 1319 nec

455 1335 459 1336 ’
493 1339 527 1362 ²⁴2
559 1333 724 1372 vistoriis
741 1332 814 1372 suis
835 1360 845 1378 ,
873 1331 938 1372 sed
956 1332 1152 1372 Ptolemaei
1175 1331 1393 1372 consobrini
1416 1332 1660 1373 Mauritaniae
1679 1333 1802 1388 Regis
1825 1332 1929 1373 caede
1942 1360 1953 1379 ‚
1983 1346 2144 1388 regnum
2164 1333 2247 1387 ejus
2266 1333 2362 1374 divi-

257 1391 354 1431 dens
374 1389 413 1428 in
432 1388 702 1428 Caesariensem
724 1392 763 1427 ὅ(
778 1388 1027 1443 Tingitanam
1047 1414 1059 1434 ,
1089 1400 1133 1428 ut
1148 1387 1263 1427 tradit
1280 1387 1422 1428 Plinius
1441 1387 1503 1428 lib.
1529 1402 1562 1438 5.
1581 1403 1662 1444 cap.
1686 1403 1718 1428 1.
1749 1390 1949 1442 ”Principio
1966 1397 2152 1428 terrarum
2167 1390 2365 1429 Maurita-

257 1448 330 1485 niae
350 1443 585 1498 appellantur
612 1443 726 1499 usque
751 1443 805 1482 ad
829 1445 870 1483 C.
892 1443 1075 1496 Caefhrem
1104 1443 1323 1482 Germanici
1333 1441 1464 1496 filium
1488 1458 1603 1499 regna
1619 1472 1632 1492 ,
1648 1443 1814 1496 saevitid
1839 1445 1923 1500 ejus
1945 1445 1986 1484 in
2008 1443 2105 1485 duas
2128 1443 2256 1498 divisa
2273 1453 2364 1500 pro'·

256 1513 421 1541 vincias.

311 1579 350 1619 C
363 1592 389 1618 A
403 1593 428 1618 L
442 1591 456 1617 1
470 1592 495 1619 G
507 1590 536 1617 U
548 1591 574 1616 L
588 1590 624 1615 ΛΕ
655 1578 796 1617 nummi
804 1578 938 1630 primae
953 1576 1230 1631 magnitudinis
1248 1575 1421 1630 rariffi'mi
1430 1603 1443 1623 ,
1460 1576 1642 1630 secundae
1659 1576 1707 1623 ὅγ’
1726 1581 1852 1620 tertiae
1871 1592 1945 1620 non
1961 1578 2065 1620 obvii
2069 1577 2178 1631 sunt.

1114 1679 1514 1725 ACCIS.

255 2243 296 2293 *ej
326 2263 352 2290 c
364 2257 391 2288 A
404 2260 428 2289 r:
441 2258 460 2288 s
474 2260 501 2288 A
514 2242 561 2288 121
575 2255 579 2271 ¹
591 2255 719 2286 Avo.-
743 2254 770 2285 G
781 2256 807 2284 E
819 2251 849 2286 R
861 2252 898 2284 Μ
911 2256 937 2283 A
951 2255 982 2283 N
995 2256 1010 2283 1
1022 2255 1046 2284 c
1059 2250 1086 2284 v
1097 2254 1118 2283 s
1140 2253 1261 2296 '1M.¹’·
1298 2240 1435 2297 Caput
1452 2237 1640 2298 Caligulae
1656 2240 1881 2283 laureatumss

287 2354 290 2356 ,
314 2320 338 2347 e
349 2319 377 2345 o
389 2320 415 2346 L
427 2318 454 2344 o
466 2297 507 2344 Nss.
537 2315 568 2343 'A
582 2317 605 2344 c
617 2317 640 2344 c
652 2316 682 2343 1.
715 2299 871 2342 Colonia
887 2301 1096 2341 Accitana.
1127 2299 1234 2340 *Duae
1252 2299 1390 2354 aquilae
1405 2298 1621 2355 legionariae
1639 2298 1737 2340 inter
1754 2299 1837 2339 duo
1855 2297 1959 2354 figna
1972 2296 2158 2341 militaria?

253 2389 257 2392 ”
313 2368 522 2428 Accitanos'
537 2380 736 2436 Hispaniae
748 2378 1045 2423 Tarraconensis
1056 2404 1068 2426 ,
1098 2377 1343 2431 Gemellenses
1359 2378 1463 2434 apud
1481 2371 1644 2419 Plinium
1663 2385 1823 2419 ‘vocatos
1840 2378 1892 2418 ob
1905 2390 2103 2420 veteranos
2116 2378 2277 2420 duarum
2289 2376 2364 2421 L&

255 2440 418 2497 gionum
443 2437 588 2497 gemini
606 2437 775 2480 ‘nominis
795 2451 855 2477 v1.
877 2435 1014 2477 milites
1034 2435 1073 2475 in
1093 2448 1228 2477 eorum
1249 2435 1384 2476 urbem
1407 2433 1594 2496 deducstos
1611 2460 1624 2480 ‚
1652 2434 1690 2474 in
1719 2435 1895 2490 Augusto
1923 2434 2113 2496 diximus:
2147 2434 2238 2476 ideo
2264 2434 2362 2479 duas

257 2495 403 2549 aquilas
418 2493 643 2550 legionarias
659 2491 822 2533 duarum
833 2492 1050 2547 Legionum
1066 2490 1236 2546 symbola
1253 2490 1303 2532 ad
1320 2490 1421 2531 hanc
1436 2503 1623 2546 originem
1641 2489 1903 2530 denotandam
1922 2505 1961 2530 in
1978 2505 2140 2531 nummo
2158 2490 2364 2547 signarunt,

258 2565 378 2605 quem
391 2549 576 2604 Caligulae
596 2560 638 2588 ut
657 2562 707 2588 ex
721 2548 825 2603 Julia
841 2546 981 2587 familia
999 2546 1166 2587 oriundo
1184 2545 1421 2587 blandientes
1438 2545 1682 2592 obtulerunt,
1711 2545 1821 2599 quod
1838 2546 1906 2600 ipsi
1924 2550 1945 2586 a
1966 2545 2063 2598 Iulio
2076 2547 2225 2589 Caesare
2239 2545 2362 2589 Colo-

256 2607 297 2647 ni
316 2607 483 2661 primum
501 2604 588 2644 fasti
600 2631 611 2650 ‚
642 2603 785 2644 deinde
802 2602 849 2643 ab
864 2602 1040 2658 Augusto
1056 2616 1158 2641 nova
1176 2602 1315 2642 iterum
1336 2602 1617 2643 Veteranorum
1634 2599 1844 2642 acceffione
1859 2602 1961 2643 aueti
1976 2601 2106 2643 essent.

314 2684 397 2724 Hic
413 2696 585 2725 nummus
590 2681 754 2734 secundi
767 2680 906 2722 moduli
915 2707 927 2727 ,
955 2694 1004 2720 ex
1020 2680 1141 2733 museo
1156 2678 1273 2731 nostro
1282 2706 1295 2725 ,
1322 2681 1424 2719 inter
1439 2681 1599 2719 rariores
1613 2679 1858 2720 collocandus.

980 2790 1637 2833 BILBILIS.

266 3375 304 3404 c.
335 3374 357 3400 c
372 3373 396 3399 A
409 3373 431 3399 F
447 3369 463 3399 ς
477 3373 503 3399 A
519 3373 549 3400 R
579 3375 604 3400 A
621 3373 647 3400 v
660 3373 700 3399 G.
732 3372 759 3399 G
772 3372 796 3398 E
808 3371 839 3398 R
851 3369 888 3397 M
901 3369 928 3396 A
943 3369 974 3395 N
986 3369 1001 3395 1
1015 3369 1037 3395 c
1049 3368 1075 3395 v
1089 3367 1108 3394 s
1141 3367 1237 3394 IMP.
1277 3354 1410 3408 Caput
1425 3352 1610 3408 Caligulae
1629 3351 1852 3394 laureatum?

322 3428 453 3457 MVN.
487 3427 883 3456 Avo.1311,131Lrs.
921 3427 955 3452 c.
988 3423 1144 3451 CORN.
1178 3424 1367 3450 REFEC.
1401 3423 1449 3449 M.
1482 3423 1510 3449 Η
1526 3423 1634 3450 ELv.
1666 3422 1773 3448 FRo
1791 3422 1871 3449 NT.
1910 3407 2166 3463 Municipium
2181 3408 2356 3458 Augusta

377 3469 554 3516 Bilbilis,
583 3473 673 3510 Caio
689 3469 858 3510 Cornelio
874 3467 1054 3522 Reffetto,
1082 3465 1142 3507 M.
1157 3465 1303 3505 Helvio
1315 3464 1502 3506 Frontone
1521 3465 1619 3506 circa
1633 3463 1838 3505 ambitum:
1872 3477 1888 3503 1
1907 3477 1940 3504 1.
1967 3478 1993 3504 v
2006 3478 2020 3503 1
2032 3477 2072 3504 R.
2098 3465 2139 3504 in
2153 3478 2325 3519 quercea.

321 3547 526 3590 Bilbilitani
550 3547 740 3600 Hispaniae
756 3544 1052 3586 Tarraconensis
1078 3543 1253 3598 Augusto
1277 3546 1315 3583 &
1338 3542 1498 3583 Tiberio
1522 3542 1560 3582 in
1585 3542 1750 3582 nummis
1775 3555 1936 3582 coronas
1963 3553 2045 3582 tum
2074 3542 2240 3589 laureas,
2267 3555 2352 3585 tum

266 3616 446 3659 querceas
463 3601 658 3647 obtulere3
687 3602 828 3642 laureas
848 3601 1006 3654 quidem
1027 3600 1079 3640 ob
1096 3599 1272 3638 victorias
1283 3626 1294 3644 ‚
1323 3612 1505 3651 querceas
1522 3600 1615 3638 vero
1633 3599 1686 3638 ob
1701 3598 1802 3638 cives
1819 3596 1992 3638 servatos.
2023 3597 2183 3638 Senatus
2195 3598 2353 3654 Caligu-

267 3662 310 3699 1ae
326 3671 526 3699 nummum
542 3656 716 3710 percussit
732 3670 820 3696 cum
838 3669 999 3709 quercea
1011 3683 1021 3701 ‚
1052 3656 1091 3694 in
1108 3654 1217 3707 cujus
1234 3654 1364 3694 medio
1395 3668 1428 3693 s.
1453 3668 1485 3693 Ρ.
1506 3668 1548 3706 Q
1567 3668 1607 3693 R.
1638 3667 1673 3692 P.
1694 3667 1728 3692 P.
1761 3667 1787 3692 o
1800 3666 1823 3692 Β
1853 3666 1901 3692 c1
1913 3667 1939 3692 v
1953 3666 1975 3692 Ε
1988 3665 2007 3691 s
2041 3666 2060 3691 s
2074 3667 2097 3692 E
2109 3666 2140 3692 R
2152 3667 2177 3692 v
2191 3667 2216 3692 A
2230 3668 2254 3693 Τ
2266 3667 2293 3693 o
2306 3667 2350 3702 s,

267 3714 377 3768 quod
395 3710 691 3766 exoptatiss'imus
710 3711 890 3763 Princeps
915 3710 1122 3763 Imperium
1143 3708 1329 3762 adeptus,
1365 3709 1449 3748 urbi
1470 3709 1570 3749 cives
1590 3708 1789 3748 restituerit
1808 3707 1912 3761 apud
1932 3707 2156 3748 Suetonium
2180 3723 2263 3763 cap.
2290 3722 2351 3760 15.

268 3770 371 3809 Pari
390 3767 642 3821 popularitate
667 3765 863 3804 damnatos
890 3764 1138 3818 relegatosque
1158 3765 1322 3815 restituit
1340 3783 1353 3808 ,-
1383 3766 1650 3817 criminumque
1666 3790 1678 3809 ,
1695 3762 1821 3818 siqua
1838 3762 1977 3811 residua
1996 3776 2045 3801 ex
2052 3764 2176 3815 priore
2191 3772 2352 3818 tempore

269 3824 470 3865 manebant
486 3848 498 3868 ,
524 3822 684 3860 omnium
700 3821 871 3872 gratiam
883 3818 996 3870 fecit.
1044 3818 1246 3858 Bilbilitani
1273 3820 1540 3859 Romanorum
1560 3818 1778 3871 exemplum
1795 3817 1930 3857 imitati
1947 3842 1959 3862 ‚
1988 3818 2128 3871 pariter
2147 3831 2352 3872 querceam

270 3880 309 3919 in
325 3876 508 3931 Caligulae
530 3875 693 3914 nummis
714 3873 908 3912 adulantes
928 3873 1130 3927 fignarunt.
1171 3874 1342 3912 Cornelia
1363 3886 1455 3927 gens
1472 3873 1702 3928 cognomine
1719 3871 1832 3912 Caldi
1851 3872 1929 3924 jam
1950 3872 1989 3911 in
2011 3873 2186 3926 Augusto
2207 3888 2353 3914 memo·

269 3946 346 3974 rata
366 3932 420 3973 est
436 3951 449 3978 3
474 3930 537 3971 hic
552 3931 644 3971 vero
662 3928 866 3968 Cornelius
882 3927 1074 3968 Duumvir
1094 3940 1140 3967 ex
1159 3927 1273 3967 altera
1294 3927 1421 3967 forsan
1441 3928 1577 3982 stirpe,
1605 3927 1791 3981 Refefft'm
1809 3927 2031 3982 appellatur.
2066 3928 2217 3969 Helvia
2234 3942 2350 3984 genS,

2299 3996 2350 4024 an.
