2491 4219
794 94 1551 142 VOLUSIANUS:
2147 121 2247 151 ιιι

132 164 279 206 Eadem
296 164 499 218 inscriptio.
531 165 666 218 Caput
683 162 886 204 Volusiani
904 162 1104 202 radiatum.

192 235 218 259 A
231 233 260 258 Ν
275 234 298 258 τ
315 235 327 259 i
341 235 367 259 o
381 234 404 258 x
419 234 441 259 E
452 234 478 258 Ω
490 234 520 259 Ν
554 235 589 259 Μ
604 235 631 259 Η
645 234 667 259 r
681 233 700 257 P
713 234 748 257 0.
781 231 805 257 Κ
818 232 844 256 o
856 231 880 255 A
894 231 921 255 Ω
932 231 973 256 N.
1005 224 1160 266 Ανπαχὲων
1178 229 1250 259 Mne
1267 220 1401 259 εαπίλεως
1418 222 1572 258 Κολωὶῐας»
1601 218 1645 257 In
1663 233 1747 259 area
1763 235 1796 260 s.
1818 235 1852 260 c.
1872 233 1908 261 Δ.
1930 235 1967 262 Ε.
1996 221 2139 264 Mulier
2155 224 2247 264 infi-

242 275 339 315 dens
357 275 514 328 rupibus
532 280 569 314 in
588 274 734 328 templo
752 273 963 326 tetrastylo,
993 273 1123 314 dextra
1142 273 1250 326 spica:
1267 287 1297 318 ς,
1327 287 1398 324 pro
1415 274 1577 325 pedibus
1595 274 1759 314 Fluvius.
1794 277 1902 316 Aries
1919 276 1957 315 in
1976 290 2127 317 vertice.

186 353 331 392 Mulier
345 353 381 392 in
400 353 545 405 templo
565 353 758 392 montibu-s
775 350 964 397 insidens,
993 351 1142 393 Genius
1160 350 1216 389 est
1239 363 1248 388 1
1269 350 1380 395 ubis,
1408 352 1467 389 cui
1494 351 1568 391 hoc
1594 350 1724 391 fanum
1753 352 1976 394 dedicarunt
2005 354 2239 394 Antiochen-

130 408 206 454 ses,
235 408 346 462 quod
357 409 568 462 speciosum
593 407 759 461 appellat
789 404 1100 447 Ammianus'libss
1122 418 1184 458 23.
1226 405 1247 444 (
1265 405 1409 446 {eninm
1437 407 1696 446 existimabant
1720 406 1881 447 Veteres
1903 409 2028 448 Deum
2047 408 2140 453 effe,
2172 410 2237 449 sub

130 470 241 510 cuius
257 464 373 504 tutela
390 476 498 506 erant
519 462 800 508 omnia,'und¹:
827 463 958 515 populi
985 461 1136 501 urbium
1162 460 1245 499 Dea
1265 474 1299 499 rn
1328 459 1424 513 saepe
1450 461 1620 501 turritam
1645 459 1897 517 effingebant,
1925 464 1985 503 cui
2012 463 2108 502 sacra
2127 462 2249 504 facie-²

132 511 244 565 bant,
272 516 459 571 illamque
478 519 556 558 vim
584 519 724 557 habere
744 518 915 557 omnium
935 520 1057 556 rerum
1083 516 1375 571 gignendarum
1404 517 1666 558 existimabant
1690 532 1697 555 :
1727 519 1776 557 ita
1799 518 2075 558 Antiochenses
2098 518 2238 571 spicas,

129 575 270 627 quibus
288 569 377 629 age?
391 574 538 614 illorum
556 573 794 618 abundabat,
825 574 861 611 in
879 572 965 624 ejus
977 572 1110 611 dextra
1125 570 1366 624 posuerrunt,
1394 570 1496 622 quasi
1514 584 1577 611 eas
1594 571 1669 624 ipsa
1686 571 1922 613 conservaret
1937 574 1995 614 vel
2014 573 2167 613 abunde
2184 573 2239 627 gi-

128 642 292 683 gneret:
320 644 399 669 non
427 629 547 669 modo
572 641 701 669 autem
729 629 944 668 communis
972 627 1032 666 scu
1060 625 1244 681 generalis
1282 638 1362 666 erat
1390 626 1537 664 Genius
1556 654 1566 671 ,
1603 626 1664 666 sed
1691 625 1777 666 suus
1801 627 2007 680 unicuique
2038 629 2238 681 privatus:

130 685 461 738 quemadmodum
481 697 609 724 autern
631 684 765 738 populi
783 684 937 723 Genius
949 681 1171 726 dicebatur,
1199 680 1316 720 fica&
1340 682 1500 734 Augusti
1520 682 1690 726 Genius,
1717 683 1777 721 cui
1797 683 1910 725 etiarn
1931 686 2114 734 templum
2134 685 2237 725 dica·

129 753 211 780 tum
231 740 337 780 fuiss'e
361 753 486 780 narrat
505 741 711 780 Suetonius
726 740 765 779 in
781 739 864 789 ejus
885 739 957 779 vita
973 751 1056 790 cap.
1073 741 1140 778 60.
1170 736 1247 776 Cur.
1261 736 1458 785 eliisi'muss
1488 737 1599 776 aedem
1615 736 1735 787 Jovis
1752 738 1957 790 Oiympici,
1988 739 2154 784 Athenis
2167 752 2244 790 (ιη-5,

127 797 290 851 tiquitus
308 796 546 842 inchoatam,
567 795 744 848 perficere
767 795 950 833 communi
959 793 1117 845 fitmptu
1137 790 1246 837 delfin
1261 801 1453 838 averunt,
1485 792 1672 846 Genioque
1688 793 1768 846 cjus
1787 793 1974 840 dedicare.·

183 873 266 914 Hic
281 888 453 914 minimas
467 875 620 928 may'oris
640 873 778 912 moduli
783 881 855 924 pro
869 884 954 910 raro
971 861 1221 910 numerandus
1229 895 1244 918 ‚
1281 882 1364 909 cum
1379 869 1454 909 hac
1470 870 1570 910 circa
1585 877 1698 924 caput
1714 870 1922 926 epigraphe.

122 1501 270 1553 Eadem
287 1502 496 1559 epigraphe
513 1515 599 1555 quae
613 1503 653 1543 in
670 1502 852 1558 superiori
869 1517 1054 1551 nummo,
1082 1513 1198 1558 caput
1215 1501 1333 1544 idem.
1368 1521 1377 1549 z
1642 1552 1644 1554 q

175 1574 238 1602 ΔΗ
251 1573 323 1600 MA
341 1574 361 1599 Ρ
375 1574 413 1599 x.
452 1573 475 1597 E
488 1571 613 1599 zore
627 1573 641 1598 1
655 1574 681 1598 A
696 1574 731 1599 c.
770 1559 810 1599 in
847 1574 932 1599 area
967 1576 996 1599 r.
1037 1574 1055 1599 s
1071 1577 1105 1601 c.
1148 1568 1341 1612 Awagfflc
1363 1564 1486 1607 Εξκσίοος
1507 1566 1614 1605 τςίτης.
1653 1543 1871 1606 Trifflia
1884 1569 1886 1571 ’
1891 1563 2074 1618 potestate
2097 1564 2226 1609 tertia}

231 1616 374 1669 Aquila
391 1613 550 1669 scipioni
572 1614 763 1660 infistens,
790 1616 912 1655 rostro
931 1630 1123 1656 coronam.

176 1684 240 1712 ΔΗ
252 1684 289 1711 Μ
301 1685 326 1710 A
342 1683 408 1710 Px.
441 1685 463 1710 E
477 1683 565 1710 ΞοΥ
578 1684 600 1709 c
614 1684 629 1709 1
642 1684 667 1709 A
683 1685 717 1710 c.
747 1682 807 1708 Tr}
821 1686 847 1710 A
862 1685 886 1710 T
898 1686 935 1711 o.
967 1685 1000 1711 B.
1030 1672 1069 1711 in
1098 1687 1183 1712 area
1206 1688 1246 1714 Δ.
1274 1688 1307 1713 s.
1334 1688 1369 1714 c.
1401 1681 1589 1725 Δημαςχκῆς
1612 1677 1733 1721 Effer-fax
1752 1677 1892 1725 τετάρτης
1906 1701 1917 1720 ,
1954 1678 2060 1717 ὅπως
2080 1678 2227 1726 &skefowa

230 1726 453 1767 Tribunitt'a
461 1725 651 1780 potestate
667 1726 810 1776 Consul
811 1726 1032 1779 secundum.
1066 1729 1204 1782 Aquila
1223 1741 1270 1769 ut
1287 1729 1404 1783 fiipra.

171 1805 374 1847 Nummos
391 1805 464 1846 hac
484 1818 503 1844 s
519 1819 554 1845 c.
574 1816 667 1846 nota
685 1804 853 1862 signatos
869 1805 947 1847 fine
966 1807 1068 1847 urbis
1087 1807 1248 1849 nomine
1269 1808 1317 1848 ad
1340 1808 1586 1851 Antiochiam
1611 1810 1723 1867 Syriae
1739 1809 1946 1859 Coloniam
1965 1813 2002 1851 ὃς
2021 1811 2226 1866 Metropo-⁴

116 1861 184 1902 lim
211 1861 400 1915 pertinere
429 1860 561 1913 saepius
589 1860 765 1907 diximus.
804 1862 840 1901 Si
866 1862 988 1903 littera
1011 1864 1214 1905 numeralis
1248 1876 1277 1903 r.
1299 1865 1338 1903 in
1361 1865 1478 1920 priori
1497 1880 1660 1907 nummo
1679 1864 1869 1919 perculsa,
1897 1863 2050 1910 ‚tertium
2070 1865 2234 1922 Imperii>

116 1916 318 1958 Volusiani
344 1931 490 1956 annum
515 1915 711 1972 designet,
739 1917 853 1959 altera
877 1918 1055 1959 nimirum
1083 1933 1120 1958 A.
1149 1920 1186 1963 in
1214 1920 1437 1973 posteriori,
1464 1921 1514 1963 ad
1543 1934 1722 1978 quartum
1742 1920 2104 1978 pertinerenequit,
2132 1924 2225 1964 cum

114 1974 180 2017 vix
198 1973 352 2014 tertium
372 1971 605 2014 Volusianus
622 1987 766 2014 annum
782 1973 997 2020 inchoarit;
1027 1989 1160 2016 verum
1177 1975 1238 2016 hae·
1257 1975 1389 2018 litterae
1404 1976 1454 2017 ad
1470 1977 1536 2017 Tr.
1555 1977 1782 2032 potestatem
1803 1978 1953 2020 tertiam
1969 1981 2007 2016 &
2026 1990 2202 2032 quartam
2209 2004 2235 2026 ,,

112 2041 204 2083 quae
224 2029 263 2069 in
287 2028 526 2069 Treboniani
550 2032 589 2068 &
614 2027 812 2069 Volusiani
839 2031 1005 2070 nummis
1030 2029 1252 2085 frequentes
1269 2045 1495 2080 occurrunt,
1524 2033 1693 2089 spestare>
1707 2031 1884 2087 profesto
1901 2032 2106 2079 videntur;
2134 2035 2225 2077 curn

111 2084 236 2139 prima
254 2098 325 2124 nec
345 2083 509 2125 secunda
528 2084 587 2123 Tr
619 2086 783 2137 potestas
800 2100 839 2125 1n
856 2085 900 2125 iis
918 2085 1078 2142 usquam
1097 2084 1336 2133 observetur,
1364 2088 1430 2129 sed
1448 2101 1583 2143 quarta
1598 2087 1638 2139 in
1657 2088 1791 2131 eorum
1817 2087 1939 2140 Impp.
1966 2088 2132 2128 nummis
2155 2089 2225 2129 ob-

110 2141 176 2180 via
193 2139 365 2194 apposita
384 2140 450 2186 fit,
478 2140 716 2180 eruditorum
736 2144 902 2181 virorum
922 2141 1075 2195 ingenia
1095 2143 1281 2184 haetenus
1296 2143 1424 2187 torsit,
1455 2147 1494 2181 ὃς
1513 2143 1720 2184 ssaronium
1737 2142 1909 2187 induxit,
1939 2155 1981 2183 ut
1998 2143 2114 2184 Gallo
2131 2158 2224 2199 qua-

111 2206 205 2236 tuor
221 2196 375 2250 Imperii
391 2209 511 2234 annos
530 2194 757 2248 ascripserit,
787 2195 963 2249 quamvis
987 2195 1047 2235 ille
1071 2194 1173 2237 duos
1198 2209 1323 2237 annos
1348 2197 1497 2237 tamtum
1525 2196 1762 2250 imperasset.
1790 2210 1861 2236 nec
1884 2197 1981 2240 ratio
2004 2197 2054 2239 de
2071 2212 2152 2239 ra.
2184 2215 2228 2244 P.-

111 2262 291 2305 tempore
307 2251 329 2290 a
344 2249 524 2290 Tristano
546 2262 569 2289 t.
591 2264 623 2288 2.
648 2264 681 2301 p.
705 2256 796 2299 667.
818 2254 857 2288 Sc
872 2249 954 2301 ejus
972 2249 1196 2302 sequacibus
1211 2251 1321 2290 allata
1348 2250 1527 2290 satisfacit
1549 2271 1560 2296 3
1592 2264 1678 2292 vera
1697 2253 1733 2289 &
1751 2251 1917 2304 genuina
1934 2252 2038 2293 istius
2054 2254 2147 2294 nodi
2162 2255 2221 2295 so.

110 2305 210 2347 lutio
227 2305 308 2346 haec
324 2305 398 2351 est,
426 2305 535 2358 quod
560 2305 701 2343 Decius
716 2303 940 2343 Censoriam
960 2303 1184 2358 dignitatem
1208 2307 1248 2342 ὃς
1272 2304 1528 2345 Tribunitiam
1579 2305 1777 2346 otestatem
1810 2307 1963 2346 Senatui
1987 2308 2227 2364 Populoqua·

112 2361 301 2401 Romano
320 2361 369 2400 de
387 2359 490 2399 faeto
507 2359 726 2405 restituerit,
757 2358 850 2399 teste
867 2358 1055 2412 Pompeio
1075 2359 1179 2399 Laeto
1196 2359 1238 2399 in
1255 2359 1332 2399 vita
1350 2360 1472 2400 Decii.
1504 2320 1612 2401 Niim
1616 2360 1692 2415 jus
1708 2363 1851 2414 quinta
1868 2362 2059 2404 relationis
2077 2364 2124 2408 <sy
2132 2377 2221 2419 pro.⁴

113 2416 304 2466 consulare
327 2416 550 2468 Imperium,
577 2414 675 2453 unde
708 2413 871 2469 Augusti
894 2428 1017 2453 omnes
1033 2425 1103 2467 pro
1129 2413 1353 2466 Confitlibus
1373 2430 1385 2453 :
1413 2428 1553 2455 necnon
1582 2414 1629 2458 (J
1645 2466 1647 2468 q
1650 2416 1721 2469 jus
1750 2417 1978 2457 Tribunitiae
1995 2421 2220 2473 potestatis,

113 2475 214 2527 quod
237 2472 429 2524 Augustus
447 2473 594 2524 primus
609 2470 687 2522 fibi
707 2468 881 2524 perpetuo
911 2468 1205 2514 vendicaverat,
1233 2470 1393 2511 arbitrio
1417 2470 1581 2511 Senatus
1607 2471 1816 2527 ‘Populique
1847 2473 2012 2518 Romani
2039 2478 2225 2528 permista.

113 2526 463 2580 Qemadrnodurn
481 2538 608 2566 autem
631 2525 853 2566 Valerianus
872 2525 1022 2565 Censor
1041 2524 1173 2566 absens
1193 2525 1214 2564 a
1234 2525 1376 2566 Senatu
1398 2524 1471 2566 fuit
1486 2526 1627 2567 elesius
1648 2525 1738 2572 ,ita
1767 2527 1903 2569 Vibius
1920 2530 2055 2570 Gallus
2075 2532 2218 2576 Tribu-

111 2585 245 2624 nitiam
266 2581 494 2636 potestatem
511 2582 651 2624 habere
668 2581 796 2635 potuit
813 2594 882 2634 per
899 2581 1000 2621 duos
1016 2594 1138 2622 annos
1153 2581 1293 2635 quibus
1312 2580 1455 2621 Decius
1471 2581 1670 2634 imperavit
1690 2597 1697 2621 :
1727 2594 1844 2636 atque
1862 2585 1912 2625 ita
1935 2585 2069 2626 Gallus
2090 2588 2227 2644 lmpe·'

110 2640 210 2680 rium
228 2637 391 2690 adeptus
400 2664 412 2683 ,
440 2637 587 2677 tertiam
604 2651 708 2677 anno
724 2636 875 2689 Imperii
895 2637 1041 2690 primo,
1070 2649 1245 2690 quartam
1263 2637 1355 2675 vero
1371 2650 1474 2676 anno
1498 2637 1666 2677 secundo
1692 2637 1728 2676 in
1755 2641 1920 2680 nummis
1949 2641 2133 2695 apposuit.
2173 2646 2215 2688 Si

112 2695 206 2734 vero
232 2692 449 2732 Tribunitia
474 2693 640 2746 potestas
665 2693 686 2732 a
714 2691 830 2731 Gallo
854 2691 922 2731 sub
949 2692 1072 2731 Decio
1088 2705 1156 2744 per
1174 2691 1275 2731 duos
1293 2705 1414 2731 annos
1430 2692 1533 2745 gesta
1550 2692 1775 2745 quibusdam
1796 2708 1876 2734 non
1897 2695 2040 2748 placet,
2069 2700 2116 2738 ab
2132 2700 2215 2742 aliis

108 2749 211 2790 illam
227 2748 359 2788 initam
376 2747 483 2787 fuisse
498 2748 646 2788 necesse
663 2747 716 2787 est
735 2767 747 2793 3
774 2746 839 2787 sed
855 2760 972 2786 nemo
988 2746 1093 2785 Trib.
1113 2746 1341 2800 potestatem
1360 2747 1381 2786 a
1399 2747 1515 2787 Gallo
1531 2748 1828 2802 imperatoribus
1845 2752 2054 2793 restitutam
2071 2769 2213 2812 negare

109 2804 259 2859 potest,
287 2817 403 2857 quam
422 2804 583 2856 proinde
600 2804 660 2843 ille
676 2803 714 2842 in
731 2802 896 2842 nummis
915 2801 1020 2856 quasi
1038 2802 1086 2842 ab
1101 2803 1273 2855 imperio
1291 2816 1489 2856 nunquam
1513 2803 1716 2856 sejunstam
1728 2831 1739 2850 ‚
1769 2810 1808 2846 &
1825 2807 1846 2847 a
1872 2820 1996 2848 morte
2012 2809 2212 2868 Philippo-

109 2873 196 2902 rum
215 2870 477 2912 computatam
494 2858 559 2899 fibi
580 2858 764 2899 continuo
782 2857 1010 2905 vindicavit,
1040 2870 1082 2898 ut
1099 2861 1138 2898 &
1155 2857 1251 2899 filius
1273 2857 1504 2900 Volufianus
1524 2859 1658 2900 cadem
1684 2862 1830 2904 ratione
1847 2877 1924 2921 qua
1940 2876 2060 2920 patet.
2197 2859 2210 2866 ”

163 2937 330 2994 Uterque
348 2935 864 2991 nummus-fi’cundaeformae,
884 2938 989 2990 prior
998 2947 1068 2991 pro
1083 2936 1194 2977 obvio
1216 2936 1410 2977 habendus
1421 2962 1435 2984 ‚
1451 2936 1629 2992 posterior
1646 2953 1758 2980 rarus·
1777 2941 1839 2993 ‘st-

762 3048 798 3088 C
824 3047 917 3097 QAE
945 3047 979 3088 S
1000 3047 1048 3088 A
1073 3047 1116 3089 R
1143 3047 1184 3089 E
1210 3047 1256 3088 A
1308 3044 1540 3101 Pa'laestinae.

103 3688 123 3722 1
133 3684 170 3719 M
183 3688 219 3716 P.
247 3686 285 3716 c.
316 3688 350 3717 c.
378 3686 409 3716 >v
419 3688 447 3715 o
459 3686 486 3717 r,
497 3687 525 3715 v
537 3687 556 3715 s
570 3687 585 3715 1
598 3688 626 3715 A
638 3685 670 3714 N
682 3688 708 3714 v
718 3686 748 3715 s.
781 3687 809 3715 A
822 3683 850 3714 v
861 3688 901 3717 G.
937 3673 1070 3731 Caput
1085 3671 1286 3721 Volusiani
1307 3676 1528 3726 laureatum.

126 3766 129 3770 ,
158 3747 183 3774 c
194 3745 222 3773 o
233 3745 273 3771 L.
305 3743 337 3770 P.
369 3744 406 3773 ε.
435 3745 460 3772 c
473 3745 500 3771 A
515 3745 538 3771 E
551 3745 585 3771 s.
616 3745 652 3770 M
665 3744 688 3771 E
704 3744 741 3770 T.
772 3744 795 3770 Ρ
808 3744 851 3772 R.
882 3746 917 3773 s.
947 3745 968 3771 Ρ
982 3746 1008 3773 A
1020 3747 1059 3774 1..
1099 3733 1254 3775 Colonia
1265 3735 1402 3776 Prima
1419 3735 1559 3778 Flavia
1572 3733 1742 3787 Caesarea
1753 3732 1973 3794 Metropolis
1978 3741 2192 3794 provincia

211 3784 328 3839 Syriae
345 3785 573 3834 Palaestinae.
608 3786 749 3840 Figura
766 3786 869 3826 nuda
887 3787 1011 3842 capite
1028 3789 1177 3832 radiato
1194 3792 1379 3846 prostrata
1395 3791 1506 3847 super
1521 3793 1694 3835 Leonem
1708 3817 1722 3843 ,
1749 3793 1921 3838 dextram
1942 3797 2102 3846 attollit,
2129 3799 2192 3841 lat«

215 3842 264 3884 va
277 3840 487 3897 scipionem
502 3842 567 3883 seu
585 3841 729 3883 hastam
744 3856 888 3898 puram.

1360 3924 1424 3966 Ee
1453 3934 1476 3980 3
1803 3923 1809 3927 ⁵
2027 3929 2200 3988 Caefirea
