2491 4219
218 124 312 167 166
466 154 468 158 s
758 112 1845 210 PH41L1PPUSSEN101Q

207 729 257 757 Μ.
288 729 304 755 1
317 730 343 756 v
356 729 396 756 L.
428 730 450 756 P
463 733 491 758 H
502 732 516 758 1
528 733 554 758 L
568 731 583 757 1
597 731 653 760 BP
666 732 693 759 v
706 731 726 758 s
761 732 787 758 A
803 732 829 759 v
841 732 881 758 G.
910 719 1045 774 Caput
1061 719 1239 777 Philippi
1250 720 1472 763 laureatum.

262 786 372 813 coi..
404 786 419 811 1
432 787 502 813 vi..
537 788 563 813 A
579 788 605 813 v
617 787 657 814 G.
691 789 714 814 12
730 789 752 814 E
765 789 800 814 L.
831 789 860 814 H
873 788 895 813 Ε
908 789 959 830 1..
986 776 1141 817 Colonia
1170 778 1274 817 lulia
1300 778 1474 833 Augusta
1494 774 1608 818 Felix
1635 775 1935 833 Heliopolitana.
1967 777 2184 822 Mercurius
2211 780 2325 825 stans

317 828 551 876 succinftus,
579 829 714 871 dextra
733 843 976 878 crumenam,
1006 831 1100 873 laeva
1119 832 1344 873 caduceum.

259 906 479 948 Mercurius
496 909 534 947 in
553 907 846 964 Heliopolitana
863 909 1033 950 Colonia
1050 910 1176 952 cultus
1193 909 1302 952 fuisse
1317 911 1468 953 videtur
1487 927 1495 952 :
1524 911 1743 954 Mercurios
1759 912 1918 967 quidem
1943 915 2117 969 quinque
2136 926 2313 958 numerat

203 961 349 1004 Cicero
365 964 415 1004 de
434 964 527 1004 Nat.
547 964 663 1005 Deor.
684 965 782 1005 inter
802 979 902 1020 quos
919 966 1079 1019 quintus
1100 968 1250 1022 Argum
1271 967 1499 1009 interemisse
1517 967 1676 1015 dicitur,
1705 967 1758 1009 ob
1774 982 1938 1023 eamque
1959 970 2106 1010 causam
2133 971 2313 1025 AEgypto

200 1018 392 1073 praefuiffe
412 1047 423 1065 ‚
465 1031 585 1073 atque
615 1019 816 1075 AEgyptiis
846 1021 970 1076 Leges
997 1021 1270 1063 demonstrasse
1289 1049 1301 1070 ,
1337 1023 1522 1078 idemque
1549 1025 1571 1064 εὶ
1596 1024 1844 1064 Phoenicibus
1872 1026 1909 1064 Y
1905 1025 2047 1065 bantus
2075 1027 2310 1080 appellatur,

200 1073 314 1129 quod
331 1075 477 1129 primus
492 1074 652 1122 menfis,
679 1076 719 1116 id
741 1076 815 1124 est,
845 1076 1092 1131 September,
1122 1077 1260 1119 Thoth
1277 1079 1327 1119 ab
1342 1079 1408 1120 illo
1424 1090 1583 1120 vocatus
1601 1078 1656 1120 fit.
1686 1080 1903 1121 Mercurius
1919 1081 1958 1120 in
1974 1080 2183 1135 Tyriorum
2199 1097 2313 1124 num-

200 1131 275 1172 mis
293 1132 515 1186 depingitur
534 1146 623 1172 cum
640 1132 775 1180 radio,
802 1146 885 1186 quo
908 1132 1103 1188 Astrologi
1129 1148 1203 1189 pro
1228 1135 1348 1189 globo
1377 1146 1537 1176 utuntur
1560 1135 1665 1182 ,sed
1686 1134 1748 1176 hic
1773 1149 1990 1176 crumenam
2008 1148 2192 1191 tanquam
2207 1151 2310 1179 mer-

202 1187 305 1228 cium
334 1187 473 1228 Praeses
493 1187 625 1229 dextra
650 1189 769 1244 gerit,
797 1188 890 1229 laeva
913 1190 1007 1230 vero
1031 1188 1266 1237 caduceum,
1293 1204 1411 1245 quern
1437 1191 1500 1232 ille
1523 1190 1574 1231 ad
1596 1190 1743 1232 dissidia
1774 1195 1813 1231 ὃς
1833 1193 2101 1233 contentiones
2121 1192 2310 1236 tollendas

198 1241 449 1298 praeferebat,
477 1243 650 1285 indicans
668 1245 717 1285 ad
733 1257 986 1286 mercaturam
1008 1246 1318 1287 commodiorem
1337 1247 1441 1302 pacis
1458 1258 1634 1302 tempora
1651 1247 1793 1289 bellicis
1813 1247 1889 1290 esse
1905 1246 2152 1302 praeferenda.

254 1321 340 1363 Hic
355 1337 529 1366 nummus
545 1323 683 1377 infimae
697 1323 805 1366 molis
824 1325 925 1366 inter
946 1326 1105 1366 rariores
1119 1325 1360 1380 reponendus.

200 2006 315 2037 IMP.
345 2003 494 2032 CAES.
524 2002 574 2030 M.
606 2001 711 2032 IVL.
740 1999 1050 2030 PHILIPva.
1083 1999 1207 2028 Ave.
1235 1983 1554 2048 CaputPhilippi
1570 1983 1791 2025 laureatum.

258 2062 321 2091 co
335 2063 374 2088 L.
406 2061 519 2087 HEL.
551 2060 577 2085 1.
606 2061 642 2087 o.
674 2058 725 2085 Μ.
754 2059 796 2086 Η.
827 2045 983 2087 Colonia
1000 2042 1300 2097 Heliopolitana.
1327 2041 1430 2095 Jovt
1450 2042 1606 2096 Optimo
1622 2039 1802 2081 Maximo
1817 2033 2108 2093 Heliopolitana.
2143 2026 2314 2094 Cuprel}

313 2104 375 2145 sus
394 2102 434 2143 in
451 2101 597 2156 templo
614 2100 824 2142 duodecim
838 2101 1028 2144 columnis
1043 2099 1223 2147 suffulto,
1250 2108 1341 2140 ante
1356 2097 1498 2155 gradus
1517 2096 1632 2139 arula.

257 2182 326 2225 Ad
349 2178 591 2234 Heliopolim
617 2177 837 2232 Coelesyriae
858 2178 994 2218 urbem
1016 2178 1182 2231 pertinet
1205 2190 1408 2222 nummus,
1437 2180 1478 2216 &
1496 2188 1579 2216 non
1597 2173 1647 2214 ad
1664 2172 1846 2234 Helviam
1864 2171 2096 2233 Coloniam,
2124 2171 2182 2235 uti
2195 2170 2317 2215 refers:

201 2240 353 2282 Comes
373 2235 654 2278 Mediobarbus
670 2248 758 2288 pag.
780 2245 872 2286 347.
901 2233 970 2273 Illa
989 2231 1165 2286 Septimii
1181 2230 1311 2272 Severi
1331 2229 1519 2277 studiosa,
1546 2227 1734 2282 templum
1750 2227 1844 2282 Jovi
1867 2226 2036 2289 Optimo
2058 2227 2238 2269 Maximo
2255 2228 2317 2291 1313

203 2309 313 2337 crum
328 2294 366 2333 in
386 2293 471 2345 ejus
487 2290 656 2330 nummis
668 2291 749 2342 jam
766 2287 942 2328 exhibuit
956 2307 970 2334 ;
998 2286 1065 2326 sed
1079 2285 1251 2339 ejusdem
1269 2285 1359 2324 aedis
1376 2297 1493 2338 typus
1509 2285 1549 2323 in
1565 2283 1703 2335 majori
1719 2295 1881 2323 nummo
1896 2283 2058 2338 amplior
2073 2283 2136 2324 est.
2165 2283 2316 2326 Coloni

201 2365 249 2393 ex
267 2350 362 2391 urbe
377 2348 509 2389 Roma
529 2343 624 2385 miffi
636 2372 649 2392 ‚
676 2343 913 2399 praecipuum
932 2342 1037 2383 urbis
1050 2355 1194 2382 numen
1213 2340 1455 2393 Heliopolim
1472 2338 1722 2393 asportarunt.
1750 2337 1961 2392 Templum
1977 2338 2080 2391 Jovis
2097 2339 2313 2394 Capitolini

200 2410 240 2450 in
261 2406 398 2448 oetava
415 2404 556 2444 Romae
572 2400 731 2457 regione
745 2399 910 2440 collocat
924 2397 965 2437 P.
988 2397 1149 2444 Victor,
1178 2395 1289 2450 quod
1308 2394 1546 2450 Tarquinius
1561 2393 1707 2434 Priscus
1725 2393 1854 2440 vovit,
1881 2393 2118 2454 Tarquinius
2132 2395 2226 2455 vero
2242 2395 2314 2435 Su—

199 2464 345 2519 perbus
361 2461 382 2501 a
402 2457 662 2499 fundamentis
682 2455 824 2502 erexit,
854 2452 997 2495 deinde
1015 2453 1119 2494 idem
1137 2467 1210 2493 xi..
1226 2464 1406 2506 argentea
1422 2450 1537 2491 millia
1560 2450 1610 2490 ad
1632 2449 1730 2490 illius
1752 2449 1974 2511 structuram
1998 2449 2216 2512 impend1t3
2245 2448 2312 2490 sed

201 2533 307 2562 anno
324 2515 410 2570 post
429 2514 552 2569 ipsum
576 2514 597 2554 ἐ
617 2526 738 2567 regno
754 2511 942 2564 ejeecum,
972 2510 1160 2550 Horatius
1178 2508 1325 2548 Consul
1346 2507 1451 2548 idem
1466 2505 1661 2546 dedicavit
1685 2525 1697 2552 ς
1717 2503 1873 2559 Jupiter
1899 2505 1992 2546 vero
2015 2504 2201 2566 Optimus
2222 2505 2313 2546 Ma.

201 2576 349 2619 ximus,
376 2581 536 2612 vocatus
559 2568 674 2609 etiam
704 2567 758 2607 est
782 2565 1049 2620 Capitolinus,
1076 2563 1188 2619 quod
1211 2563 1323 2617 supra
1349 2561 1589 2617 Capitolium
1617 2559 1812 2622 templum.
1829 2559 1912 2613 ejus
1935 2559 2026 2601 esset
2053 2559 2310 2623 aedificatum:

202 2630 269 2671 sed
287 2630 376 2669 cum
392 2625 519 2666 sedem
536 2622 741 2664 mutass‘ent
754 2622 946 2667 Romani,
975 2635 1047 2675 pro
1064 2619 1292 2674 Capitolino
1304 2647 1316 2666 ,
1344 2619 1418 2658 loci
1437 2618 1595 2659 nomine
1612 2616 1948 2670 Heliopolitanum
1975 2615 2025 2656 de
2048 2615 2226 2677 Coloniae
2242 2629 2310 2670 ap-

202 2685 412 2741 pellatione
429 2680 760 2722 coenominarunt.
790 2675 1001 2730 Cupreffus
1016 2677 1055 2716 in
1073 2675 1154 2723 eius
1171 2673 1276 2715 aditu
1297 2674 1448 2716 videtur
1465 2673 1609 2727 pofita,
1638 2672 1748 2727 quod
1764 2671 1847 2712 haec
1866 2673 1977 2712 arbor
1985 2670 2073 2732 'Soli
2086 2671 2178 2712 esset
2187 2670 2311 2720 sacra,

201 2740 314 2794 cujus
334 2714 643 2778 nomennferebat
657 2734 789 2775 civitas
807 2732 906 2773 dista
926 2730 1168 2786 Heliopolis,
1197 2729 1287 2769 urbs
1306 2729 1413 2770 Solos.
1453 2729 1591 2784 Assyrii
1613 2740 1743 2769 autern
1763 2727 1802 2767 in
1825 2726 1899 2790 hac
1919 2728 2073 2789 civitate
2091 2726 2219 2767 Solem
2237 2727 2308 2768 sub

204 2795 310 2850 Jovis
334 2793 491 2833 nomine
510 2790 705 2836 colebant,
733 2800 777 2830 ut
790 2787 869 2841 jam
888 2802 937 2828 ex
957 2787 1163 2828 Macrobio
1182 2785 1348 2826 diximus
1365 2786 1404 2826 in
1421 2784 1615 2826 Caracalla
1635 2798 1671 2839 p.
1693 2796 1712 2837 3
1719 2796 1756 2835 7.
1786 2781 1929 2835 Aſjyrii
1946 2795 2087 2845 quoque
2102 2781 2223 2844 Solem
2227 2781 2307 2833 sub

202 2853 351 2893 nomine
368 2849 508 2901 Jovis,
536 2860 642 2903 quem
665 2845 758 2886 Dia
782 2843 1050 2899 Heliqoolitem
1077 2843 1298 2889 nominant,
1326 2843 1505 2884 maximos
1531 2841 1746 2884 ceremoniis
1772 2837 1962 2881 celebrant
1986 2851 2028 2878 in
2042 2845 2207 2879 ctvttate
2224 2849 2309 2893 qua

203 2905 413 2961 Heliopolis
435 2911 683 2958 nuncupatur.

259 2986 341 3028 Hic
357 2997 528 3027 nummus
535 2984 671 3040 primae
686 2979 960 3037 magnitudinis
975 2990 1087 3020 rarus
1102 2975 1151 3030 est
1171 2973 1220 3020 ὠ
1239 2975 1398 3029 elegans.

206 3648 323 3681 1Mp.
353 3644 417 3674 CA
433 3643 457 3669 Ε
472 3637 1038 3671 s.M.1VL.P1-11L11’1‘08
1070 3635 1191 3665 PIVS
1223 3634 1336 3663 FEL.
1368 3635 1493 3680 Ave..
1515 3618 1649 3681 Caput
1663 3614 1830 3679 Philippi
1847 3613 2065 3655 laureatum.

211 3686 215 3690 ⁵
266 3706 290 3732 c
301 3705 327 3731 o
341 3703 380 3730 L.
409 3701 426 3727 1
438 3700 464 3726 v
477 3700 515 3726 L.
547 3700 573 3724 A
586 3700 611 3725 v
626 3700 665 3726 G.
698 3700 721 3726 F
735 3700 758 3725 E
770 3699 809 3725 1..
838 3698 866 3723 H
878 3697 901 3722 E
913 3697 950 3722 L.
979 3680 1134 3721 Colonia
1160 3678 1276 3732 Julia
1298 3677 1472 3731 Augusta
1496 3673 1609 3716 Felix
1634 3670 1926 3725 Heliopolitana.
1944 3665 2170 3730 .T.emP¹¹¹¹.¹²
2185 3666 2297 3722 supra

246 3779 254 3783 -
319 3757 435 3800 rupes
454 3754 541 3782 cum
557 3741 650 3780 scala
664 3741 872 3782 multorum
887 3736 1099 3793 graduum,
1125 3747 1214 3777 ante
1232 3732 1341 3789 quod
1352 3732 1475 3784 arula,
1503 3734 1543 3772 &
1550 3730 1698 3785 prope,
1724 3724 1848 3768 vasad
1862 3722 2104 3771 sacrificium,
2132 3737 2174 3765 in
2186 3738 2296 3774 area,

318 3802 426 3854 juxta
440 3798 543 3838 scalae
554 3797 755 3843 verticem,
774 3795 976 3836 caduceus.
1003 3824 1009 3826 -
2134 3857 2141 3864 ·
2202 3858 2209 3865 .

264 3879 345 3920 Cui
363 3876 509 3918 numini
527 3875 695 3915 dicatum
713 3873 756 3913 fit
773 3873 848 3912 hoc
868 3871 1054 3925 templum
1071 3896 1084 3916 ,
1109 3867 1180 3908 nifi
1195 3866 1385 3908 caduceus
1408 3865 1447 3905 in
1471 3862 1654 3904 Mercurii
1676 3861 1865 3902 honorem
1884 3857 2111 3899 aedificatum
2130 3857 2295 3907 indicet,

203 3936 268 3979 vix
284 3931 441 3978 asserere
456 3930 677 3987 poterimus.
714 3927 952 3969 Mercurium
968 3924 1170 3979 Heliopoli
1190 3923 1336 3965 cultum
1358 3919 1493 3963 docuit
1514 3932 1587 3960 nos
1609 3916 1778 3982 superior
1801 3913 1971 3968 ejusdem
1995 3914 2163 3969 Philippi
2182 3927 2293 4009 1131ῗὲ

1732 4121 1792 4133 “Q-
