2491 4219
236 120 330 161 182
880 107 1684 161 OTACILIAJ

232 180 327 221 chiae
337 207 348 226 ,
377 179 499 232 Jovis
515 179 722 234 Capitolini
739 178 977 233 magnificum
996 178 1196 233 templum,
1221 191 1296 217 non
1311 178 1530 234 laqueatum
1544 194 1634 221 auro
1651 177 1806 220 tantiam
1824 176 1836 226 ',
1853 178 1932 230 fid
1940 179 2160 234 parietibus
2177 180 2270 221 totis
2283 180 2341 221 lass

232 237 338 275 mina
357 237 586 275 inauratum.
624 236 717 288 Qua
736 238 830 274 vero
846 234 897 274 de
912 233 1020 274 causa
1036 233 1113 274 hoc
1128 232 1317 286 templum
1334 234 1374 273 in
1389 237 1516 277 aversa
1531 236 1701 291 Philippi
1718 239 1755 275 &
1773 235 1949 275 Otaciliae
1965 249 2213 276 nummorum
2230 246 2340 290 parte

234 291 285 331 ab
302 289 601 344 Heliopolitam's
616 281 804 342 sculptum
820 288 934 330 fuerit
945 317 957 336 ,
984 290 1126 330 indicat
1141 289 1244 329 arula
1260 298 1349 329 ante
1367 291 1554 344 templum
1565 319 1579 339 ‚
1607 292 1660 333 ob
1680 290 1780 333 sacra
1798 290 2079 346 Imperatori&
2094 292 2278 347 Augustae
2294 291 2336 332 in

236 346 315 387 hoc
335 346 481 400 templo
491 346 584 400 Jovi
601 346 648 385 ab
665 345 734 386 illis
750 356 974 399 perpetrata.

291 424 375 465 Hic
391 437 561 465 nummus
571 425 694 479 primi
711 422 759 468 ὅγ’
762 422 925 476 secundi
940 423 1081 465 moduli
1096 424 1216 464 rarior
1231 422 1283 472 est
1298 425 1339 464 in
1356 422 1543 464 Otacilia.

906 525 1415 571 NEA‘POLIS
1467 526 1660 569 Samaria.

232 1137 284 1164 M.
315 1138 342 1164 o
358 1138 395 1164 T.
428 1138 447 1164 s
462 1138 485 1164 E
498 1138 525 1164 v
539 1139 560 1164 ιε
573 1138 601 1165 R
615 1138 643 1164 A
656 1138 694 1164 E.
727 1137 754 1163 A
768 1138 794 1164 v
808 1138 847 1164 G.
878 1135 927 1162 M.
956 1135 993 1161 c.
1028 1122 1194 1164 Marcia
1213 1123 1396 1164 Otaciliae
1420 1123 1571 1164 Severa
1596 1122 1777 1180 Angustae
1799 1123 1928 1166 Matri
1949 1125 2170 1178 Castrorum.
2209 1127 2344 1183 Caput

343 1180 521 1221 Otacilia:
538 1182 649 1235 supra
665 1179 840 1220 falcatam
857 1179 1009 1218 Lunam
1026 1178 1262 1232 impositum.

287 1249 312 1276 c
323 1249 349 1275 o
362 1251 402 1276 L.
433 1250 491 1332 sle
506 1250 535 1276 R
547 1250 586 1276 o.
617 1249 648 1275 N
661 1250 685 1275 E
697 1249 726 1275 A
739 1249 761 1275 r
775 1249 800 1276 o
815 1249 853 1276 L.
890 1232 1047 1274 Colonia
1063 1235 1195 1290 Sergia
1214 1233 1409 1290 Neapolvs.
1447 1234 1628 1276 Colonus
1645 1236 1725 1292 agit
1745 1235 1886 1284 boves,
1913 1236 1953 1277 in
1970 1238 2111 1278 vertice
2125 1251 2239 1280 mons
2253 1252 2346 1281 cum

344 1304 451 1347 temp
466 1307 504 1332 0.

288 1371 447 1412 Patinus
462 1370 567 1411 hunc
587 1383 790 1411 nummum
809 1369 999 1424 vulgavit,
1028 1370 1224 1412 &litteras
1243 1384 1294 1410 M.
1324 1384 1361 1410 c.
1390 1370 1647 1425 inscriptionis
1671 1372 1769 1412 circa
1794 1383 1930 1426 caput,
1957 1373 2088 1414 Matri
2111 1373 2274 1426 Caesaris
2289 1373 2349 1413 in-

232 1438 461 1481 terpretatus
481 1427 555 1473 cst,
583 1428 648 1467 sed
664 1427 795 1481 potius
811 1425 882 1465 illae
899 1425 950 1466 de
966 1426 1104 1481 insigni
1124 1441 1161 1466 M
1174 1441 1200 1466 A
1216 1442 1239 1467 T
1255 1441 1281 1467 R
1300 1440 1316 1465 1
1346 1441 1369 1466 c
1383 1440 1410 1465 A
1425 1440 1444 1465 s
1458 1440 1482 1466 τ
1494 1440 1524 1466 R
1538 1440 1563 1466 o
1576 1440 1607 1467 R
1619 1441 1645 1466 v
1656 1442 1694 1468 Μ
1711 1427 1822 1468 titulo
1835 1429 1875 1468 in
1892 1430 2076 1485 Augustis
2091 1429 2260 1470 foeminis
2279 1428 2350 1469 ob-

231 1483 298 1523 vio
318 1482 555 1535 explicandae
576 1483 753 1522 videntur
772 1502 785 1528 3
813 1481 961 1522 erosam
987 1483 1102 1522 etiam
1131 1483 1187 1522 vir
1215 1482 1386 1522 eruditus
1415 1482 1552 1536 aversae
1582 1485 1699 1535 partis
1726 1484 1876 1524 nummi
1892 1485 2129 1540 epigraphen
2150 1484 2348 1540 Berytenfi

233 1538 415 1579 Coloniae
434 1537 575 1579 dubius
594 1538 741 1584 tribuit,
773 1549 812 1578 at
829 1551 942 1578 mons
958 1537 1156 1584 Garizim,
1185 1537 1235 1578 ad
1253 1537 1362 1590 eujus
1379 1536 1524 1578 radices
1542 1550 1622 1580 erat
1647 1539 1804 1580 condita
1823 1539 2015 1595 Neapolis
2041 1541 2236 1587 Samariae,
2264 1553 2351 1594 pet-

174 1633 177 1636 *
232 1605 396 1648 petuum
414 1593 530 1646 hujus
551 1594 729 1635 Colonia*
745 1593 959 1647 symbolum
976 1593 1031 1633 est
1051 1613 1063 1640 3
1092 1607 1298 1634 nummum
1316 1603 1444 1633 autem
1467 1593 1572 1633 hunc
1591 1594 1785 1651 integrum
1804 1595 1983 1637 vidimus.
2023 1597 2114 1637 Vox
2136 1610 2155 1636 s
2168 1610 2192 1636 E
2206 1610 2236 1636 R
2250 1609 2291 1636 G.
2309 1595 2352 1636 in

233 1650 402 1689 nummis
426 1649 595 1705 Philippi
625 1663 851 1695 SERGIA,
883 1663 901 1688 s
918 1662 1204 1696 ERGIANA,
1231 1649 1292 1690 vel
1325 1661 1702 1692 SERGIOPOLIT
1718 1665 1830 1691 ANA
1856 1652 1878 1691 a
1903 1653 2015 1693 nobis
2043 1651 2240 1706 proposita
2270 1650 2351 1698 est,

233 1719 322 1758 quae
337 1704 364 1745 fi
382 1704 572 1759 Sergiam
592 1705 652 1745 vel
668 1704 1020 1759 Sergianopolz'tanae
1036 1704 1241 1759 explicatio
1260 1718 1340 1745 non
1362 1704 1545 1752 arrideat,
1573 1705 1706 1762 Sergia
1729 1706 1856 1747 forsan
1873 1708 1944 1748 erit
1960 1708 2134 1763 eligenda
2151 1708 2178 1748 a*
2190 1707 2351 1747 nomine

235 1762 376 1815 Sergiae
394 1763 537 1808 tribus,
566 1775 614 1801 ex
632 1775 710 1815 qua
727 1762 899 1801 Romani
916 1761 1062 1801 Coloni
1083 1761 1296 1817 Neapolim
1312 1760 1398 1801 sunt
1411 1759 1570 1801 deducu
1600 1777 1608 1802 :
1636 1777 1683 1803 ex
1711 1763 1804 1803 urbe
1824 1763 1886 1802 vel
1903 1777 1950 1804 ex
1967 1764 2139 1804 tribubus
2157 1762 2351 1804 Romanis

234 1815 546 1863 deducebantur,
576 1829 615 1858 at
634 1818 722 1857 cum
752 1816 881 1873 Sergia
904 1817 997 1858 estet
1020 1818 1161 1867 tribus,
1188 1818 1299 1872 cujus
1325 1818 1503 1858 meminit
1528 1817 1670 1860 Cicero
1694 1819 1735 1859 in
1766 1818 1990 1866 Vatinium,
2017 1819 2185 1873 Sergiam
2208 1817 2352 1858 tribum

228 1880 369 1928 praeter
396 1873 598 1914 Vatinium
625 1887 729 1913 nemo
754 1886 921 1928 unquam
939 1874 1125 1928 perdidit.
1175 1874 1386 1916 Poedianus
1410 1873 1503 1914 vero
1531 1873 1571 1913 in
1600 1874 1874 1915 Cornelianam
1905 1890 1912 1914 :
1941 1873 2072 1928 Sergia
2100 1872 2147 1918 &⁵
2178 1873 2353 1928 ,Quirina

234 1928 528 1968 damnaverunt.
558 1929 615 1968 Ex
631 1942 676 1969 ea
692 1928 816 1969 forsan
833 1929 980 1969 Coloni
1000 1929 1126 1971 seleffi
1142 1930 1249 1977 sunt,
1279 1933 1317 1970 &
1335 1929 1555 1984 Neapolim
1572 1928 1787 1978 transmissi,
1815 1929 1920 1972 unde
1942 1931 2112 1973 Colonia
2130 1928 2264 1986 Sergia
2278 1941 2351 1986 prq

235 1981 386 2025 Flaviae
405 1983 662 2038 appellatione
680 1997 799 2038 quarn
816 1985 838 2024 a
858 1985 1100 2040 Vespafianis
1118 1986 1328 2033 habuerat,
1355 1985 1546 2041 appellata
1565 1986 1632 2028 est.

234 2095 240 2099 .
290 2060 374 2106 Hic
392 2074 564 2104 nummus
579 2063 795 2114 mediocria,
822 2062 847 2105 ιὶ
863 2064 1014 2109 Patina
1017 2076 1112 2121 pag.
1135 2068 1185 2120 38
1195 2077 1230 2118 5.
1249 2064 1400 2113 editas,
1418 2074 1493 2119 pro
1507 2064 1688 2120 rariffimo
1705 2064 1908 2119 notandus,

1002 2161 1577 2221 ΝΕειΒΙῡζ

238 2776 290 2805 M.
321 2775 348 2801 n
361 2775 384 2802 Τ
399 2776 425 2802 A
440 2776 480 2802 K.
510 2775 534 2802 c
547 2774 570 2799 Γ,
584 2774 610 2800 o
622 2771 646 2798 τ
657 2774 685 2800 u
699 2774 720 2800 P
734 2758 778 2799 Αζ
808 2773 832 2800 c
844 2773 868 2799 Ε
879 2774 916 2800 Β.
947 2759 1082 2813 Caput
1098 2757 1276 2799 Otaciliae
1290 2758 1452 2798 Severae.

292 2833 310 2860 1
321 2833 347 2859 ο
356 2830 381 2858 Υ
391 2830 428 2856 Λ.
468 2832 491 2857 c
503 2831 527 2856 E
539 2831 577 2857 Π.
609 2830 634 2856 1<
646 2830 672 2856 o
683 2829 709 2854 A
719 2830 758 2855 Ω.
799 2828 829 2854 N
842 2829 865 2854 E
878 2829 901 2855 c
916 2829 931 2854 1
942 2829 966 2854 B
978 2829 1006 2854 1.
1045 2828 1081 2853 M
1093 2828 1117 2854 F,
1130 2828 1170 2853 T.
1210 2820 1296 2851 ιελίω
1311 2816 1455 2862 Σετῆιμίω
1468 2816 1602 2850 Κολωνιόι
1618 2816 1724 2851 Νὲσιξι
1743 2813 1934 2855 Μητρόπλιςὲ
1978 2809 2122 2866 Figura
2154 2805 2353 2850 muliebris

348 2872 481 2914 turrita
499 2875 537 2912 &
554 2871 677 2912 velata
691 2869 860 2910 infidens
879 2870 1062 2924 rupibus,
1090 2868 1225 2910 dextra
1242 2868 1384 2922 spicas,
1411 2868 1522 2924 supra
1539 2880 1657 2923 caput
1674 2867 1797 2908 Aries.

291 2951 449 2993 Ncfibis
473 2951 562 2991 cum
586 2950 683 2990 inter
704 2948 1001 3002 Mesopotamia:
1023 2947 1270 3001 Metropoles
1298 2950 1319 2987 a
1344 2947 1526 3001 Philippo
1551 2958 1801 2988 annumerata
1826 2944 1974 2991 fuisset,
2006 2943 2143 3004 Juliarn
2171 2954 2219 2983 ex
2239 2941 2351 2996 Juliae

236 3009 407 3062 Philippi
421 3007 545 3061 gentis
560 3004 816 3060 appellatione
833 3003 870 3043 le
886 3002 1124 3055 nuncupavit
1134 3029 1146 3048 ,
1173 3002 1284 3056 quod
1300 3001 1516 3042 manifestat
1531 3002 1857 3056 Mesopotamiam
1872 3000 1992 3042 Perfis
2008 3000 2028 3039 a
2043 2999 2226 3053 Philippo
2241 2996 2351 3038 haud

239 3065 407 3106 rCll&am
424 3062 533 3102 fuisse
545 3089 557 3108 ‚
588 3073 630 3101 ut
646 3059 772 3100 scribit
788 3058 962 3098 Zonaras
981 3059 1083 3097 Ann.
1105 3057 1129 3096 1.
1150 3070 1186 3097 2.
1217 3061 1343 3098 Σπυνδαὶς
1359 3061 1392 3095 δὲ
1408 3061 1489 3103 πῶς
1504 3061 1656 3107 Σωποίρῖω
1672 3060 1788 3106 §efflat
1803 3062 1823 3094 ¹3¹·
1838 3065 1864 3096 ’‘i-'¹
1880 3063 1997 3108 Περσῶν
2014 3058 2216 3101 βοισ-ιλόῖἷονπο
2230 3059 2250 3092 ’ἲ-
2266 3058 2350 3102 eas-&5

238 3129 352 3172 Πέρσας
366 3123 506 3158 uanam
521 3121 643 3166 πόλεμον
659 3117 862 3164 ωθὲμχορῆοας
875 3119 970 3152 αὐτοῖς
986 3118 1209 3162 Mammula
1227 3119 1251 3166 ιζ,
1269 3113 1422 3164 Αςμὶὲῦιας·
1451 3114 1548 3153 Cum
1569 3113 1708 3168 Sapore
1726 3113 1936 3165 ‘Persarum
1958 3113 2062 3167 Rege
2071 3123 2204 3166 pacem
2221 3111 2348 3166 ficit,

239 3175 514 3232 Alesopotamici
534 3173 582 3218 <sy
600 3171 785 3214 Armenta
804 3169 983 3220 concessis.
1014 3169 1130 3209 Hanc
1155 3181 1283 3210 autem
1307 3169 1444 3210 Strabo
1467 3169 1517 3209 ad
1543 3180 1719 3210 montem
1743 3167 1912 3208 Mafium
1937 3168 2121 3214 collocat,
2149 3167 2215 3208 sed
2233 3167 2349 3207 ille&

240 3233 463 3274 Plutarchus
481 3232 520 3270 in
539 3228 700 3269 Lucullo
722 3225 971 3267 Antiochiam
996 3224 1257 3280 Mygdoniam
1274 3225 1489 3279 appellant,
1515 3224 1609 3266 ideo
1625 3224 1870 3278 Capitolinus
1888 3224 1938 3264 de
1965 3222 2173 3264 Antiochia
2192 3222 2307 3278 Syriae
2325 3221 2350 3261 ὲ

240 3289 359 3329 Persis
388 3300 500 3341 capta
527 3285 593 3325 sub
621 3283 827 3324 Gordiano
850 3282 1036 3335 loquens,
1065 3281 1116 3320 de
1132 3280 1340 3321 Antiochia
1367 3279 1609 3335 Mygdonia,
1638 3279 1679 3319 id
1697 3280 1752 3320 est
1771 3279 1814 3319 N
1818 3279 1928 3326 efibi,
1957 3279 2226 3335 intelligendus
2239 3275 2347 3317 vide-

243 3356 323 3389 tur,
351 3345 411 3383 cui
428 3341 676 3396 adstipulatur
696 3338 938 3393 Pomponius
954 3337 1083 3377 Lectus
1101 3351 1109 3375 ε
1127 3336 1373 3389 Recuperatae
1388 3339 1516 3383 nrbes,
1536 3335 1752 3376 Antiochia
1766 3349 1849 3391 quae
1871 3335 1920 3387 est
1932 3333 2096 3386 Nifibis,
2115 3332 2162 3377 dy
2179 3331 2346 3373 Carrhae.

242 3399 311 3440 Illa
335 3398 451 3451 spicas
471 3398 588 3452 gerit,
619 3396 668 3435 ad
684 3394 865 3435 frumenti
881 3392 1155 3433 abundantiam
1169 3391 1208 3431 in
1227 3406 1319 3448 agro
1336 3391 1405 3432 suo
1421 3391 1683 3432 denotandam
1702 3406 1711 3430 z
1740 3390 1826 3431 duae
1844 3403 1973 3432 autem
1994 3401 2100 3430 erant
2117 3387 2345 3442 Mesopota-

245 3454 332 3496 miae
348 3466 471 3505 partes
486 3481 497 3499 ,
525 3451 654 3493 fertilis
671 3465 747 3491 una
765 3451 813 3490 ab
830 3448 1024 3490 Armeniae
1042 3448 1236 3488 montibus
1255 3447 1375 3502 usque
1395 3449 1445 3488 ad
1462 3461 1615 3488 amnem
1632 3446 1853 3487 Chaboram
1865 3473 1877 3493 ,
1907 3460 1994 3500 quae
2012 3447 2034 3485 ὲ
2051 3445 2236 3485 Strabone
2251 3442 2343 3483 Me-

245 3509 458 3564 sopotamia
475 3509 566 3548 felix
585 3519 766 3552 vocatur,
795 3505 910 3546 altera
926 3503 1067 3545 inculta
1085 3507 1123 3544 &
1138 3502 1265 3557 aspera
1282 3505 1302 3544 a
1320 3503 1505 3544 Chabora
1520 3502 1771 3557 Babyloniam
1786 3501 1915 3555 usque.
1943 3501 2088 3541 Mulier
2102 3497 2269 3559 insidens
2285 3511 2348 3538 ru-

246 3568 380 3623 pibus,
409 3564 558 3604 Genius
576 3564 629 3604 cst
646 3562 769 3608 urbis,
796 3559 934 3601 insidet
950 3560 1109 3614 quidem
1125 3560 1365 3606 monticulis,
1392 3560 1441 3600 ad
1457 3558 1724 3600 denotandum
1741 3557 1857 3611 ipsius
1873 3557 2006 3603 fiturn,
2034 3567 2149 3609 quem
2167 3567 2213 3594 ex
2227 3552 2345 3607 ipfius

247 3618 350 3668 urbis
365 3630 497 3673 etymo
513 3620 649 3670 probat
665 3617 744 3671 ipse
759 3616 975 3671 Stephanus
991 3629 1038 3655 cx
1055 3614 1228 3661 Uranio‚
1258 3614 1301 3654 N
1305 3614 1414 3655 esibis
1431 3615 1578 3669 quippe
1595 3627 1771 3670 aggerem
1789 3611 1980 3667 significat.
2010 3621 2052 3649 Ως
2067 3611 2086 3658 {3
2104 3611 2269 3658 odedu&
2285 3613 2344 3647 Νέ-

249 3677 324 3717 m'et,
340 3687 432 3724 φησι,
460 3680 584 3723 faia-*cim
601 3681 637 3722 τῇ
652 3680 777 3711 Φοινίκων
793 3679 875 3722 φωνῇ
889 3677 964 3715 λίθτι
980 3671 1179 3719 cvra-*ssiam
1204 3677 1389 3721 ουμφορηπί.
1423 3670 1479 3711 Ut
1493 3677 1618 3710 autem
1636 3670 1816 3715 Uranms,
1824 3666 1985 3718 Ncssbis,
2000 3666 2126 3722 inquit
2135 3692 2148 3712 ,
2151 3662 2343 3721 fignfficat

248 3735 478 3776 ‘Phoenicnm
494 3729 622 3781 lingua
632 3755 644 3774 ,
673 3728 814 3782 lapides
830 3726 1328 3782 congestosstmnljacentes‚

266 3832 270 3836 ·
299 3811 383 3852 Hic
400 3820 570 3851 nummus
584 3805 922 3860 mediocrisformae
934 3815 1004 3860 pro
1020 3802 1196 3856 rarffmo
1216 3801 1423 3844 habenam.
