2491 4219
139 147 305 211 240·
891 137 1534 196 GALLIENUS.

936 235 1462 282 DAMASCUS.

131 797 149 825 1
160 798 197 826 M
211 797 243 824 Ρ.
275 798 302 825 1,
315 797 331 824 1
345 798 380 825 c.
413 797 440 824 G
455 798 481 824 A
494 796 520 825 t.
533 797 558 825 L
571 796 587 823 1
598 797 622 823 Ε
634 797 664 824 N
677 797 704 824 v
717 797 736 824 s
770 797 798 824 A
812 798 839 824 v
853 796 894 824 G.
931 784 1067 839 Caput
1083 782 1252 825 Gallieni
1269 782 1494 824 laureatum.

187 856 211 882 c
223 855 248 880 o
261 855 300 881 L.
333 856 358 881 Δ
370 855 397 881 A
411 854 447 880 M
461 855 488 880 A
502 853 535 880 ε.
566 853 604 880 Μ
616 853 639 880 E
653 853 677 880 r
689 853 720 880 R
731 853 771 881 o.
811 839 969 881 Colonia
990 840 1216 894 {Damafius
1231 838 1458 894 Metropolis
1472 865 1487 888 ,
1515 837 1614 881 circa
1637 837 1826 880 ambitum
1843 854 1851 879 :
1890 852 1914 880 c
1927 852 1949 878 E
1962 853 1984 880 B
1997 853 2023 880 A
2039 854 2061 881 c
2073 854 2110 880 M
2121 854 2136 882 1
2147 855 2174 883 A
2204 844 2248 885 in

241 910 386 938 corona
404 910 581 951 quercea.

183 966 395 1008 Damascus
418 967 509 1007 urbs
526 966 746 1020 Coelesyriae
762 992 774 1013 ‚
803 965 893 1007 licet
911 965 1091 1007 Coloniae
1114 965 1266 1007 titulum
1292 975 1382 1006 ante
1405 965 1642 1020 Metropolis
1667 965 1894 1020 dignitatem
1917 966 1955 1006 in
1976 968 2143 1009 nummis
2162 967 2247 1010 scri-

130 1022 197 1063 bat
210 1050 220 1069 ‚
249 1024 349 1064 hanc
365 1023 482 1078 longe
500 1023 605 1077 prius
624 1022 916 1078 praerogativam
941 1033 1031 1069 ante
1047 1021 1225 1062 Coloniae
1241 1021 1517 1062 deduffiooem
1536 1022 1704 1062 obtinuit
1722 1048 1733 1067 ,
1766 1020 1790 1061 fi
1807 1022 1966 1075 quidem
1989 1036 2073 1062 eam
2094 1025 2142 1064 ab
2160 1027 2246 1066 Au-

129 1079 228 1136 gusti
248 1078 470 1120 liberalitate
485 1079 654 1133 accepit,
686 1079 724 1119 in
743 1077 786 1118 N
790 1078 900 1118 icolai
921 1076 1147 1117 Damasceni
1165 1077 1280 1132 hujus
1299 1077 1549 1131 Imperatoris
1569 1076 1776 1117 amiciffimi
1795 1078 1973 1132 gratiam,
2003 1090 2046 1118 ut
2064 1079 2248 1129 diximus,

130 1135 242 1188 cujus
261 1133 437 1175 beneficii
456 1134 517 1175 illa
534 1148 684 1175 memor
703 1134 909 1176 certamina
931 1134 1013 1174 haec
1038 1135 1201 1183 Σεᾷοίσμια
1224 1133 1288 1174 seu
1307 1132 1505 1188 Augustea
1522 1133 1705 1180 instituit,
1733 1134 1770 1172 in
1789 1133 1930 1187 quibus
1950 1133 2114 1175 vidtores
2132 1149 2247 1190 quer—

130 1193 198 1231 cea
215 1191 520 1237 coronabantur,
548 1202 592 1230 ut
607 1189 753 1231 indicat
771 1189 850 1244 ipsa
868 1191 909 1229 in
925 1192 1093 1231 nummis
1110 1188 1283 1243 percussa
1300 1198 1462 1228 corona:
1490 1188 1684 1242 inscriptio
1703 1200 1831 1229 autem
1850 1189 2144 1230 celebrationem
2165 1191 2249 1233 illo-

129 1246 214 1298 rum
233 1245 301 1286 sub
314 1246 494 1286 Gallieno
510 1245 587 1287 hoc
603 1260 709 1287 anno
728 1245 865 1286 factam
884 1245 1054 1286 denotat.
1091 1246 1167 1286 Sed
1184 1242 1395 1284 Damascus
1410 1244 1590 1284 Coloniae
1608 1245 1798 1284 honorem
1815 1245 1932 1300 longe
1951 1245 2082 1298 postea
2098 1246 2248 1296 habuit,

129 1305 220 1343 'cum
241 1315 325 1342 eam
342 1303 364 1342 a
379 1301 560 1356 Philippo
579 1303 729 1343 tantum
750 1301 957 1342 dedustam
978 1299 1330 1345 observaverimus,
1358 1312 1401 1339 ut
1423 1297 1511 1340 fuse
1536 1300 1574 1340 in
1594 1300 1677 1352 ejus
1694 1300 1861 1340 nummis
1878 1300 2055 1341 diximus.
2085 1302 2247 1345 Corona

130 1372 296 1413 quercea
315 1359 368 1398 ob
387 1358 489 1399 cives
506 1358 670 1398 servatos
687 1358 709 1397 a
726 1357 916 1398 Romanis
933 1356 1219 1397 concedebatur
1235 1384 1248 1403 ,
1275 1369 1364 1409 quae
1382 1356 1560 1410 Augusto
1577 1356 1598 1395 a
1614 1356 1755 1396 Senatu
1776 1356 1928 1397 decreta
1946 1357 2001 1396 est
2021 1371 2029 1396 :
2057 1367 2101 1398 ut
2115 1369 2247 1400 autem

125 1413 275 1456 corona
292 1427 340 1453 ex
355 1426 520 1466 quercea
536 1413 572 1453 ei
588 1414 657 1467 qui
673 1413 795 1454 civem
810 1413 987 1454 servasset
1003 1440 1015 1459 ,
1043 1411 1322 1453 concederetur
1340 1437 1352 1457 ‚
1379 1410 1420 1450 id
1436 1411 1556 1451 causae
1577 1410 1672 1459 fuit,
1700 1411 1811 1465 quod
1830 1413 1919 1452 cum
1937 1412 2050 1466 primi
2067 1411 2248 1456 homines

130 1471 313 1522 quercina
334 1468 474 1523 glande
489 1468 752 1516 vescerentur,
778 1468 862 1508 haec
878 1470 990 1509 arbor
1006 1469 1046 1507 in
1065 1468 1244 1507 humanat
1261 1466 1348 1506 vitae
1365 1465 1435 1519 ipsi
1452 1465 1746 1507 sustentaculum
1768 1466 1857 1508 data
1877 1467 2011 1521 ajove
2027 1468 2250 1519 dicebatur,

130 1525 182 1565 ita
199 1525 267 1577 qui
285 1525 409 1563 civem
428 1524 659 1573 servaverat,
686 1538 870 1565 coronam
892 1538 938 1564 ex
955 1537 1099 1578 quercu
1116 1535 1300 1577 tanquam
1316 1521 1402 1562 vitae
1419 1534 1636 1579 prorogata:
1650 1523 1850 1578 praemium
1868 1521 2067 1566 referebat.

131 1640 138 1651 ἴ
184 1593 269 1633 Hic
285 1605 457 1634 nummus
460 1591 640 1646 ficundae
656 1591 932 1648 magnitudinis
949 1594 1050 1632 inter
1066 1593 1226 1632 rariores
1241 1590 1524 1645 computandus.

869 1675 1508 1720 HELIOPOLIS.

132 2312 197 2344 1M
211 2312 245 2340 Ρ.
275 2312 299 2340 c
312 2311 338 2339 A
350 2310 376 2337 E
388 2308 419 2337 s.
449 2308 487 2336 P.
518 2308 545 2336 L
556 2307 572 2334 1
585 2308 621 2336 c.
652 2306 680 2334 G
693 2305 722 2333 A
735 2307 761 2335 L
773 2304 799 2334 L
811 2304 827 2332 1
840 2306 863 2332 E
877 2304 907 2332 N
920 2305 947 2332 v
960 2306 979 2332 s
1013 2306 1040 2332 A
1054 2305 1081 2332 v
1093 2305 1133 2332 G.
1168 2291 1305 2346 Caput
1322 2289 1493 2332 Gallieni
1509 2286 1733 2330 laureatum.

187 2372 211 2399 c
223 2370 250 2396 ο
263 2370 302 2396 1,.
333 2368 349 2394 1
362 2367 389 2394 v
401 2368 438 2394 L.
469 2366 496 2392 A
510 2365 537 2392 v
550 2364 590 2391 G.
622 2364 646 2391 12
659 2364 683 2390 13
695 2364 732 2391 L.
763 2365 792 2390 H
802 2363 826 2389 E
839 2363 879 2389 L.
911 2346 1067 2388 Colonia
1080 2347 1198 2401 Julia
1210 2347 1384 2402 Augusta
1393 2345 1507 2387 Felix
1522 2345 1817 2399 Heliopolitana.
1848 2341 1984 2397 Caput
1999 2342 2165 2386 Gallieni
2182 2342 2252 2387 sub

241 2409 430 2453 Mercurii
449 2406 580 2464 effigie
595 2434 608 2454 ‚
635 2419 742 2462 pone
765 2418 885 2460 quem
908 2403 1101 2445 caduceus
1117 2431 1130 2451 ‚
1160 2418 1208 2445 ex
1223 2403 1385 2452 adverso
1401 2413 1520 2457 caput
1536 2401 1725 2443 Saloninae
1748 2400 1832 2454 ejus
1850 2399 1977 2440 uxoris
1999 2399 2068 2440 sub
2084 2400 2251 2456 imagine

244 2466 364 2507 Genii
381 2464 516 2505 turriti.

184 2532 406 2588 Heliopolis
426 2533 447 2572 a
464 2530 578 2571 nobis
601 2528 724 2570 modo
743 2527 977 2575 Phoeniciae,
1008 2527 1133 2569 modo
1153 2525 1375 2581 Coelesyriae
1399 2526 1489 2568 urbs
1512 2525 1614 2567 dieta
1637 2525 1692 2566 est
1708 2551 1720 2572 ,
1748 2534 1941 2580 quatenus
1963 2524 1984 2564 ὲ
2002 2524 2252 2581 Geographis

130 2592 309 2648 ponitur:
337 2588 407 2642 qui
421 2598 551 2628 autem
570 2600 655 2626 eam
671 2587 709 2625 in
727 2584 927 2625 Phoenicia
944 2583 1157 2631 collocant,
1185 2583 1381 2636 duplicem
1398 2580 1638 2623 Phoeniciam
1655 2580 1821 2628 faciunt,
1840 2593 1955 2620 unam
1973 2582 2167 2635 propriam
2185 2581 2252 2624 seu

129 2646 333 2690 littoralem
346 2671 358 2691 ,
387 2642 543 2684 alteram
559 2640 789 2683 Libanisiam
807 2640 871 2680 seu
890 2640 1167 2681 Damascenam
1181 2666 1193 2686 ‚
1221 2652 1309 2693 quae
1320 2638 1531 2691 Coelesyria
1548 2637 1628 2678 aliis
1647 2637 1796 2677 dicitur.
1838 2636 2058 2689 Heliopolis
2079 2637 2251 2679 Colonia

132 2703 270 2760 aJulio
287 2698 437 2741 Caesare
454 2698 554 2739 fasta
570 2725 582 2744 ,
613 2702 652 2738 ὃς
669 2697 718 2737 ab
738 2696 916 2751 Augusto
939 2695 1141 2737 Veteranis
1159 2694 1406 2749 frequentata
1423 2694 1477 2734 est
1495 2720 1507 2740 ,
1537 2706 1639 2746 quos
1656 2706 1702 2732 ex
1722 2692 1958 2747 Legionibus
1977 2706 2012 2731 v.
2029 2692 2252 2734 Macedoni-

131 2773 205 2806 cae,
234 2761 273 2798 δε
292 2770 339 2797 VI
352 2769 366 2796 1
380 2769 412 2795 1.
431 2753 610 2808 Angruffae
630 2752 794 2794 eduetos
812 2751 920 2792 fuisse
937 2766 1011 2792 nos
1031 2751 1190 2793 edocuit
1209 2763 1383 2806 perrarus
1399 2749 1530 2790 noster
1546 2748 1715 2802 Philippi
1731 2761 1913 2788 nummus
1932 2762 1940 2786 ;
1967 2747 2050 2788 haec
2068 2762 2253 2790 nummos

131 2813 315 2857 Gallieno
334 2811 461 2858 cudit,
489 2811 693 2864 ipsumque
709 2820 751 2849 ut
770 2807 1010 2848 Mercurium
1027 2808 1156 2848 Deum
1178 2807 1400 2853 tutelarem,
1431 2816 1475 2846 ut
1491 2807 1530 2844 &
1546 2804 1765 2845 Saloninam
1783 2805 1866 2857 ejus
1885 2816 2043 2843 uxorem
2062 2815 2250 2858 tanquam

126 2869 424 2927 prbisGenium
441 2866 622 2907 exhibuit.
662 2863 946 2918 Heliopolitani
965 2864 1208 2904 Mercurium
1229 2861 1425 2917 praecipue
1445 2858 1624 2901 colebant
1642 2887 1654 2907 ,
1684 2871 1725 2900 ut
1747 2859 1788 2899 in
1814 2872 1948 2899 eorum
1970 2859 2136 2900 nummis
2159 2859 2252 2902 Phi-

122 2918 239 2984 lippo
260 2923 413 2980 signatis
438 2926 524 2978 pag.
549 2926 634 2962 166.
664 2919 948 2960 observavimus
965 2946 977 2966 ‚
1005 2920 1059 2960 ob
1075 2919 1366 2960 celeberrimum
1386 2917 1471 2972 ejus
1487 2916 1676 2970 templum
1691 2915 1731 2955 in
1748 2915 1884 2956 eadem
1904 2915 1998 2954 urbe
2017 2914 2250 2957 aedificatum

123 2986 221 3040 pag.
247 2985 332 3021 166.
362 2977 585 3019 'Caduceus
605 2975 789 3016 Mercurii
806 2974 1021 3029 symbolum
1046 2987 1151 3028 pone
1174 2974 1257 3027 ejus
1275 2986 1394 3027 caput
1408 2999 1420 3020 ,
1448 2973 1555 3027 virga
1572 2982 1651 3012 erat
1669 2985 1748 3026 qua
1763 2970 1824 3010 ille
1843 2970 1894 3011 ad
1915 2968 2062 3010 diffidia
2081 2970 2252 3014 tollenda

132 3027 334 3082 utebatur,
363 3035 385 3074 a
402 3032 580 3074 cadendo
600 3032 699 3071 diei-a
713 3058 724 3077 ‚
756 3030 866 3084 quod
882 3031 1153 3070 contentiones
1170 3032 1209 3069 δε
1230 3028 1329 3069 bella
1343 3028 1480 3069 cadere
1496 3028 1647 3067 faceret.

187 3086 691 3134 Erizzus'hunc'nummum
708 3086 760 3126 ita
775 3086 1028 3140 depravatum
1057 3098 1117 3126 co
1129 3098 1168 3124 L.
1191 3097 1207 3123 1
1220 3098 1256 3124 c.
1279 3098 1303 3124 F
1317 3098 1341 3123 r.
1353 3097 1390 3124 L.
1413 3097 1441 3122 Η
1453 3097 1477 3122 E
1489 3096 1526 3123 L.
1557 3095 1644 3136 pag.
1669 3086 1755 3132 564.
1781 3080 1940 3135 protulit
1955 3107 1968 3127 ,
1996 3093 2116 3135 quem
2133 3081 2248 3123 relar-

128 3150 208 3191 cire
225 3146 388 3189 tentavit
402 3144 604 3185 Tristanus
620 3154 710 3183 torn.
725 3155 760 3195 3.
777 3155 862 3196 pag.
881 3144 942 3182 86.
960 3155 1050 3182 cum
1070 3140 1143 3181 hac
1159 3138 1371 3195 epigraphe
1398 3153 1421 3179 c
1434 3151 1460 3177 o
1471 3152 1509 3178 L.
1537 3150 1568 3177 R
1581 3151 1595 3176 1
1608 3152 1630 3178 c
1643 3151 1671 3176 1.
1695 3149 1719 3176 F
1731 3150 1754 3176 E
1766 3151 1806 3176 L.
1831 3149 1859 3175 H
1872 3151 1895 3176 E
1908 3151 1946 3177 L.
1969 3139 2007 3176 &
2023 3137 2247 3192 interpreta-

129 3202 195 3246 tus
212 3199 288 3250 est,
316 3197 634 3242 Colonia'Rt'cina
653 3196 764 3238 Felix
782 3196 943 3236 Helvia.
972 3197 1015 3237 N
1019 3209 1153 3236 ummo
1169 3194 1322 3236 Helviae
1337 3194 1489 3236 Ricinae
1503 3193 1543 3233 in
1559 3192 1704 3233 Piceno
1721 3192 1804 3232 urbi
1821 3192 2004 3233 attributo
2021 3207 2030 3232 ε
2058 3193 2163 3233 hunc
2177 3192 2248 3234 Pa-

130 3261 238 3301 tinus
251 3254 336 3313 pag.
353 3269 402 3308 41
414 3254 457 3296 2.
471 3255 543 3295 rite
561 3253 676 3295 refert
692 3253 742 3293 ad
755 3252 1112 3307 ColoniamJuliam
1126 3250 1340 3306 Augustam
1353 3249 1547 3295 Felicem,
1574 3248 1639 3288 sed
1656 3247 1773 3302 quam
1792 3248 1892 3288 male
1908 3248 2047 3302 pariter
2061 3248 2245 3289 Helviam

133 3315 255 3360 dixit,
282 3313 356 3354 hos
373 3311 557 3365 sequutus
573 3310 628 3350 est
643 3310 761 3350 Com.
780 3307 1064 3349 Mediobarbus
1085 3320 1173 3360 pag.
1196 3319 1285 3359 379.
1324 3304 1491 3346 Tristani
1516 3307 1554 3344 &
1571 3304 1654 3357 ejus
1673 3303 1896 3357 sequacium
1912 3317 2078 3344 errorem
2095 3303 2245 3345 notavit

133 3364 295 3426 quidem
313 3369 353 3408 P.
365 3365 592 3407 Harduinus
609 3380 696 3421 pag.
714 3378 801 3414 191.
819 3367 858 3404 &
880 3378 968 3413 192.
987 3363 1053 3405 sed
1064 3362 1112 3403 ab
1126 3361 1207 3402 aliis
1220 3360 1403 3408 edoctus,
1432 3360 1637 3415 postquam
1654 3371 1766 3400 notas
1782 3359 1864 3399 suas
1881 3358 1931 3399 ad
1949 3358 2115 3399 Plinium
2132 3359 2172 3398 in
2187 3357 2243 3398 lu-

133 3432 221 3477 cem
234 3423 427 3470 emisisset,
437 3435 526 3462 nam
538 3421 578 3461 in
589 3422 636 3461 iis
651 3421 674 3460 l.
691 3434 727 3473 5.
736 3420 820 3460 sest.
836 3434 852 3460 1
862 3422 893 3460 8.
905 3433 1024 3475 agens
1035 3419 1085 3460 de
1094 3416 1296 3471 Heliopoli
1305 3430 1376 3464 ,ne
1387 3417 1547 3458 verbum
1561 3414 1720 3470 quidem
1732 3414 1782 3456 de
1793 3414 1910 3470 ipsius
1923 3414 2025 3456 urbis
2036 3412 2215 3472 nummis.

171 3488 277 3543 ”Hic
293 3514 462 3550 nummus
471 3501 607 3558 primae
624 3496 1003 3553 &secundaeformae
1020 3498 1122 3554 inter
1138 3495 1384 3552 elegantiores
1399 3493 1647 3536 collocandus.

2124 3986 2242 4026 co1..'
