2491 4219
2133 132 2233 167 229

351 439 610 525 PUB·
663 438 1056 523 LICIN-
1107 431 2019 523 VALERIANUS·

145 1121 176 1141 it
219 1127 223 1131 ·
254 1123 289 1147 kzae:
420 1102 542 1145 IctN
555 1116 609 1144 1U
623 1117 642 1144 s
673 1117 816 1145 nomen
834 1102 1026 1146 Valeriani
1050 1104 1202 1160 praefert
1227 1105 1386 1147 Valeriae
1411 1107 1534 1163 gentis
1558 1106 1597 1146 in
1616 1106 1800 1147 Liciniam
1822 1106 2015 1161 adoptatae
2031 1107 2235 1160 argumenl

193 1200 199 1217 α
217 1164 223 1175 “
248 1180 274 1195 ω
324 1156 333 1160 ”
347 1180 390 1200 νή.
422 1171 505 1200 tum
521 1187 533 1206 ‚
560 1173 648 1200 eum
667 1162 770 1200 enim
787 1172 894 1215 patre
912 1162 1069 1202 Valerio
1094 1173 1226 1202 natum
1250 1161 1364 1203 tradit
1378 1163 1593 1203 Trebellius
1611 1162 1733 1204 Pollio
1752 1177 1759 1202 :
1788 1162 1850 1203 ille
1867 1162 1916 1202 de
1932 1162 2131 1202 communi
2149 1175 2234 1202 om-

180 1215 182 1222 ⁴
199 1260 201 1268 γ
243 1209 337 1261 Μξξω
357 1225 402 1293 Ἰεεῑ
422 1215 528 1255 nium
552 1214 735 1256 sententia
755 1216 965 1269 Imperium
981 1217 1144 1270 adeptus
1161 1244 1172 1262 ,
1200 1231 1343 1272 magno
1362 1218 1489 1259 studio
1505 1219 1607 1258 reite
1627 1220 1739 1258 rebus
1757 1218 2032 1258 constituendis
2046 1218 2232 1259 incubuit.

242 1265 293 1306 “ῖ““’
301 1269 355 1320 '1142
370 1294 389 1299 --
422 1269 500 1310 ΤΗ
514 1285 537 1310 E
551 1284 569 1309 s
585 1285 603 1310 s
618 1285 644 1310 A
658 1287 683 1312 L
696 1286 721 1311 o
735 1285 766 1311 N
778 1286 792 1311 1
806 1287 828 1311 c
843 1286 867 1311 A
883 1285 918 1311 M
947 1272 1092 1312 civibus
1108 1272 1328 1313 exhaustam
1341 1300 1352 1318 ‚
1383 1273 1592 1314 Coloniam
1611 1274 1804 1313 constituit
1819 1294 1830 1319 ·‚
1857 1273 1939 1313 haec
1960 1274 2062 1313 enim
2082 1273 2232 1314 fortiter

426 1327 609 1367 restiterat
625 1326 775 1380 Scythis
791 1326 852 1367 seu
873 1327 1162 1367 Marcomannis
1178 1328 1310 1367 urbem
1326 1328 1612 1374 obsidentibus,
1634 1328 1700 1369 sed
1715 1329 1929 1382 Imperator
1946 1327 2081 1368 fraude
2098 1340 2234 1383 captus

425 1381 447 1421 ἐι
464 1382 608 1436 Sapore
623 1383 818 1424 Persarum
837 1382 950 1438 Rege
961 1410 972 1429 ‚
1003 1382 1158 1424 tandem
1173 1383 1221 1423 ab
1235 1396 1284 1423 eo
1301 1395 1458 1424 necatus
1475 1384 1540 1424 est.

188 1468 230 1509 V
242 1483 267 1509 A
282 1483 307 1508 L
320 1483 343 1508 E
358 1482 387 1508 R
400 1482 415 1508 1
428 1483 452 1508 A
470 1482 500 1508 N
514 1483 530 1509 1
560 1471 701 1510 nummi
720 1483 769 1509 ex
786 1471 884 1510 omni
909 1469 1051 1510 modulo
1068 1480 1139 1524 pro
1162 1469 1288 1509 obviis
1312 1483 1386 1510 non
1408 1469 1574 1511 habendi
1585 1470 1684 1523 sunt
1702 1497 1714 1517 ,
1733 1468 1810 1521 fid
1822 1468 2119 1525 may'orisformae
2137 1471 2238 1511 inter

135 1538 240 1565 raros
255 1524 488 1565 numerandi.

112 2264 114 2267 ’
136 2281 155 2310 1
166 2281 202 2309 M
213 2282 248 2308 p.
278 2281 315 2308 c.
344 2280 380 2308 ι’.
409 2280 435 2308 L
446 2280 462 2306 1
477 2280 512 2307 e.
545 2280 572 2307 v
585 2280 610 2305 A
624 2279 650 2306 L
661 2280 685 2305 E
700 2280 730 2306 R
742 2281 758 2306 1
769 2280 796 2306 A
810 2280 841 2306 N
854 2279 883 2306 u
897 2280 915 2306 s
947 2280 982 2307 Ρ.
1013 2280 1052 2307 F.
1084 2269 1111 2306 A
1125 2281 1152 2306 v
1163 2281 1204 2307 G.
1243 2268 1375 2322 Caput
1391 2267 1586 2308 Valeriani
1601 2266 1821 2310 laureatum.

193 2337 217 2363 c
229 2338 255 2363 o
268 2338 307 2364 L.
338 2337 354 2363 1
367 2337 392 2362 v
406 2338 442 2363 L.
472 2335 499 2361 A
513 2335 539 2360 v
553 2335 591 2361 G.
624 2335 647 2360 F
661 2336 683 2360 E
697 2336 732 2361 L.
765 2336 788 2361 B
800 2336 823 2360 E
837 2335 878 2362 R.
917 2322 1072 2361 Colonia
1087 2321 1205 2373 Julia
1223 2322 1394 2377 Angusta
1410 2321 1523 2362 Felix
1541 2324 1712 2374 Berytus.
1753 2324 1894 2379 Figura
1917 2324 2110 2367 muliebris
2133 2338 2239 2370 tutu-

245 2379 319 2418 lata
336 2378 435 2418 stans
452 2403 465 2422 ,
494 2375 627 2416 dextra
644 2375 851 2430 scipionem
870 2403 882 2422 ,
911 2377 1004 2416 laeva
1024 2378 1266 2417 acrostolium
1279 2405 1290 2424 ‚
1319 2378 1420 2431 pede
1436 2378 1583 2419 sinistro
1600 2390 1722 2433 prorae
1741 2380 1925 2434 impolito
1941 2396 1949 2420 z
1980 2381 2149 2424 Viuoria
2167 2400 2237 2425 co-

247 2433 387 2472 lumnae
403 2430 581 2487 impofita
598 2431 633 2472 ei
649 2445 831 2472 coronam
850 2432 1018 2487 porrigit.
1055 2432 1163 2472 Varii
1182 2433 1266 2473 sunt
1286 2434 1379 2488 typi.

191 2512 355 2564 Berytus
374 2511 462 2551 urbs
481 2510 688 2550 Phoeniciae
705 2510 875 2551 Colonia
899 2511 920 2550 a
936 2510 1042 2564 Julio
1059 2511 1207 2551 Caesare
1225 2511 1430 2552 constituta
1448 2538 1459 2558 ‚
1486 2511 1610 2563 Jultae
1630 2526 1773 2553 nomen
1792 2513 1876 2555 tulit
1893 2540 1904 2560 ‚
1932 2513 2076 2555 deinde
2091 2517 2140 2558 ab
2158 2518 2240 2559 Au·

135 2567 249 2622 gusto
266 2566 465 2606 Veteranis
490 2565 729 2618 frequentata
748 2593 760 2612 ‚
792 2566 967 2619 Augustae
991 2567 1289 2622 appellationem
1314 2566 1437 2619 Juliae
1464 2567 1640 2608 addidit:
1669 2568 1745 2621 ipsa
1773 2583 1950 2610 nummos
1973 2570 2178 2613 Valeriano
2197 2575 2239 2615 in

136 2623 242 2676 Syria
257 2635 328 2675 pro
346 2622 447 2662 bello
466 2620 617 2661 Perfico
634 2621 799 2661 moranti
816 2621 956 2662 offerre
976 2622 1137 2663 videtur.
1181 2623 1321 2677 Figura
1344 2622 1541 2662 seminuda
1561 2638 1639 2662 non
1661 2624 1714 2664 est
1733 2624 1878 2678 jupiter
1891 2652 1903 2672 ,
1932 2637 1974 2665 ut
1991 2638 2101 2678 putat
2119 2629 2236 2670 Com.

137 2677 418 2717 Mediobarbus
435 2690 521 2731 pag.
538 2679 626 2729 368.
656 2675 721 2716 sed
739 2676 824 2717 Dea
835 2703 846 2722 ,
877 2689 919 2717 ut
934 2678 1048 2717 tradit
1064 2678 1219 2718 Patinus
1236 2678 1320 2717 lnd.
1338 2692 1422 2732 pag.
1439 2683 1501 2718 26.
1528 2678 1587 2718 illa
1601 2678 1762 2732 quidem
1775 2680 1925 2721 Astarte
1939 2680 2002 2722 seu
2012 2681 2150 2724 Venus
2163 2685 2237 2726 Be-

136 2734 211 2787 ryti
226 2734 467 2786 summopere
482 2732 605 2778 culta,
632 2732 672 2771 in
690 2745 807 2786 quam
827 2732 1013 2786 appulisse
1028 2746 1112 2772 eam
1130 2745 1255 2773 narrat
1269 2732 1311 2772 N
1315 2747 1440 2773 onnus
1456 2733 1613 2788 Dionys
1631 2735 1654 2774 l.
1670 2747 1733 2786 41.

635 2814 737 2844 Hom-lv
751 2809 944 2856 &macedam
959 2813 1082 2858 ὀπίςερον
1097 2809 1179 2853 ὠΉ-εεν
1195 2810 1288 2858 ὕδωρ,

635 2858 688 2894 Kal
704 2858 797 2902 Βερόης
814 2861 913 2897 ἐπὲἔη.

631 2907 805 2946 Pedibus
821 2907 979 2947 alternis
991 2907 1223 2961 posteriorem
1242 2908 1392 2963 impulit
1410 2922 1548 2965 aquam
1561 2936 1573 2956 ,

631 2962 690 3001 Et
705 2963 850 3003 Beroen
867 2963 1048 3015 ascendit.

137 3043 290 3083 Beroen
308 3052 436 3082 autem
457 3041 479 3081 a
494 3040 685 3081 Romanis
704 3041 887 3096 Berytum
912 3040 1021 3082 fuiffe
1045 3043 1273 3096 appellatam
1298 3043 1411 3083 tradit
1435 3043 1513 3098 ipse
1531 3044 1702 3085 Nonnus
1720 3046 1757 3085 in
1777 3044 1917 3085 eodem
1935 3045 2043 3086 libro.
2085 3047 2237 3090 Astarte

135 3098 344 3151 scipionem
360 3108 542 3150 tanquam
559 3095 704 3152 insigne
720 3098 837 3151 gerit,
855 3097 947 3137 laeva
961 3098 1202 3138 acrostolium
1216 3124 1227 3143 ‚
1244 3101 1282 3136 &
1300 3096 1439 3150 pedem
1457 3113 1580 3152 prorae
1597 3101 1761 3153 imponit
1777 3101 1826 3140 ad
1845 3101 1944 3140 urbis
1961 3102 1999 3140 in
2014 3100 2140 3141 littore
2156 3117 2236 3144 ma-

137 3154 187 3194 ris
212 3152 322 3192 situm
346 3150 582 3207 arguendum
596 3179 608 3198 ‚
636 3151 744 3203 cujus
765 3152 922 3193 tutelam
941 3153 1020 3207 ipsa
1043 3153 1216 3193 habebat.
1256 3152 1428 3193 Vffikoria
1444 3153 1512 3207 ipsi
1531 3169 1718 3195 coronam
1736 3155 1895 3210 porrigit
1913 3183 1924 3201 ‚
1952 3156 1991 3194 in
2010 3158 2236 3200 memoriam

136 3208 372 3263 populorum
389 3207 436 3247 ab
453 3208 620 3261 antiquis
635 3207 882 3248 Phoenicibus
898 3208 965 3248 sub
983 3208 1066 3261 ejus
1080 3207 1252 3262 auspiciis
1273 3207 1512 3249 devfflorum
1523 3236 1535 3256 ‚
1563 3209 1613 3249 de
1628 3224 1708 3264 quo
1724 3210 1857 3265 passim
1873 3210 2050 3251 diximus.

123 3317 125 3319 .
192 3286 276 3326 Hic
290 3300 460 3326 nummus
476 3288 608 3340 primae
625 3283 672 3330 ὠ
686 3286 857 3337 secundae
874 3285 1003 3340 formae
1022 3286 1243 3339 observatur
1259 3314 1272 3335 ,
1286 3287 1502 3342 fidprz'mae
1522 3287 1678 3329 tantiam
1697 3301 1804 3329 rarus
1823 3288 1874 3341 est
1886 3315 1897 3335 ‚
1912 3288 2092 3341 secundae
2108 3288 2131 3330 a=
2150 3290 2235 3343 Pa·¹

137 3343 218 3386 tino
239 3342 421 3397 vu4gatus
436 3342 486 3396 est
496 3353 585 3397 pag.
603 3347 696 3395 406.

1482 3939 1608 4000 Ff3
