<?xml version="1.0" encoding="UTF-8"?>
<!DOCTYPE html PUBLIC "-//W3C//DTD XHTML 1.0 Transitional//EN"
    "http://www.w3.org/TR/xhtml1/DTD/xhtml1-transitional.dtd">
<html xmlns="http://www.w3.org/1999/xhtml" xml:lang="en" lang="en">
 <head>
  <title>
</title>
<meta http-equiv="Content-Type" content="text/html;charset=utf-8" />
  <meta name='ocr-system' content='tesseract 3.04.00' />
  <meta name='ocr-capabilities' content='ocr_page ocr_carea ocr_par ocr_line ocrx_word'/>
</head>
<body>
  <div class='ocr_page' id='page_1' title='image "./numismatareaim00foyv_0062.png"; bbox 0 0 2574 4214; ppageno 0'>
   <div class='ocr_carea' id='block_1_1' title="bbox 255 185 2355 369">
    <p class='ocr_par' dir='ltr' id='par_1_1' title="bbox 255 185 2355 369">
     <span class='ocr_line' id='line_1_1' title="bbox 255 185 2355 311; baseline -0.007 -6"><span class='ocrx_word' id='word_1_1' title='bbox 255 208 399 305; x_wconf 57' lang='lat' dir='ltr'><em>(ignata</em></span> <span class='ocrx_word' id='word_1_2' title='bbox 421 271 568 309; x_wconf 85' lang='lat' dir='ltr'><em>narrat,</em></span> <span class='ocrx_word' id='word_1_3' title='bbox 596 258 827 302; x_wconf 72' lang='lat' dir='ltr'><em>Latinorum</em></span> <span class='ocrx_word' id='word_1_4' title='bbox 852 189 1321 310; x_wconf 46' lang='grc' dir='ltr'><em>υετενκηιΑΟιὶιῖεανῗεηῐέε</em></span> <span class='ocrx_word' id='word_1_5' title='bbox 1340 185 1664 311; x_wconf 51' lang='grc' dir='ltr'><em>,ςΕἶὲαξειξὶῙὲς</em></span> <span class='ocrx_word' id='word_1_6' title='bbox 1681 278 1696 301; x_wconf 82' lang='grc'><em>,</em></span> <span class='ocrx_word' id='word_1_7' title='bbox 1724 247 2053 299; x_wconf 61' lang='lat' dir='ltr'><em>Graccuritanos3</em></span> <span class='ocrx_word' id='word_1_8' title='bbox 2080 243 2355 304; x_wconf 57' lang='lat' dir='ltr'><em>&#39;Leonicensesj</em></span> 
     </span>
     <span class='ocr_line' id='line_1_2' title="bbox 259 312 1473 369; baseline -0.005 -11"><span class='ocrx_word' id='word_1_9' title='bbox 259 316 535 369; x_wconf 76' lang='lat' dir='ltr'><em>Officerdenfi’s.</em></span> <span class='ocrx_word' id='word_1_10' title='bbox 571 317 650 358; x_wconf 87' lang='lat' dir='ltr'><em>Bos</em></span> <span class='ocrx_word' id='word_1_11' title='bbox 666 316 833 358; x_wconf 88' lang='lat' dir='ltr'><strong>solemne</strong></span> <span class='ocrx_word' id='word_1_12' title='bbox 851 314 1158 369; x_wconf 90' lang='lat' dir='ltr'><em>Municipiorum</em></span> <span class='ocrx_word' id='word_1_13' title='bbox 1175 312 1388 368; x_wconf 85' lang='lat' dir='ltr'><em>symbolum</em></span> <span class='ocrx_word' id='word_1_14' title='bbox 1405 312 1473 353; x_wconf 89' lang='lat' dir='ltr'><em>est.</em></span> 
     </span>
    </p>
   </div>
   <div class='ocr_carea' id='block_1_2' title="bbox 257 382 2380 500">
    <p class='ocr_par' dir='ltr' id='par_1_2' title="bbox 257 382 2380 500">
     <span class='ocr_line' id='line_1_3' title="bbox 311 382 2353 449; baseline -0.004 -15"><span class='ocrx_word' id='word_1_15' title='bbox 311 395 394 434; x_wconf 90' lang='lat' dir='ltr'><em>Hic</em></span> <span class='ocrx_word' id='word_1_16' title='bbox 407 403 579 434; x_wconf 78' lang='lat' dir='ltr'><em>nummus</em></span> <span class='ocrx_word' id='word_1_17' title='bbox 585 393 763 444; x_wconf 81' lang='lat' dir='ltr'><em>secundae</em></span> <span class='ocrx_word' id='word_1_18' title='bbox 778 392 1055 448; x_wconf 77' lang='lat' dir='ltr'><em>magnitudinis</em></span> <span class='ocrx_word' id='word_1_19' title='bbox 1066 418 1080 440; x_wconf 87' lang='lat'><strong>,</strong></span> <span class='ocrx_word' id='word_1_20' title='bbox 1107 391 1157 431; x_wconf 79' lang='lat' dir='ltr'><em>ab</em></span> <span class='ocrx_word' id='word_1_21' title='bbox 1171 390 1273 431; x_wconf 87' lang='lat' dir='ltr'><em>Ant.</em></span> <span class='ocrx_word' id='word_1_22' title='bbox 1294 387 1506 449; x_wconf 83' lang='lat' dir='ltr'><em>Augustino</em></span> <span class='ocrx_word' id='word_1_23' title='bbox 1524 387 1616 430; x_wconf 83' lang='lat' dir='ltr'><em>dial.</em></span> <span class='ocrx_word' id='word_1_24' title='bbox 1633 399 1673 442; x_wconf 91' lang='lat'><em>7.</em></span> <span class='ocrx_word' id='word_1_25' title='bbox 1690 385 1739 433; x_wconf 60' lang='grc' dir='ltr'><em>ὼ</em></span> <span class='ocrx_word' id='word_1_26' title='bbox 1755 385 1780 428; x_wconf 73' lang='grc' dir='ltr'><em>ὰ</em></span> <span class='ocrx_word' id='word_1_27' title='bbox 1796 386 1947 428; x_wconf 79' lang='lat' dir='ltr'><em>Patino</em></span> <span class='ocrx_word' id='word_1_28' title='bbox 1953 396 2048 441; x_wconf 83' lang='lat' dir='ltr'><em>pag.</em></span> <span class='ocrx_word' id='word_1_29' title='bbox 2068 397 2133 440; x_wconf 78' lang='lat'><em>34.</em></span> <span class='ocrx_word' id='word_1_30' title='bbox 2149 382 2353 442; x_wconf 76' lang='lat' dir='ltr'><em>vulgatus,</em></span> 
     </span>
     <span class='ocr_line' id='line_1_4' title="bbox 257 447 2380 500; baseline -0.006 -10"><span class='ocrx_word' id='word_1_31' title='bbox 257 462 324 490; x_wconf 81' lang='lat' dir='ltr'><em>nec</em></span> <span class='ocrx_word' id='word_1_32' title='bbox 341 449 477 491; x_wconf 83' lang='lat' dir='ltr'><em>obvius</em></span> <span class='ocrx_word' id='word_1_33' title='bbox 499 462 566 489; x_wconf 89' lang='lat' dir='ltr'><em>nec</em></span> <span class='ocrx_word' id='word_1_34' title='bbox 584 461 692 487; x_wconf 83' lang='lat' dir='ltr'><em>rarus</em></span> <span class='ocrx_word' id='word_1_35' title='bbox 710 447 772 500; x_wconf 72' lang='lat' dir='ltr'><em>est.</em></span> <span class='ocrx_word' id='word_1_36' title='bbox 2377 476 2380 478; x_wconf 82' lang='grc'>.</span> 
     </span>
    </p>
   </div>
   <div class='ocr_carea' id='block_1_3' title="bbox 1028 518 1560 564">
    <p class='ocr_par' dir='ltr' id='par_1_3' title="bbox 1028 518 1560 564">
     <span class='ocr_line' id='line_1_5' title="bbox 1028 518 1560 564; baseline -0.004 0"><span class='ocrx_word' id='word_1_37' title='bbox 1028 518 1560 564; x_wconf 83' lang='lat' dir='ltr'><em>ILERDA.</em></span> 
     </span>
    </p>
   </div>
   <div class='ocr_carea' id='block_1_4' title="bbox 1131 638 1460 960">
    <p class='ocr_par' dir='ltr' id='par_1_4' title="bbox 1131 638 1460 960">
     <span class='ocr_line' id='line_1_6' title="bbox 1131 638 1460 960; baseline 0 3254"><span class='ocrx_word' id='word_1_38' title='bbox 1131 638 1460 960; x_wconf 95' lang='lat' dir='ltr'><em> </em></span> 
     </span>
    </p>
   </div>
   <div class='ocr_carea' id='block_1_5' title="bbox 255 1041 1714 1158">
    <p class='ocr_par' dir='ltr' id='par_1_5' title="bbox 255 1041 1714 1158">
     <span class='ocr_line' id='line_1_7' title="bbox 255 1041 1463 1099; baseline -0.003 -10"><span class='ocrx_word' id='word_1_39' title='bbox 255 1062 271 1090; x_wconf 89' lang='lat'>1</span> <span class='ocrx_word' id='word_1_40' title='bbox 284 1062 319 1088; x_wconf 82' lang='lat' dir='ltr'>M</span> <span class='ocrx_word' id='word_1_41' title='bbox 333 1061 366 1088; x_wconf 80' lang='lat' dir='ltr'><em>P.</em></span> <span class='ocrx_word' id='word_1_42' title='bbox 400 1062 426 1088; x_wconf 79' lang='lat' dir='ltr'>A</span> <span class='ocrx_word' id='word_1_43' title='bbox 443 1062 467 1087; x_wconf 89' lang='grc' dir='ltr'><strong><em>ν</em></strong></span> <span class='ocrx_word' id='word_1_44' title='bbox 481 1059 506 1087; x_wconf 80' lang='lat' dir='ltr'><em>c</em></span> <span class='ocrx_word' id='word_1_45' title='bbox 521 1060 547 1086; x_wconf 88' lang='lat' dir='ltr'><strong>v</strong></span> <span class='ocrx_word' id='word_1_46' title='bbox 559 1059 577 1086; x_wconf 84' lang='lat' dir='ltr'><em>s</em></span> <span class='ocrx_word' id='word_1_47' title='bbox 592 1059 630 1086; x_wconf 81' lang='grc' dir='ltr'><em>τ.</em></span> <span class='ocrx_word' id='word_1_48' title='bbox 661 1059 687 1085; x_wconf 85' lang='lat'><em>1)</em></span> <span class='ocrx_word' id='word_1_49' title='bbox 700 1059 715 1085; x_wconf 95' lang='lat'>1</span> <span class='ocrx_word' id='word_1_50' title='bbox 728 1058 754 1084; x_wconf 88' lang='lat' dir='ltr'>v</span> <span class='ocrx_word' id='word_1_51' title='bbox 767 1058 783 1084; x_wconf 95' lang='lat'>1</span> <span class='ocrx_word' id='word_1_52' title='bbox 815 1058 853 1084; x_wconf 80' lang='lat' dir='ltr'><em>F.</em></span> <span class='ocrx_word' id='word_1_53' title='bbox 889 1043 1023 1097; x_wconf 87' lang='lat' dir='ltr'><em>Caput</em></span> <span class='ocrx_word' id='word_1_54' title='bbox 1041 1043 1204 1099; x_wconf 84' lang='lat' dir='ltr'><em>Augusti</em></span> <span class='ocrx_word' id='word_1_55' title='bbox 1222 1041 1302 1084; x_wconf 85' lang='lat' dir='ltr'><em>fine</em></span> <span class='ocrx_word' id='word_1_56' title='bbox 1320 1042 1463 1085; x_wconf 60' lang='lat' dir='ltr'><em>laurea}</em></span> 
     </span>
     <span class='ocr_line' id='line_1_8' title="bbox 307 1095 1714 1158; baseline -0.004 -14"><span class='ocrx_word' id='word_1_57' title='bbox 307 1118 346 1144; x_wconf 88' lang='lat' dir='ltr'>M</span> <span class='ocrx_word' id='word_1_58' title='bbox 358 1117 385 1144; x_wconf 88' lang='lat' dir='ltr'>v</span> <span class='ocrx_word' id='word_1_59' title='bbox 398 1116 442 1143; x_wconf 85' lang='lat' dir='ltr'><em>N.</em></span> <span class='ocrx_word' id='word_1_60' title='bbox 473 1116 489 1141; x_wconf 89' lang='lat'>1</span> <span class='ocrx_word' id='word_1_61' title='bbox 501 1116 526 1142; x_wconf 70' lang='grc' dir='ltr'><em>ι,</em></span> <span class='ocrx_word' id='word_1_62' title='bbox 537 1116 560 1141; x_wconf 76' lang='lat' dir='ltr'><em>c</em></span> <span class='ocrx_word' id='word_1_63' title='bbox 573 1116 603 1158; x_wconf 48' lang='grc' dir='ltr'><em>ιζ</em></span> <span class='ocrx_word' id='word_1_64' title='bbox 615 1116 640 1142; x_wconf 82' lang='grc'><em>1)</em></span> <span class='ocrx_word' id='word_1_65' title='bbox 653 1115 679 1140; x_wconf 85' lang='lat' dir='ltr'>A</span> <span class='ocrx_word' id='word_1_66' title='bbox 689 1133 697 1140; x_wconf 97' lang='lat'><em>.</em></span> <span class='ocrx_word' id='word_1_67' title='bbox 727 1099 985 1154; x_wconf 69' lang='lat' dir='ltr'><em>lllunicipium</em></span> <span class='ocrx_word' id='word_1_68' title='bbox 1001 1098 1139 1139; x_wconf 87' lang='lat' dir='ltr'><em>Ilerda.</em></span> <span class='ocrx_word' id='word_1_69' title='bbox 1178 1095 1314 1154; x_wconf 89' lang='lat' dir='ltr'><em>Lupus</em></span> <span class='ocrx_word' id='word_1_70' title='bbox 1333 1112 1400 1141; x_wconf 88' lang='lat' dir='ltr'><em>aut</em></span> <span class='ocrx_word' id='word_1_71' title='bbox 1417 1099 1506 1154; x_wconf 86' lang='lat' dir='ltr'><em>lupa</em></span> <span class='ocrx_word' id='word_1_72' title='bbox 1523 1096 1714 1154; x_wconf 47' lang='lat' dir='ltr'><em>gradiens?</em></span> 
     </span>
    </p>
   </div>
   <div class='ocr_carea' id='block_1_6' title="bbox 243 1175 2359 1732">
    <p class='ocr_par' dir='ltr' id='par_1_6' title="bbox 305 1175 2299 1287">
     <span class='ocr_line' id='line_1_9' title="bbox 305 1175 2299 1233; baseline -0.001 -12"><span class='ocrx_word' id='word_1_73' title='bbox 305 1180 435 1222; x_wconf 82' lang='lat' dir='ltr'><em>Ilerda</em></span> <span class='ocrx_word' id='word_1_74' title='bbox 452 1179 540 1220; x_wconf 86' lang='lat' dir='ltr'><em>urbs</em></span> <span class='ocrx_word' id='word_1_75' title='bbox 557 1180 611 1220; x_wconf 87' lang='lat' dir='ltr'><em>est</em></span> <span class='ocrx_word' id='word_1_76' title='bbox 626 1178 823 1233; x_wconf 84' lang='lat' dir='ltr'><em>Hispaniae</em></span> <span class='ocrx_word' id='word_1_77' title='bbox 831 1177 1128 1219; x_wconf 74' lang='lat' dir='ltr'><em>Tarraconensis</em></span> <span class='ocrx_word' id='word_1_78' title='bbox 1146 1178 1185 1218; x_wconf 89' lang='lat' dir='ltr'><em>in</em></span> <span class='ocrx_word' id='word_1_79' title='bbox 1203 1178 1303 1219; x_wconf 89' lang='lat' dir='ltr'><em>colle</em></span> <span class='ocrx_word' id='word_1_80' title='bbox 1320 1177 1388 1220; x_wconf 87' lang='lat' dir='ltr'><em>fita</em></span> <span class='ocrx_word' id='word_1_81' title='bbox 1402 1179 1513 1232; x_wconf 84' lang='lat' dir='ltr'><em>juxta</em></span> <span class='ocrx_word' id='word_1_82' title='bbox 1529 1177 1690 1219; x_wconf 90' lang='lat' dir='ltr'>Sicorim</span> <span class='ocrx_word' id='word_1_83' title='bbox 1708 1175 1893 1226; x_wconf 88' lang='lat' dir='ltr'><em>fluvium,</em></span> <span class='ocrx_word' id='word_1_84' title='bbox 1911 1176 1962 1218; x_wconf 92' lang='lat' dir='ltr'><em>de</em></span> <span class='ocrx_word' id='word_1_85' title='bbox 1974 1191 2052 1233; x_wconf 90' lang='lat' dir='ltr'><em>qua</em></span> <span class='ocrx_word' id='word_1_86' title='bbox 2064 1176 2242 1219; x_wconf 89' lang='lat' dir='ltr'><em>Lucanus</em></span> <span class='ocrx_word' id='word_1_87' title='bbox 2255 1179 2299 1231; x_wconf 64' lang='lat'><em>42</em></span> 
     </span>
     <span class='ocr_line' id='line_1_10' title="bbox 655 1233 1757 1287; baseline 0 -14"><span class='ocrx_word' id='word_1_88' title='bbox 655 1234 792 1286; x_wconf 85' lang='lat' dir='ltr'><em>Juxta</em></span> <span class='ocrx_word' id='word_1_89' title='bbox 808 1234 934 1274; x_wconf 87' lang='lat' dir='ltr'><em>urbem</em></span> <span class='ocrx_word' id='word_1_90' title='bbox 950 1234 1168 1287; x_wconf 75' lang='lat' dir='ltr'><em>Hispanam</em></span> <span class='ocrx_word' id='word_1_91' title='bbox 1187 1233 1324 1274; x_wconf 88' lang='lat' dir='ltr'><em>Sicoris</em></span> <span class='ocrx_word' id='word_1_92' title='bbox 1328 1234 1426 1287; x_wconf 88' lang='lat' dir='ltr'><em>fluit</em></span> <span class='ocrx_word' id='word_1_93' title='bbox 1441 1247 1564 1274; x_wconf 61' lang='lat' dir='ltr'><em>amnis</em></span> <span class='ocrx_word' id='word_1_94' title='bbox 1579 1233 1757 1274; x_wconf 86' lang='lat' dir='ltr'><em>Ilerdam.</em></span> 
     </span>
    </p>

    <p class='ocr_par' dir='ltr' id='par_1_7' title="bbox 243 1286 2359 1732">
     <span class='ocr_line' id='line_1_11' title="bbox 254 1286 2355 1345; baseline -0.002 -13"><span class='ocrx_word' id='word_1_95' title='bbox 254 1292 319 1332; x_wconf 88' lang='lat' dir='ltr'><em>Illa</em></span> <span class='ocrx_word' id='word_1_96' title='bbox 335 1290 511 1345; x_wconf 90' lang='lat' dir='ltr'><em>Pompeii</em></span> <span class='ocrx_word' id='word_1_97' title='bbox 522 1289 756 1343; x_wconf 89' lang='lat' dir='ltr'><em>Legatorum</em></span> <span class='ocrx_word' id='word_1_98' title='bbox 768 1289 905 1330; x_wconf 90' lang='lat' dir='ltr'><em>Petreii</em></span> <span class='ocrx_word' id='word_1_99' title='bbox 922 1294 961 1330; x_wconf 69' lang='grc' dir='ltr'><em>ὃ(</em></span> <span class='ocrx_word' id='word_1_100' title='bbox 971 1289 1120 1330; x_wconf 88' lang='lat' dir='ltr'><em>Afranii</em></span> <span class='ocrx_word' id='word_1_101' title='bbox 1138 1289 1239 1330; x_wconf 90' lang='lat' dir='ltr'><em>bello</em></span> <span class='ocrx_word' id='word_1_102' title='bbox 1258 1304 1348 1330; x_wconf 89' lang='lat' dir='ltr'><em>cum</em></span> <span class='ocrx_word' id='word_1_103' title='bbox 1360 1289 1468 1344; x_wconf 91' lang='lat' dir='ltr'><em>Julio</em></span> <span class='ocrx_word' id='word_1_104' title='bbox 1479 1287 1629 1330; x_wconf 82' lang='lat' dir='ltr'><em>Caesare</em></span> <span class='ocrx_word' id='word_1_105' title='bbox 1647 1288 1904 1330; x_wconf 88' lang='lat' dir='ltr'><em>memorabilis</em></span> <span class='ocrx_word' id='word_1_106' title='bbox 1915 1314 1928 1335; x_wconf 89' lang='lat'>‚</span> <span class='ocrx_word' id='word_1_107' title='bbox 1957 1287 2008 1329; x_wconf 93' lang='lat' dir='ltr'><em>de</em></span> <span class='ocrx_word' id='word_1_108' title='bbox 2029 1302 2107 1343; x_wconf 91' lang='lat' dir='ltr'><em>qua</em></span> <span class='ocrx_word' id='word_1_109' title='bbox 2123 1288 2251 1342; x_wconf 89' lang='lat' dir='ltr'><em>inquit</em></span> <span class='ocrx_word' id='word_1_110' title='bbox 2263 1287 2297 1328; x_wconf 89' lang='lat' dir='ltr'>F</span> <span class='ocrx_word' id='word_1_111' title='bbox 2298 1286 2355 1329; x_wconf 83' lang='lat' dir='ltr'><em>lo-</em></span> 
     </span>
     <span class='ocr_line' id='line_1_12' title="bbox 253 1343 2357 1401; baseline -0.001 -14"><span class='ocrx_word' id='word_1_112' title='bbox 253 1361 315 1387; x_wconf 89' lang='lat' dir='ltr'><em>rus</em></span> <span class='ocrx_word' id='word_1_113' title='bbox 331 1346 393 1386; x_wconf 89' lang='lat' dir='ltr'><em>lib.</em></span> <span class='ocrx_word' id='word_1_114' title='bbox 411 1359 448 1397; x_wconf 83' lang='lat'><em>4.</em></span> <span class='ocrx_word' id='word_1_115' title='bbox 481 1346 632 1398; x_wconf 85' lang='lat' dir='ltr'><em>Anceps</em></span> <span class='ocrx_word' id='word_1_116' title='bbox 644 1373 656 1392; x_wconf 87' lang='lat'>‚</span> <span class='ocrx_word' id='word_1_117' title='bbox 683 1346 908 1401; x_wconf 83' lang='lat' dir='ltr'><em>variumque</em></span> <span class='ocrx_word' id='word_1_118' title='bbox 926 1343 974 1388; x_wconf 74' lang='lat'><em>&amp;⁶</em></span> <span class='ocrx_word' id='word_1_119' title='bbox 994 1354 1190 1385; x_wconf 87' lang='lat' dir='ltr'><em>cruentum</em></span> <span class='ocrx_word' id='word_1_120' title='bbox 1205 1346 1248 1385; x_wconf 87' lang='lat' dir='ltr'><em>in</em></span> <span class='ocrx_word' id='word_1_121' title='bbox 1268 1345 1463 1399; x_wconf 69' lang='lat' dir='ltr'><em>Hispania</em></span> <span class='ocrx_word' id='word_1_122' title='bbox 1479 1344 1614 1384; x_wconf 87' lang='lat' dir='ltr'><em>bellum</em></span> <span class='ocrx_word' id='word_1_123' title='bbox 1630 1359 1715 1385; x_wconf 89' lang='lat' dir='ltr'><em>cum</em></span> <span class='ocrx_word' id='word_1_124' title='bbox 1732 1344 1897 1400; x_wconf 87' lang='lat' dir='ltr'><em>Legatis</em></span> <span class='ocrx_word' id='word_1_125' title='bbox 1916 1345 1983 1385; x_wconf 88' lang='lat' dir='ltr'><em>Cn.</em></span> <span class='ocrx_word' id='word_1_126' title='bbox 2003 1344 2180 1398; x_wconf 80' lang='lat' dir='ltr'><em>Pompeii</em></span> <span class='ocrx_word' id='word_1_127' title='bbox 2198 1343 2357 1384; x_wconf 80' lang='lat' dir='ltr'><em>Petreio</em></span> 
     </span>
     <span class='ocr_line' id='line_1_13' title="bbox 253 1398 2357 1455; baseline -0 -16"><span class='ocrx_word' id='word_1_128' title='bbox 253 1400 300 1446; x_wconf 60' lang='grc' dir='ltr'>ό</span> <span class='ocrx_word' id='word_1_129' title='bbox 317 1400 487 1450; x_wconf 83' lang='lat' dir='ltr'><em>Afranio</em></span> <span class='ocrx_word' id='word_1_130' title='bbox 504 1427 516 1447; x_wconf 84' lang='lat'>,</span> <span class='ocrx_word' id='word_1_131' title='bbox 545 1414 635 1454; x_wconf 86' lang='lat' dir='ltr'><em>quos</em></span> <span class='ocrx_word' id='word_1_132' title='bbox 665 1399 803 1440; x_wconf 85' lang='lat' dir='ltr'><em>Ilerdae</em></span> <span class='ocrx_word' id='word_1_133' title='bbox 828 1399 949 1448; x_wconf 79' lang='lat' dir='ltr'><em>castra</em></span> <span class='ocrx_word' id='word_1_134' title='bbox 973 1399 1154 1440; x_wconf 84' lang='lat' dir='ltr'><em>habentes</em></span> <span class='ocrx_word' id='word_1_135' title='bbox 1172 1427 1184 1447; x_wconf 90' lang='lat'>,</span> <span class='ocrx_word' id='word_1_136' title='bbox 1211 1401 1316 1454; x_wconf 84' lang='lat' dir='ltr'><em>apud</em></span> <span class='ocrx_word' id='word_1_137' title='bbox 1331 1400 1489 1441; x_wconf 88' lang='lat' dir='ltr'><em>Sicorim</em></span> <span class='ocrx_word' id='word_1_138' title='bbox 1513 1413 1658 1440; x_wconf 88' lang='lat' dir='ltr'><em>amnem</em></span> <span class='ocrx_word' id='word_1_139' title='bbox 1682 1399 1839 1449; x_wconf 75' lang='lat' dir='ltr'><em>obsidere</em></span> <span class='ocrx_word' id='word_1_140' title='bbox 1855 1426 1868 1446; x_wconf 89' lang='lat'>,</span> <span class='ocrx_word' id='word_1_141' title='bbox 1895 1403 1943 1443; x_wconf 56' lang='grc' dir='ltr'><em>θ’</em></span> <span class='ocrx_word' id='word_1_142' title='bbox 1959 1398 2089 1455; x_wconf 85' lang='lat' dir='ltr'><em>oppido</em></span> <span class='ocrx_word' id='word_1_143' title='bbox 2108 1398 2357 1439; x_wconf 73' lang='lat' dir='ltr'><em>intercludere</em></span> 
     </span>
     <span class='ocr_line' id='line_1_14' title="bbox 252 1454 2359 1511; baseline -0 -15"><span class='ocrx_word' id='word_1_144' title='bbox 252 1456 480 1511; x_wconf 81' lang='lat' dir='ltr'><em>aggreditur.</em></span> <span class='ocrx_word' id='word_1_145' title='bbox 511 1455 721 1496; x_wconf 85' lang='lat' dir='ltr'><em>Ilerdenses</em></span> <span class='ocrx_word' id='word_1_146' title='bbox 741 1456 780 1495; x_wconf 91' lang='lat' dir='ltr'><em>in</em></span> <span class='ocrx_word' id='word_1_147' title='bbox 797 1455 1222 1511; x_wconf 84' lang='lat' dir='ltr'><em>Caesaraugustanorum</em></span> <span class='ocrx_word' id='word_1_148' title='bbox 1244 1455 1332 1497; x_wconf 92' lang='lat' dir='ltr'><em>foro</em></span> <span class='ocrx_word' id='word_1_149' title='bbox 1351 1455 1561 1508; x_wconf 88' lang='lat' dir='ltr'><em>disceptare</em></span> <span class='ocrx_word' id='word_1_150' title='bbox 1578 1466 1705 1497; x_wconf 88' lang='lat' dir='ltr'><em>narrat</em></span> <span class='ocrx_word' id='word_1_151' title='bbox 1720 1455 1866 1496; x_wconf 84' lang='lat' dir='ltr'><em>Plinius</em></span> <span class='ocrx_word' id='word_1_152' title='bbox 1881 1454 1944 1495; x_wconf 87' lang='lat' dir='ltr'><em>h&#39;b.</em></span> <span class='ocrx_word' id='word_1_153' title='bbox 1962 1468 1998 1508; x_wconf 84' lang='lat'><em>3.</em></span> <span class='ocrx_word' id='word_1_154' title='bbox 2018 1469 2099 1508; x_wconf 89' lang='lat' dir='ltr'><em>cap.</em></span> <span class='ocrx_word' id='word_1_155' title='bbox 2117 1468 2152 1508; x_wconf 84' lang='lat'><em>3.</em></span> <span class='ocrx_word' id='word_1_156' title='bbox 2182 1467 2284 1509; x_wconf 91' lang='lat' dir='ltr'><em>quos</em></span> <span class='ocrx_word' id='word_1_157' title='bbox 2299 1455 2359 1495; x_wconf 90' lang='lat' dir='ltr'><em>in-</em></span> 
     </span>
     <span class='ocr_line' id='line_1_15' title="bbox 251 1509 2357 1565; baseline -0.001 -13"><span class='ocrx_word' id='word_1_158' title='bbox 251 1524 310 1552; x_wconf 90' lang='lat' dir='ltr'><em>ter</em></span> <span class='ocrx_word' id='word_1_159' title='bbox 330 1511 498 1565; x_wconf 89' lang='lat' dir='ltr'><em>populos</em></span> <span class='ocrx_word' id='word_1_160' title='bbox 519 1510 660 1551; x_wconf 90' lang='lat' dir='ltr'><em>civium</em></span> <span class='ocrx_word' id='word_1_161' title='bbox 686 1512 957 1551; x_wconf 88' lang='lat' dir='ltr'><em>Romanorum</em></span> <span class='ocrx_word' id='word_1_162' title='bbox 980 1511 1158 1552; x_wconf 88' lang='lat' dir='ltr'><strong>recenset.</strong></span> <span class='ocrx_word' id='word_1_163' title='bbox 1195 1510 1266 1551; x_wconf 85' lang='lat' dir='ltr'><em>Ex</em></span> <span class='ocrx_word' id='word_1_164' title='bbox 1287 1512 1351 1552; x_wconf 87' lang='lat' dir='ltr'><em>his</em></span> <span class='ocrx_word' id='word_1_165' title='bbox 1374 1513 1519 1551; x_wconf 82' lang='lat' dir='ltr'><em>civium</em></span> <span class='ocrx_word' id='word_1_166' title='bbox 1536 1510 1825 1551; x_wconf 83' lang='lat' dir='ltr'><em>Romanorum..</em></span> <span class='ocrx_word' id='word_1_167' title='bbox 1839 1543 1866 1551; x_wconf 92' lang='lat'><em>..</em></span> <span class='ocrx_word' id='word_1_168' title='bbox 1897 1509 2102 1563; x_wconf 75' lang='lat' dir='ltr'><em>Ilerdenses</em></span> <span class='ocrx_word' id='word_1_169' title='bbox 2121 1509 2357 1550; x_wconf 87' lang='lat' dir='ltr'><em>Surdaonum</em></span> 
     </span>
     <span class='ocr_line' id='line_1_16' title="bbox 243 1565 2359 1621; baseline 0 -15"><span class='ocrx_word' id='word_1_170' title='bbox 243 1569 397 1621; x_wconf 82' lang='lat' dir='ltr'><em>gentis,</em></span> <span class='ocrx_word' id='word_1_171' title='bbox 412 1566 543 1618; x_wconf 75' lang='lat' dir='ltr'><em>juxta</em></span> <span class='ocrx_word' id='word_1_172' title='bbox 560 1579 650 1621; x_wconf 82' lang='lat' dir='ltr'><em>quos</em></span> <span class='ocrx_word' id='word_1_173' title='bbox 667 1566 809 1607; x_wconf 86' lang='lat' dir='ltr'><em>Sicoris</em></span> <span class='ocrx_word' id='word_1_174' title='bbox 817 1566 983 1619; x_wconf 76' lang='lat' dir='ltr'><em>fluvius.</em></span> <span class='ocrx_word' id='word_1_175' title='bbox 1023 1566 1128 1607; x_wconf 91' lang='lat' dir='ltr'><em>Urbs</em></span> <span class='ocrx_word' id='word_1_176' title='bbox 1143 1567 1237 1607; x_wconf 82' lang='lat' dir='ltr'><em>vero</em></span> <span class='ocrx_word' id='word_1_177' title='bbox 1257 1567 1297 1607; x_wconf 91' lang='lat' dir='ltr'><em>in</em></span> <span class='ocrx_word' id='word_1_178' title='bbox 1317 1567 1484 1607; x_wconf 89' lang='lat' dir='ltr'><em>nummis</em></span> <span class='ocrx_word' id='word_1_179' title='bbox 1501 1567 1711 1621; x_wconf 90' lang='lat' dir='ltr'><em>Municipii</em></span> <span class='ocrx_word' id='word_1_180' title='bbox 1731 1566 1843 1607; x_wconf 86' lang='lat' dir='ltr'><em>titulo</em></span> <span class='ocrx_word' id='word_1_181' title='bbox 1861 1565 2014 1621; x_wconf 89' lang='lat' dir='ltr'><em>gaudet.</em></span> <span class='ocrx_word' id='word_1_182' title='bbox 2051 1566 2186 1620; x_wconf 90' lang='lat' dir='ltr'><em>Lupus</em></span> <span class='ocrx_word' id='word_1_183' title='bbox 2204 1579 2277 1620; x_wconf 90' lang='lat' dir='ltr'><em>pro</em></span> <span class='ocrx_word' id='word_1_184' title='bbox 2295 1579 2359 1606; x_wconf 89' lang='lat' dir='ltr'><em>ur-</em></span> 
     </span>
     <span class='ocr_line' id='line_1_17' title="bbox 256 1620 2356 1676; baseline -0 -14"><span class='ocrx_word' id='word_1_185' title='bbox 256 1622 312 1662; x_wconf 91' lang='lat' dir='ltr'><em>bis</em></span> <span class='ocrx_word' id='word_1_186' title='bbox 332 1621 505 1675; x_wconf 90' lang='lat' dir='ltr'><em>symbolo</em></span> <span class='ocrx_word' id='word_1_187' title='bbox 523 1621 628 1675; x_wconf 88' lang='lat' dir='ltr'><em>apud</em></span> <span class='ocrx_word' id='word_1_188' title='bbox 646 1623 737 1663; x_wconf 92' lang='lat' dir='ltr'><strong>Ant.</strong></span> <span class='ocrx_word' id='word_1_189' title='bbox 758 1621 1015 1676; x_wconf 83' lang='lat' dir='ltr'><em>Augustinum</em></span> <span class='ocrx_word' id='word_1_190' title='bbox 1033 1621 1120 1662; x_wconf 88' lang='lat' dir='ltr'><em>dial.</em></span> <span class='ocrx_word' id='word_1_191' title='bbox 1140 1627 1176 1662; x_wconf 92' lang='lat'><em>6.</em></span> <span class='ocrx_word' id='word_1_192' title='bbox 1195 1622 1370 1664; x_wconf 90' lang='lat' dir='ltr'><em>habetur.</em></span> <span class='ocrx_word' id='word_1_193' title='bbox 1412 1622 1525 1675; x_wconf 84' lang='lat' dir='ltr'><em>Lupa</em></span> <span class='ocrx_word' id='word_1_194' title='bbox 1541 1622 1702 1675; x_wconf 87' lang='lat' dir='ltr'><em>quidem</em></span> <span class='ocrx_word' id='word_1_195' title='bbox 1723 1636 1768 1663; x_wconf 87' lang='lat' dir='ltr'><em>ex</em></span> <span class='ocrx_word' id='word_1_196' title='bbox 1789 1621 1970 1662; x_wconf 87' lang='lat' dir='ltr'><em>uberibus</em></span> <span class='ocrx_word' id='word_1_197' title='bbox 1986 1620 2139 1663; x_wconf 89' lang='lat' dir='ltr'><em>videtur</em></span> <span class='ocrx_word' id='word_1_198' title='bbox 2151 1641 2164 1668; x_wconf 95' lang='lat'><em>·,</em></span> <span class='ocrx_word' id='word_1_199' title='bbox 2192 1621 2356 1662; x_wconf 86' lang='lat' dir='ltr'><em>Amicus</em></span> 
     </span>
     <span class='ocr_line' id='line_1_18' title="bbox 253 1675 1981 1732; baseline -0.001 -15"><span class='ocrx_word' id='word_1_200' title='bbox 253 1676 394 1717; x_wconf 85' lang='lat' dir='ltr'><em>Romae</em></span> <span class='ocrx_word' id='word_1_201' title='bbox 410 1675 555 1731; x_wconf 78' lang='lat' dir='ltr'><em>insigne</em></span> <span class='ocrx_word' id='word_1_202' title='bbox 572 1676 647 1717; x_wconf 72' lang='lat' dir='ltr'><em>elle</em></span> <span class='ocrx_word' id='word_1_203' title='bbox 666 1688 796 1732; x_wconf 87' lang='lat' dir='ltr'><em>putat,</em></span> <span class='ocrx_word' id='word_1_204' title='bbox 823 1676 889 1718; x_wconf 91' lang='lat' dir='ltr'><em>sed</em></span> <span class='ocrx_word' id='word_1_205' title='bbox 907 1678 988 1717; x_wconf 79' lang='lat' dir='ltr'><em>haec</em></span> <span class='ocrx_word' id='word_1_206' title='bbox 1004 1691 1094 1718; x_wconf 92' lang='lat' dir='ltr'><em>cum</em></span> <span class='ocrx_word' id='word_1_207' title='bbox 1110 1678 1237 1732; x_wconf 88' lang='lat' dir='ltr'><em>pueris</em></span> <span class='ocrx_word' id='word_1_208' title='bbox 1254 1677 1432 1720; x_wconf 88' lang='lat' dir='ltr'><em>Romulo</em></span> <span class='ocrx_word' id='word_1_209' title='bbox 1449 1681 1486 1717; x_wconf 63' lang='grc' dir='ltr'><em>ὃς</em></span> <span class='ocrx_word' id='word_1_210' title='bbox 1505 1677 1638 1718; x_wconf 88' lang='lat' dir='ltr'><strong>Remo</strong></span> <span class='ocrx_word' id='word_1_211' title='bbox 1656 1690 1749 1719; x_wconf 90' lang='lat' dir='ltr'><em>tunc</em></span> <span class='ocrx_word' id='word_1_212' title='bbox 1766 1677 1981 1718; x_wconf 85' lang='lat' dir='ltr'><em>exhibetur.</em></span> 
     </span>
    </p>
   </div>
   <div class='ocr_carea' id='block_1_7' title="bbox 260 1751 2357 1862">
    <p class='ocr_par' dir='ltr' id='par_1_8' title="bbox 260 1751 2357 1862">
     <span class='ocr_line' id='line_1_19' title="bbox 260 1751 2357 1862; baseline 0 -70"><span class='ocrx_word' id='word_1_213' title='bbox 260 1753 393 1854; x_wconf 53' lang='lat' dir='ltr'><em>&amp;Hic</em></span> <span class='ocrx_word' id='word_1_214' title='bbox 406 1761 578 1862; x_wconf 57' lang='lat' dir='ltr'><em>mms&#39;Jm</em></span> <span class='ocrx_word' id='word_1_215' title='bbox 594 1756 740 1796; x_wconf 85' lang='lat' dir='ltr'><em>minimi</em></span> <span class='ocrx_word' id='word_1_216' title='bbox 759 1755 899 1796; x_wconf 87' lang='lat' dir='ltr'><em>moduli</em></span> <span class='ocrx_word' id='word_1_217' title='bbox 914 1755 964 1796; x_wconf 86' lang='lat' dir='ltr'><em>ab</em></span> <span class='ocrx_word' id='word_1_218' title='bbox 980 1756 1079 1797; x_wconf 88' lang='lat' dir='ltr'><em>Ant.</em></span> <span class='ocrx_word' id='word_1_219' title='bbox 1092 1754 1305 1810; x_wconf 74' lang='lat' dir='ltr'><em>Augustino</em></span> <span class='ocrx_word' id='word_1_220' title='bbox 1321 1755 1415 1796; x_wconf 88' lang='lat' dir='ltr'><em>dial.</em></span> <span class='ocrx_word' id='word_1_221' title='bbox 1434 1760 1470 1796; x_wconf 94' lang='lat'><em>6.</em></span> <span class='ocrx_word' id='word_1_222' title='bbox 1490 1754 1538 1800; x_wconf 58' lang='grc' dir='ltr'><strong><em>ὠ</em></strong></span> <span class='ocrx_word' id='word_1_223' title='bbox 1559 1755 1583 1796; x_wconf 75' lang='grc' dir='ltr'><em>ὰ</em></span> <span class='ocrx_word' id='word_1_224' title='bbox 1600 1756 1751 1798; x_wconf 82' lang='lat' dir='ltr'><em>Patino</em></span> <span class='ocrx_word' id='word_1_225' title='bbox 1757 1766 1849 1812; x_wconf 82' lang='lat' dir='ltr'><em>pag.</em></span> <span class='ocrx_word' id='word_1_226' title='bbox 1864 1769 1927 1811; x_wconf 85' lang='lat'><em>35.</em></span> <span class='ocrx_word' id='word_1_227' title='bbox 1947 1754 2153 1811; x_wconf 71' lang='lat' dir='ltr'><em>vulgatus,</em></span> <span class='ocrx_word' id='word_1_228' title='bbox 2168 1751 2357 1811; x_wconf 75' lang='lat' dir='ltr'><em>frequens</em></span> 
     </span>
     <span class='ocr_line' id='line_1_20' title="bbox 325 1822 534 1850; baseline -0.005 0"><span class='ocrx_word' id='word_1_229' title='bbox 325 1823 346 1849; x_wconf 93' lang='lat' dir='ltr'><em>o</em></span> <span class='ocrx_word' id='word_1_230' title='bbox 373 1822 460 1850; x_wconf 77' lang='lat' dir='ltr'><em>vem</em></span> <span class='ocrx_word' id='word_1_231' title='bbox 476 1823 496 1849; x_wconf 87' lang='lat' dir='ltr'><em>e</em></span> <span class='ocrx_word' id='word_1_232' title='bbox 526 1840 534 1849; x_wconf 87' lang='lat'><em>.</em></span> 
     </span>
    </p>
   </div>
   <div class='ocr_carea' id='block_1_8' title="bbox 1070 1888 1549 1930">
    <p class='ocr_par' dir='ltr' id='par_1_9' title="bbox 1070 1888 1549 1930">
     <span class='ocr_line' id='line_1_21' title="bbox 1070 1888 1549 1930; baseline 0.004 -2"><span class='ocrx_word' id='word_1_233' title='bbox 1070 1888 1549 1930; x_wconf 88' lang='lat' dir='ltr'><em>ILLICI.</em></span> 
     </span>
    </p>
   </div>
   <div class='ocr_carea' id='block_1_9' title="bbox 1145 2002 1480 2335">
    <p class='ocr_par' dir='ltr' id='par_1_10' title="bbox 1145 2002 1480 2335">
     <span class='ocr_line' id='line_1_22' title="bbox 1145 2002 1480 2335; baseline 0 1879"><span class='ocrx_word' id='word_1_234' title='bbox 1145 2002 1480 2335; x_wconf 95' lang='lat' dir='ltr'><em> </em></span> 
     </span>
    </p>
   </div>
   <div class='ocr_carea' id='block_1_10' title="bbox 266 2419 2359 2753">
    <p class='ocr_par' dir='ltr' id='par_1_11' title="bbox 266 2419 1372 2477">
     <span class='ocr_line' id='line_1_23' title="bbox 266 2419 1372 2477; baseline 0 -16"><span class='ocrx_word' id='word_1_235' title='bbox 266 2435 294 2462; x_wconf 75' lang='lat' dir='ltr'><strong>A</strong></span> <span class='ocrx_word' id='word_1_236' title='bbox 308 2435 331 2461; x_wconf 88' lang='lat' dir='ltr'>v</span> <span class='ocrx_word' id='word_1_237' title='bbox 348 2434 374 2461; x_wconf 83' lang='lat' dir='ltr'><em>c</em></span> <span class='ocrx_word' id='word_1_238' title='bbox 388 2433 414 2460; x_wconf 91' lang='lat' dir='ltr'>v</span> <span class='ocrx_word' id='word_1_239' title='bbox 428 2433 446 2461; x_wconf 89' lang='lat' dir='ltr'><em>s</em></span> <span class='ocrx_word' id='word_1_240' title='bbox 461 2433 485 2461; x_wconf 79' lang='grc' dir='ltr'><strong>Τ</strong></span> <span class='ocrx_word' id='word_1_241' title='bbox 498 2434 524 2460; x_wconf 90' lang='lat' dir='ltr'><strong>v</strong></span> <span class='ocrx_word' id='word_1_242' title='bbox 538 2433 556 2461; x_wconf 88' lang='lat' dir='ltr'><em>s</em></span> <span class='ocrx_word' id='word_1_243' title='bbox 588 2435 614 2461; x_wconf 86' lang='lat' dir='ltr'>D</span> <span class='ocrx_word' id='word_1_244' title='bbox 625 2433 641 2460; x_wconf 88' lang='lat'>1</span> <span class='ocrx_word' id='word_1_245' title='bbox 653 2433 680 2461; x_wconf 89' lang='lat' dir='ltr'>v</span> <span class='ocrx_word' id='word_1_246' title='bbox 694 2435 709 2461; x_wconf 90' lang='lat'>1</span> <span class='ocrx_word' id='word_1_247' title='bbox 741 2433 779 2461; x_wconf 80' lang='lat' dir='ltr'><em>F.</em></span> <span class='ocrx_word' id='word_1_248' title='bbox 815 2419 949 2475; x_wconf 87' lang='lat' dir='ltr'><em>Caput</em></span> <span class='ocrx_word' id='word_1_249' title='bbox 968 2419 1132 2477; x_wconf 71' lang='lat' dir='ltr'><em>Augusti</em></span> <span class='ocrx_word' id='word_1_250' title='bbox 1147 2419 1372 2463; x_wconf 69' lang='lat' dir='ltr'><em>laureatum:</em></span> 
     </span>
    </p>

    <p class='ocr_par' dir='ltr' id='par_1_12' title="bbox 318 2472 2359 2642">
     <span class='ocr_line' id='line_1_24' title="bbox 318 2472 2359 2531; baseline 0.001 -13"><span class='ocrx_word' id='word_1_251' title='bbox 318 2490 512 2518; x_wconf 83' lang='lat' dir='ltr'><em>c.1.11..</em></span> <span class='ocrx_word' id='word_1_252' title='bbox 545 2490 588 2516; x_wconf 81' lang='lat' dir='ltr'><em>A.</em></span> <span class='ocrx_word' id='word_1_253' title='bbox 618 2491 668 2531; x_wconf 98' lang='lat' dir='ltr'>Q</span> <span class='ocrx_word' id='word_1_254' title='bbox 689 2489 869 2516; x_wconf 77' lang='lat' dir='ltr'><em>PAPIR.</em></span> <span class='ocrx_word' id='word_1_255' title='bbox 900 2490 1020 2517; x_wconf 79' lang='lat' dir='ltr'><em>CAR.</em></span> <span class='ocrx_word' id='word_1_256' title='bbox 1051 2490 1098 2529; x_wconf 89' lang='lat' dir='ltr'>Q</span> <span class='ocrx_word' id='word_1_257' title='bbox 1121 2484 1439 2518; x_wconf 77' lang='lat' dir='ltr'><em>TER.MON1⁴.</em></span> <span class='ocrx_word' id='word_1_258' title='bbox 1470 2484 1668 2518; x_wconf 62' lang='lat' dir='ltr'><em>11.v11&#39;&lt;.</em></span> <span class='ocrx_word' id='word_1_259' title='bbox 1699 2488 1741 2530; x_wconf 76' lang='lat' dir='ltr'>Q</span> <span class='ocrx_word' id='word_1_260' title='bbox 1768 2475 1924 2517; x_wconf 83' lang='lat' dir='ltr'><em>Colonia</em></span> <span class='ocrx_word' id='word_1_261' title='bbox 1944 2472 2128 2519; x_wconf 79' lang='lat' dir='ltr'><em>Immanis</em></span> <span class='ocrx_word' id='word_1_262' title='bbox 2147 2476 2257 2519; x_wconf 76' lang='lat' dir='ltr'><em>Illice</em></span> <span class='ocrx_word' id='word_1_263' title='bbox 2272 2479 2359 2521; x_wconf 61' lang='lat' dir='ltr'><em>Ate-⁴</em></span> 
     </span>
     <span class='ocr_line' id='line_1_25' title="bbox 364 2531 2359 2591; baseline 0.004 -22"><span class='ocrx_word' id='word_1_264' title='bbox 364 2545 421 2585; x_wconf 85' lang='lat' dir='ltr'><em>gu</em></span> <span class='ocrx_word' id='word_1_265' title='bbox 453 2547 486 2571; x_wconf 88' lang='lat' dir='ltr'><em>a.</em></span> <span class='ocrx_word' id='word_1_266' title='bbox 528 2531 680 2587; x_wconf 82' lang='lat' dir='ltr'><em>Qinto</em></span> <span class='ocrx_word' id='word_1_267' title='bbox 704 2531 866 2585; x_wconf 78' lang='lat' dir='ltr'><em>‘Papirio</em></span> <span class='ocrx_word' id='word_1_268' title='bbox 892 2531 1060 2572; x_wconf 84' lang='lat' dir='ltr'><em>Carbone</em></span> <span class='ocrx_word' id='word_1_269' title='bbox 1076 2559 1089 2578; x_wconf 88' lang='lat'><strong><em>,</em></strong></span> <span class='ocrx_word' id='word_1_270' title='bbox 1124 2531 1278 2588; x_wconf 81' lang='lat' dir='ltr'><em>Qinto</em></span> <span class='ocrx_word' id='word_1_271' title='bbox 1303 2532 1476 2572; x_wconf 86' lang='lat' dir='ltr'><em>Terentio</em></span> <span class='ocrx_word' id='word_1_272' title='bbox 1505 2531 1694 2574; x_wconf 86' lang='lat' dir='ltr'><em>Montano</em></span> <span class='ocrx_word' id='word_1_273' title='bbox 1722 2531 1964 2573; x_wconf 81' lang='lat' dir='ltr'><em>Duumviris</em></span> <span class='ocrx_word' id='word_1_274' title='bbox 1985 2534 2359 2591; x_wconf 81' lang='lat' dir='ltr'><em>Qinquennalibus.</em></span> 
     </span>
     <span class='ocr_line' id='line_1_26' title="bbox 371 2585 1783 2642; baseline 0.001 -16"><span class='ocrx_word' id='word_1_275' title='bbox 371 2585 583 2640; x_wconf 88' lang='lat' dir='ltr'><em>Templum</em></span> <span class='ocrx_word' id='word_1_276' title='bbox 602 2585 836 2640; x_wconf 87' lang='lat' dir='ltr'><em>tetrastylum</em></span> <span class='ocrx_word' id='word_1_277' title='bbox 849 2613 861 2634; x_wconf 86' lang='lat'>‚</span> <span class='ocrx_word' id='word_1_278' title='bbox 888 2587 927 2627; x_wconf 90' lang='lat' dir='ltr'><em>in</em></span> <span class='ocrx_word' id='word_1_279' title='bbox 943 2587 1052 2640; x_wconf 88' lang='lat' dir='ltr'><em>cujus</em></span> <span class='ocrx_word' id='word_1_280' title='bbox 1067 2586 1258 2641; x_wconf 87' lang='lat' dir='ltr'><em>peristylio</em></span> <span class='ocrx_word' id='word_1_281' title='bbox 1275 2587 1454 2642; x_wconf 90' lang='lat' dir='ltr'><em>scriptum</em></span> <span class='ocrx_word' id='word_1_282' title='bbox 1473 2587 1527 2627; x_wconf 91' lang='lat' dir='ltr'><em>est</em></span> <span class='ocrx_word' id='word_1_283' title='bbox 1557 2601 1573 2627; x_wconf 95' lang='lat'>1</span> <span class='ocrx_word' id='word_1_284' title='bbox 1586 2602 1612 2627; x_wconf 92' lang='lat' dir='ltr'><strong>v</strong></span> <span class='ocrx_word' id='word_1_285' title='bbox 1627 2601 1658 2627; x_wconf 91' lang='lat' dir='ltr'>N</span> <span class='ocrx_word' id='word_1_286' title='bbox 1671 2602 1697 2627; x_wconf 95' lang='lat' dir='ltr'><em>o</em></span> <span class='ocrx_word' id='word_1_287' title='bbox 1711 2601 1741 2627; x_wconf 87' lang='lat' dir='ltr'>N</span> <span class='ocrx_word' id='word_1_288' title='bbox 1754 2601 1783 2628; x_wconf 92' lang='lat'><em>1.</em></span> 
     </span>
    </p>

    <p class='ocr_par' dir='ltr' id='par_1_13' title="bbox 319 2641 2358 2753">
     <span class='ocr_line' id='line_1_27' title="bbox 319 2641 2358 2698; baseline 0.003 -17"><span class='ocrx_word' id='word_1_289' title='bbox 319 2641 441 2696; x_wconf 90' lang='lat' dir='ltr'><em>Apud</em></span> <span class='ocrx_word' id='word_1_290' title='bbox 462 2642 762 2682; x_wconf 85' lang='lat' dir='ltr'><em>Mediobarbum</em></span> <span class='ocrx_word' id='word_1_291' title='bbox 781 2656 868 2697; x_wconf 83' lang='lat' dir='ltr'><em>pag.</em></span> <span class='ocrx_word' id='word_1_292' title='bbox 892 2657 958 2695; x_wconf 88' lang='lat'><em>49.</em></span> <span class='ocrx_word' id='word_1_293' title='bbox 988 2657 1061 2697; x_wconf 92' lang='lat' dir='ltr'><em>pro</em></span> <span class='ocrx_word' id='word_1_294' title='bbox 1091 2656 1165 2682; x_wconf 88' lang='lat' dir='ltr'><em>Mo</em></span> <span class='ocrx_word' id='word_1_295' title='bbox 1181 2656 1210 2681; x_wconf 87' lang='lat' dir='ltr'>N</span> <span class='ocrx_word' id='word_1_296' title='bbox 1223 2657 1262 2682; x_wconf 85' lang='lat' dir='ltr'><em>T.</em></span> <span class='ocrx_word' id='word_1_297' title='bbox 1293 2656 1308 2682; x_wconf 93' lang='lat'>1</span> <span class='ocrx_word' id='word_1_298' title='bbox 1321 2657 1349 2682; x_wconf 94' lang='lat'><em>1.</em></span> <span class='ocrx_word' id='word_1_299' title='bbox 1381 2657 1408 2682; x_wconf 88' lang='lat' dir='ltr'><strong>v</strong></span> <span class='ocrx_word' id='word_1_300' title='bbox 1421 2657 1491 2683; x_wconf 74' lang='lat' dir='ltr'><em>m.</em></span> <span class='ocrx_word' id='word_1_301' title='bbox 1524 2653 1561 2693; x_wconf 81' lang='lat' dir='ltr'><em>Q.</em></span> <span class='ocrx_word' id='word_1_302' title='bbox 1586 2653 1625 2693; x_wconf 85' lang='lat' dir='ltr'><em>Q.</em></span> <span class='ocrx_word' id='word_1_303' title='bbox 1655 2657 1677 2683; x_wconf 81' lang='lat' dir='ltr'>P</span> <span class='ocrx_word' id='word_1_304' title='bbox 1691 2657 1718 2683; x_wconf 82' lang='lat' dir='ltr'>A</span> <span class='ocrx_word' id='word_1_305' title='bbox 1731 2657 1753 2683; x_wconf 81' lang='lat' dir='ltr'>P</span> <span class='ocrx_word' id='word_1_306' title='bbox 1766 2656 1836 2684; x_wconf 65' lang='lat'><em>112..</em></span> <span class='ocrx_word' id='word_1_307' title='bbox 1867 2658 1890 2684; x_wconf 90' lang='lat' dir='ltr'><em>c</em></span> <span class='ocrx_word' id='word_1_308' title='bbox 1903 2657 1931 2683; x_wconf 79' lang='lat' dir='ltr'>A</span> <span class='ocrx_word' id='word_1_309' title='bbox 1945 2657 1979 2685; x_wconf 77' lang='grc' dir='ltr'><em>Ρ.</em></span> <span class='ocrx_word' id='word_1_310' title='bbox 2010 2658 2058 2698; x_wconf 73' lang='lat' dir='ltr'>Q</span> <span class='ocrx_word' id='word_1_311' title='bbox 2083 2652 2202 2686; x_wconf 74' lang='lat' dir='ltr'><em>TER.</em></span> <span class='ocrx_word' id='word_1_312' title='bbox 2231 2643 2283 2687; x_wconf 87' lang='lat' dir='ltr'><em>fic</em></span> <span class='ocrx_word' id='word_1_313' title='bbox 2301 2659 2358 2688; x_wconf 86' lang='lat' dir='ltr'><em>re·-</em></span> 
     </span>
     <span class='ocr_line' id='line_1_28' title="bbox 373 2696 1713 2753; baseline 0.001 -17"><span class='ocrx_word' id='word_1_314' title='bbox 373 2696 505 2737; x_wconf 87' lang='lat' dir='ltr'><em>sarcies</em></span> <span class='ocrx_word' id='word_1_315' title='bbox 536 2712 580 2749; x_wconf 86' lang='lat' dir='ltr'>Q</span> <span class='ocrx_word' id='word_1_316' title='bbox 603 2710 788 2736; x_wconf 79' lang='lat' dir='ltr'><em>PAPIR.</em></span> <span class='ocrx_word' id='word_1_317' title='bbox 823 2711 976 2738; x_wconf 69' lang='lat' dir='ltr'><em>cARss.</em></span> <span class='ocrx_word' id='word_1_318' title='bbox 1008 2712 1047 2750; x_wconf 71' lang='lat' dir='ltr'>Q</span> <span class='ocrx_word' id='word_1_319' title='bbox 1079 2711 1195 2737; x_wconf 81' lang='lat' dir='ltr'><em>TER.</em></span> <span class='ocrx_word' id='word_1_320' title='bbox 1227 2711 1397 2738; x_wconf 81' lang='lat' dir='ltr'><em>MONT.</em></span> <span class='ocrx_word' id='word_1_321' title='bbox 1430 2710 1486 2737; x_wconf 92' lang='lat'><em>11.</em></span> <span class='ocrx_word' id='word_1_322' title='bbox 1517 2711 1628 2738; x_wconf 71' lang='lat' dir='ltr'><em>vm.</em></span> <span class='ocrx_word' id='word_1_323' title='bbox 1659 2712 1713 2753; x_wconf 90' lang='lat' dir='ltr'>Q</span> 
     </span>
    </p>
   </div>
   <div class='ocr_carea' id='block_1_11' title="bbox 267 2774 2360 3771">
    <p class='ocr_par' dir='ltr' id='par_1_14' title="bbox 267 2774 2360 3160">
     <span class='ocr_line' id='line_1_29' title="bbox 319 2774 2360 2833; baseline 0.004 -20"><span class='ocrx_word' id='word_1_324' title='bbox 319 2774 421 2814; x_wconf 83' lang='lat' dir='ltr'><em>Illici</em></span> <span class='ocrx_word' id='word_1_325' title='bbox 443 2775 533 2814; x_wconf 85' lang='lat' dir='ltr'><em>urbs</em></span> <span class='ocrx_word' id='word_1_326' title='bbox 550 2774 746 2829; x_wconf 82' lang='lat' dir='ltr'><em>Hispaniae</em></span> <span class='ocrx_word' id='word_1_327' title='bbox 756 2774 1054 2816; x_wconf 81' lang='lat' dir='ltr'><em>Tarraconensis</em></span> <span class='ocrx_word' id='word_1_328' title='bbox 1071 2776 1163 2816; x_wconf 85' lang='lat' dir='ltr'><em>mari</em></span> <span class='ocrx_word' id='word_1_329' title='bbox 1183 2776 1378 2830; x_wconf 87' lang='lat' dir='ltr'><em>proxima,</em></span> <span class='ocrx_word' id='word_1_330' title='bbox 1405 2775 1513 2817; x_wconf 90' lang='lat' dir='ltr'><em>unde</em></span> <span class='ocrx_word' id='word_1_331' title='bbox 1527 2776 1750 2817; x_wconf 81' lang='lat' dir='ltr'><em>Illicitanus</em></span> <span class='ocrx_word' id='word_1_332' title='bbox 1766 2776 1886 2818; x_wconf 81' lang='lat' dir='ltr'><em>Sinus·</em></span> <span class='ocrx_word' id='word_1_333' title='bbox 1900 2776 2016 2818; x_wconf 70' lang='lat' dir='ltr'><em>Melae</em></span> <span class='ocrx_word' id='word_1_334' title='bbox 2033 2776 2096 2817; x_wconf 90' lang='lat' dir='ltr'><em>lib.</em></span> <span class='ocrx_word' id='word_1_335' title='bbox 2109 2791 2145 2817; x_wconf 86' lang='lat'><em>2.</em></span> <span class='ocrx_word' id='word_1_336' title='bbox 2163 2792 2246 2833; x_wconf 85' lang='lat' dir='ltr'><em>cap.</em></span> <span class='ocrx_word' id='word_1_337' title='bbox 2261 2783 2298 2819; x_wconf 92' lang='lat'><em>6.</em></span> <span class='ocrx_word' id='word_1_338' title='bbox 2316 2791 2360 2822; x_wconf 88' lang='lat' dir='ltr'><em>ut</em></span> 
     </span>
     <span class='ocr_line' id='line_1_30' title="bbox 268 2829 2360 2885; baseline 0.003 -17"><span class='ocrx_word' id='word_1_339' title='bbox 268 2830 305 2867; x_wconf 74' lang='grc' dir='ltr'><em>ὃ(</em></span> <span class='ocrx_word' id='word_1_340' title='bbox 325 2830 446 2869; x_wconf 83' lang='lat' dir='ltr'><em>Plinio</em></span> <span class='ocrx_word' id='word_1_341' title='bbox 464 2829 527 2869; x_wconf 87' lang='lat' dir='ltr'><em>lib.</em></span> <span class='ocrx_word' id='word_1_342' title='bbox 545 2843 579 2882; x_wconf 83' lang='lat'><em>3.</em></span> <span class='ocrx_word' id='word_1_343' title='bbox 598 2843 681 2883; x_wconf 85' lang='lat' dir='ltr'><em>cap.</em></span> <span class='ocrx_word' id='word_1_344' title='bbox 697 2842 734 2881; x_wconf 87' lang='lat'><em>3.</em></span> <span class='ocrx_word' id='word_1_345' title='bbox 764 2830 786 2868; x_wconf 77' lang='lat' dir='ltr'><em>a</em></span> <span class='ocrx_word' id='word_1_346' title='bbox 807 2843 888 2883; x_wconf 87' lang='lat' dir='ltr'><em>quo</em></span> <span class='ocrx_word' id='word_1_347' title='bbox 905 2831 1074 2870; x_wconf 82' lang='lat' dir='ltr'><em>Colonia</em></span> <span class='ocrx_word' id='word_1_348' title='bbox 1093 2831 1316 2885; x_wconf 82' lang='lat' dir='ltr'><em>perhibetur</em></span> <span class='ocrx_word' id='word_1_349' title='bbox 1331 2857 1344 2877; x_wconf 89' lang='lat'>‚</span> <span class='ocrx_word' id='word_1_350' title='bbox 1374 2835 1413 2870; x_wconf 72' lang='grc' dir='ltr'><em>δε</em></span> <span class='ocrx_word' id='word_1_351' title='bbox 1428 2831 1588 2884; x_wconf 90' lang='lat' dir='ltr'><em>quidem</em></span> <span class='ocrx_word' id='word_1_352' title='bbox 1606 2832 1793 2872; x_wconf 91' lang='lat' dir='ltr'><em>Immunis</em></span> <span class='ocrx_word' id='word_1_353' title='bbox 1808 2858 1821 2878; x_wconf 85' lang='lat'><strong>,</strong></span> <span class='ocrx_word' id='word_1_354' title='bbox 1851 2832 2006 2873; x_wconf 85' lang='lat' dir='ltr'><em>Colonia</em></span> <span class='ocrx_word' id='word_1_355' title='bbox 2024 2832 2211 2872; x_wconf 67' lang='lat' dir='ltr'><em>Immanis</em></span> <span class='ocrx_word' id='word_1_356' title='bbox 2229 2833 2335 2874; x_wconf 83' lang='lat' dir='ltr'><em>Illici</em></span> <span class='ocrx_word' id='word_1_357' title='bbox 2345 2855 2360 2882; x_wconf 90' lang='lat'><em>-‚</em></span> 
     </span>
     <span class='ocr_line' id='line_1_31' title="bbox 268 2884 2359 2944; baseline 0.003 -21"><span class='ocrx_word' id='word_1_358' title='bbox 268 2885 376 2936; x_wconf 88' lang='lat' dir='ltr'><em>quod</em></span> <span class='ocrx_word' id='word_1_359' title='bbox 394 2884 596 2924; x_wconf 87' lang='lat' dir='ltr'><em>confirmat</em></span> <span class='ocrx_word' id='word_1_360' title='bbox 612 2897 792 2924; x_wconf 87' lang='lat' dir='ltr'><em>nummus</em></span> <span class='ocrx_word' id='word_1_361' title='bbox 804 2911 817 2930; x_wconf 86' lang='lat'>‚</span> <span class='ocrx_word' id='word_1_362' title='bbox 843 2888 881 2923; x_wconf 90' lang='lat'>&amp;</span> <span class='ocrx_word' id='word_1_363' title='bbox 896 2885 1036 2925; x_wconf 81' lang='lat' dir='ltr'><em>Paulus</em></span> <span class='ocrx_word' id='word_1_364' title='bbox 1052 2885 1114 2925; x_wconf 93' lang='lat' dir='ltr'><em>lib.</em></span> <span class='ocrx_word' id='word_1_365' title='bbox 1138 2899 1174 2925; x_wconf 85' lang='lat'><em>2.</em></span> <span class='ocrx_word' id='word_1_366' title='bbox 1195 2884 1245 2925; x_wconf 93' lang='lat' dir='ltr'><em>de</em></span> <span class='ocrx_word' id='word_1_367' title='bbox 1258 2885 1448 2925; x_wconf 73' lang='lat' dir='ltr'><em>censibus</em></span> <span class='ocrx_word' id='word_1_368' title='bbox 1470 2900 1478 2925; x_wconf 90' lang='lat'><strong>:</strong></span> <span class='ocrx_word' id='word_1_369' title='bbox 1507 2885 1763 2938; x_wconf 85' lang='lat' dir='ltr'><em>Emeritenses</em></span> <span class='ocrx_word' id='word_1_370' title='bbox 1766 2887 1874 2941; x_wconf 86' lang='lat' dir='ltr'><em>juris</em></span> <span class='ocrx_word' id='word_1_371' title='bbox 1889 2887 2023 2927; x_wconf 86' lang='lat' dir='ltr'><em>Italici</em></span> <span class='ocrx_word' id='word_1_372' title='bbox 2030 2886 2130 2939; x_wconf 73' lang='lat' dir='ltr'><em>fient</em></span> <span class='ocrx_word' id='word_1_373' title='bbox 2145 2902 2157 2925; x_wconf 91' lang='lat'><em>.·</em></span> <span class='ocrx_word' id='word_1_374' title='bbox 2183 2889 2276 2928; x_wconf 88' lang='lat' dir='ltr'><em>item</em></span> <span class='ocrx_word' id='word_1_375' title='bbox 2278 2902 2359 2944; x_wconf 80' lang='lat' dir='ltr'><em>Jus·</em></span> 
     </span>
     <span class='ocr_line' id='line_1_32' title="bbox 268 2938 2360 2996; baseline 0.004 -19"><span class='ocrx_word' id='word_1_376' title='bbox 268 2939 462 2978; x_wconf 74' lang='lat' dir='ltr'><em>Valentini</em></span> <span class='ocrx_word' id='word_1_377' title='bbox 479 2938 526 2983; x_wconf 61' lang='grc' dir='ltr'>ό</span> <span class='ocrx_word' id='word_1_378' title='bbox 544 2939 720 2979; x_wconf 82' lang='lat' dir='ltr'><em>Licitani</em></span> <span class='ocrx_word' id='word_1_379' title='bbox 737 2939 832 2992; x_wconf 87' lang='lat' dir='ltr'><em>(pro</em></span> <span class='ocrx_word' id='word_1_380' title='bbox 848 2938 1058 2993; x_wconf 84' lang='lat' dir='ltr'><em>Illicitani)</em></span> <span class='ocrx_word' id='word_1_381' title='bbox 1076 2939 1218 2980; x_wconf 83' lang='lat' dir='ltr'><em>habent</em></span> <span class='ocrx_word' id='word_1_382' title='bbox 1237 2954 1249 2977; x_wconf 89' lang='lat'><em>:</em></span> <span class='ocrx_word' id='word_1_383' title='bbox 1277 2940 1572 2992; x_wconf 87' lang='lat' dir='ltr'><em>Barcinonenses</em></span> <span class='ocrx_word' id='word_1_384' title='bbox 1595 2955 1737 2996; x_wconf 85' lang='lat' dir='ltr'><em>quoque</em></span> <span class='ocrx_word' id='word_1_385' title='bbox 1761 2941 1900 2981; x_wconf 86' lang='lat' dir='ltr'><em>ibidem</em></span> <span class='ocrx_word' id='word_1_386' title='bbox 1923 2945 2104 2982; x_wconf 86' lang='lat' dir='ltr'><em>immunes</em></span> <span class='ocrx_word' id='word_1_387' title='bbox 2119 2941 2229 2994; x_wconf 75' lang='lat' dir='ltr'><em>fitnt.</em></span> <span class='ocrx_word' id='word_1_388' title='bbox 2269 2944 2360 2986; x_wconf 91' lang='lat' dir='ltr'><em>No·</em></span> 
     </span>
     <span class='ocr_line' id='line_1_33' title="bbox 267 2993 2359 3051; baseline 0.004 -20"><span class='ocrx_word' id='word_1_389' title='bbox 267 3006 354 3032; x_wconf 88' lang='lat' dir='ltr'><em>men</em></span> <span class='ocrx_word' id='word_1_390' title='bbox 371 2994 548 3049; x_wconf 75' lang='lat' dir='ltr'><em>Augnllae</em></span> <span class='ocrx_word' id='word_1_391' title='bbox 567 2994 614 3034; x_wconf 87' lang='lat' dir='ltr'><em>ab</em></span> <span class='ocrx_word' id='word_1_392' title='bbox 633 2994 808 3050; x_wconf 84' lang='lat' dir='ltr'><em>Augusto</em></span> <span class='ocrx_word' id='word_1_393' title='bbox 822 2993 1027 3035; x_wconf 64' lang='lat' dir='ltr'><em>dedut‘ram</em></span> <span class='ocrx_word' id='word_1_394' title='bbox 1047 2994 1171 3049; x_wconf 86' lang='lat' dir='ltr'><em>arguit</em></span> <span class='ocrx_word' id='word_1_395' title='bbox 1184 3021 1196 3040; x_wconf 92' lang='lat'>‚</span> <span class='ocrx_word' id='word_1_396' title='bbox 1225 2994 1247 3033; x_wconf 69' lang='lat' dir='ltr'><em>a</em></span> <span class='ocrx_word' id='word_1_397' title='bbox 1263 3009 1346 3049; x_wconf 91' lang='lat' dir='ltr'><em>quo</em></span> <span class='ocrx_word' id='word_1_398' title='bbox 1363 2998 1401 3034; x_wconf 94' lang='lat'>&amp;</span> <span class='ocrx_word' id='word_1_399' title='bbox 1422 2995 1705 3036; x_wconf 88' lang='lat' dir='ltr'><em>immunitatem</em></span> <span class='ocrx_word' id='word_1_400' title='bbox 1729 2996 1912 3051; x_wconf 78' lang='lat' dir='ltr'><em>aceepisse</em></span> <span class='ocrx_word' id='word_1_401' title='bbox 1930 2997 2128 3038; x_wconf 88' lang='lat' dir='ltr'><em>verifimile</em></span> <span class='ocrx_word' id='word_1_402' title='bbox 2145 2998 2212 3039; x_wconf 92' lang='lat' dir='ltr'><em>est.</em></span> <span class='ocrx_word' id='word_1_403' title='bbox 2248 2999 2359 3041; x_wconf 89' lang='lat' dir='ltr'><em>Illici-</em></span> 
     </span>
     <span class='ocr_line' id='line_1_34' title="bbox 269 3049 2358 3110; baseline 0.005 -24"><span class='ocrx_word' id='word_1_404' title='bbox 269 3049 345 3087; x_wconf 84' lang='lat' dir='ltr'><em>tani</em></span> <span class='ocrx_word' id='word_1_405' title='bbox 365 3049 636 3090; x_wconf 86' lang='lat' dir='ltr'><em>beneficiorum</em></span> <span class='ocrx_word' id='word_1_406' title='bbox 655 3062 844 3089; x_wconf 87' lang='lat' dir='ltr'><em>memores</em></span> <span class='ocrx_word' id='word_1_407' title='bbox 861 3075 874 3096; x_wconf 87' lang='lat'>‚</span> <span class='ocrx_word' id='word_1_408' title='bbox 903 3049 1019 3089; x_wconf 81' lang='lat' dir='ltr'><em>Liviae</em></span> <span class='ocrx_word' id='word_1_409' title='bbox 1028 3049 1185 3090; x_wconf 81' lang='lat' dir='ltr'><em>Caesaris</em></span> <span class='ocrx_word' id='word_1_410' title='bbox 1204 3051 1314 3090; x_wconf 84' lang='lat' dir='ltr'><em>uxori</em></span> <span class='ocrx_word' id='word_1_411' title='bbox 1332 3050 1519 3104; x_wconf 89' lang='lat' dir='ltr'><em>templum</em></span> <span class='ocrx_word' id='word_1_412' title='bbox 1539 3050 1606 3090; x_wconf 90' lang='lat' dir='ltr'><em>sub</em></span> <span class='ocrx_word' id='word_1_413' title='bbox 1616 3051 1783 3105; x_wconf 89' lang='lat' dir='ltr'><em>Junonis</em></span> <span class='ocrx_word' id='word_1_414' title='bbox 1799 3053 1956 3093; x_wconf 91' lang='lat' dir='ltr'><em>nomine</em></span> <span class='ocrx_word' id='word_1_415' title='bbox 1968 3053 2222 3100; x_wconf 77' lang='lat' dir='ltr'><em>aedificarunt,</em></span> <span class='ocrx_word' id='word_1_416' title='bbox 2243 3055 2358 3110; x_wconf 89' lang='lat' dir='ltr'><em>quod</em></span> 
     </span>
     <span class='ocr_line' id='line_1_35' title="bbox 269 3103 2235 3160; baseline 0.005 -20"><span class='ocrx_word' id='word_1_417' title='bbox 269 3103 308 3141; x_wconf 88' lang='lat' dir='ltr'><em>in</em></span> <span class='ocrx_word' id='word_1_418' title='bbox 329 3117 486 3144; x_wconf 89' lang='lat' dir='ltr'><em>nummo</em></span> <span class='ocrx_word' id='word_1_419' title='bbox 503 3105 694 3145; x_wconf 85' lang='lat' dir='ltr'><em>exhibent.</em></span> <span class='ocrx_word' id='word_1_420' title='bbox 731 3104 840 3145; x_wconf 88' lang='lat' dir='ltr'><em>Livia</em></span> <span class='ocrx_word' id='word_1_421' title='bbox 857 3117 986 3145; x_wconf 89' lang='lat' dir='ltr'><em>autem</em></span> <span class='ocrx_word' id='word_1_422' title='bbox 1003 3105 1025 3144; x_wconf 76' lang='grc' dir='ltr'>ὲ</span> <span class='ocrx_word' id='word_1_423' title='bbox 1043 3104 1188 3145; x_wconf 79' lang='lat' dir='ltr'><em>Graecis</em></span> <span class='ocrx_word' id='word_1_424' title='bbox 1209 3115 1303 3153; x_wconf 66' lang='lat' dir='ltr'><em>ngc,</em></span> <span class='ocrx_word' id='word_1_425' title='bbox 1331 3105 1372 3144; x_wconf 91' lang='lat' dir='ltr'><em>id</em></span> <span class='ocrx_word' id='word_1_426' title='bbox 1390 3106 1444 3146; x_wconf 91' lang='lat' dir='ltr'><em>est</em></span> <span class='ocrx_word' id='word_1_427' title='bbox 1459 3105 1592 3157; x_wconf 84' lang='lat' dir='ltr'><em>Juno,</em></span> <span class='ocrx_word' id='word_1_428' title='bbox 1621 3106 1754 3160; x_wconf 84' lang='lat' dir='ltr'><em>saepius</em></span> <span class='ocrx_word' id='word_1_429' title='bbox 1774 3107 1813 3146; x_wconf 94' lang='lat' dir='ltr'><em>in</em></span> <span class='ocrx_word' id='word_1_430' title='bbox 1833 3109 2001 3149; x_wconf 89' lang='lat' dir='ltr'><em>nummis</em></span> <span class='ocrx_word' id='word_1_431' title='bbox 2017 3120 2155 3150; x_wconf 84' lang='lat' dir='ltr'><em>vocata</em></span> <span class='ocrx_word' id='word_1_432' title='bbox 2170 3109 2235 3150; x_wconf 90' lang='lat' dir='ltr'><em>est.</em></span> 
     </span>
    </p>

    <p class='ocr_par' dir='ltr' id='par_1_15' title="bbox 270 3157 2358 3710">
     <span class='ocr_line' id='line_1_36' title="bbox 324 3157 2358 3216; baseline 0.005 -19"><span class='ocrx_word' id='word_1_433' title='bbox 324 3157 520 3200; x_wconf 88' lang='lat' dir='ltr'><em>Nummus</em></span> <span class='ocrx_word' id='word_1_434' title='bbox 544 3160 676 3215; x_wconf 87' lang='lat' dir='ltr'><em>templi</em></span> <span class='ocrx_word' id='word_1_435' title='bbox 693 3159 976 3200; x_wconf 88' lang='lat' dir='ltr'><em>dedicationem</em></span> <span class='ocrx_word' id='word_1_436' title='bbox 993 3159 1060 3199; x_wconf 86' lang='lat' dir='ltr'><em>sub</em></span> <span class='ocrx_word' id='word_1_437' title='bbox 1077 3159 1228 3213; x_wconf 90' lang='lat' dir='ltr'><em>Papirio</em></span> <span class='ocrx_word' id='word_1_438' title='bbox 1248 3163 1285 3199; x_wconf 88' lang='lat'>&amp;</span> <span class='ocrx_word' id='word_1_439' title='bbox 1302 3159 1492 3202; x_wconf 88' lang='lat' dir='ltr'><em>Terentio</em></span> <span class='ocrx_word' id='word_1_440' title='bbox 1509 3161 1732 3202; x_wconf 88' lang='lat' dir='ltr'><em>Duumviris</em></span> <span class='ocrx_word' id='word_1_441' title='bbox 1750 3162 2112 3216; x_wconf 82' lang='lat' dir='ltr'><em>Qinquennalibus</em></span> <span class='ocrx_word' id='word_1_442' title='bbox 2128 3164 2358 3208; x_wconf 85' lang='lat' dir='ltr'><em>celebratam</em></span> 
     </span>
     <span class='ocr_line' id='line_1_37' title="bbox 270 3213 2357 3275; baseline 0.004 -23"><span class='ocrx_word' id='word_1_443' title='bbox 270 3213 393 3266; x_wconf 86' lang='lat' dir='ltr'><em>arguit</em></span> <span class='ocrx_word' id='word_1_444' title='bbox 413 3228 420 3252; x_wconf 90' lang='grc'>;</span> <span class='ocrx_word' id='word_1_445' title='bbox 446 3214 514 3253; x_wconf 90' lang='lat' dir='ltr'><em>illis</em></span> <span class='ocrx_word' id='word_1_446' title='bbox 529 3216 630 3256; x_wconf 89' lang='lat' dir='ltr'><em>enim</em></span> <span class='ocrx_word' id='word_1_447' title='bbox 650 3215 816 3256; x_wconf 84' lang='lat' dir='ltr'><em>muneris</em></span> <span class='ocrx_word' id='word_1_448' title='bbox 833 3227 935 3262; x_wconf 89' lang='lat' dir='ltr'><em>etat,</em></span> <span class='ocrx_word' id='word_1_449' title='bbox 961 3227 1004 3255; x_wconf 93' lang='lat' dir='ltr'><em>ut</em></span> <span class='ocrx_word' id='word_1_450' title='bbox 1025 3215 1259 3256; x_wconf 89' lang='lat' dir='ltr'><em>Censoribus</em></span> <span class='ocrx_word' id='word_1_451' title='bbox 1272 3241 1284 3262; x_wconf 89' lang='lat'>‚</span> <span class='ocrx_word' id='word_1_452' title='bbox 1311 3217 1454 3270; x_wconf 86' lang='lat' dir='ltr'><em>templa</em></span> <span class='ocrx_word' id='word_1_453' title='bbox 1470 3244 1482 3262; x_wconf 83' lang='lat'>,</span> <span class='ocrx_word' id='word_1_454' title='bbox 1511 3217 1590 3256; x_wconf 88' lang='lat' dir='ltr'><em>vias</em></span> <span class='ocrx_word' id='word_1_455' title='bbox 1605 3244 1617 3263; x_wconf 93' lang='lat'>,</span> <span class='ocrx_word' id='word_1_456' title='bbox 1646 3218 1913 3271; x_wconf 63' lang='lat' dir='ltr'><em>aquaeduelffls,</em></span> <span class='ocrx_word' id='word_1_457' title='bbox 1942 3219 2091 3274; x_wconf 89' lang='lat' dir='ltr'><em>aliaque</em></span> <span class='ocrx_word' id='word_1_458' title='bbox 2111 3219 2268 3261; x_wconf 82' lang='lat' dir='ltr'><em>aedificia</em></span> <span class='ocrx_word' id='word_1_459' title='bbox 2285 3235 2357 3275; x_wconf 90' lang='lat' dir='ltr'><em>pu-</em></span> 
     </span>
     <span class='ocr_line' id='line_1_38' title="bbox 272 3267 2354 3330; baseline 0.005 -23"><span class='ocrx_word' id='word_1_460' title='bbox 272 3267 368 3307; x_wconf 85' lang='lat' dir='ltr'><em>blica</em></span> <span class='ocrx_word' id='word_1_461' title='bbox 384 3269 511 3307; x_wconf 82' lang='lat' dir='ltr'><em>omnia</em></span> <span class='ocrx_word' id='word_1_462' title='bbox 533 3269 707 3312; x_wconf 82' lang='lat' dir='ltr'><em>faciunda</em></span> <span class='ocrx_word' id='word_1_463' title='bbox 721 3284 872 3316; x_wconf 84' lang='lat' dir='ltr'><em>curare,</em></span> <span class='ocrx_word' id='word_1_464' title='bbox 899 3270 955 3311; x_wconf 91' lang='lat' dir='ltr'><em>uti</em></span> <span class='ocrx_word' id='word_1_465' title='bbox 976 3270 1055 3311; x_wconf 90' lang='lat' dir='ltr'><em>Lex</em></span> <span class='ocrx_word' id='word_1_466' title='bbox 1076 3269 1125 3310; x_wconf 93' lang='lat' dir='ltr'><em>de</em></span> <span class='ocrx_word' id='word_1_467' title='bbox 1142 3269 1327 3312; x_wconf 88' lang='lat' dir='ltr'><em>Censoria</em></span> <span class='ocrx_word' id='word_1_468' title='bbox 1346 3272 1535 3325; x_wconf 88' lang='lat' dir='ltr'><em>potestate</em></span> <span class='ocrx_word' id='word_1_469' title='bbox 1554 3271 1717 3320; x_wconf 85' lang='lat' dir='ltr'><em>indicat,</em></span> <span class='ocrx_word' id='word_1_470' title='bbox 1746 3286 1864 3326; x_wconf 91' lang='lat' dir='ltr'><em>quarn</em></span> <span class='ocrx_word' id='word_1_471' title='bbox 1885 3274 2027 3315; x_wconf 92' lang='lat' dir='ltr'><em>Cicero</em></span> <span class='ocrx_word' id='word_1_472' title='bbox 2044 3275 2213 3316; x_wconf 89' lang='lat' dir='ltr'><em>recenset</em></span> <span class='ocrx_word' id='word_1_473' title='bbox 2231 3276 2295 3316; x_wconf 91' lang='lat' dir='ltr'><em>lib.</em></span> <span class='ocrx_word' id='word_1_474' title='bbox 2316 3290 2354 3330; x_wconf 85' lang='lat'><em>3.</em></span> 
     </span>
     <span class='ocr_line' id='line_1_39' title="bbox 271 3321 2357 3386; baseline 0.005 -25"><span class='ocrx_word' id='word_1_475' title='bbox 271 3321 321 3362; x_wconf 89' lang='lat' dir='ltr'><em>de</em></span> <span class='ocrx_word' id='word_1_476' title='bbox 338 3323 526 3376; x_wconf 83' lang='lat' dir='ltr'><em>Legibus:</em></span> <span class='ocrx_word' id='word_1_477' title='bbox 554 3324 674 3365; x_wconf 77' lang='lat' dir='ltr'><em>Urbis.</em></span> <span class='ocrx_word' id='word_1_478' title='bbox 696 3325 842 3379; x_wconf 89' lang='lat' dir='ltr'><em>templa.</em></span> <span class='ocrx_word' id='word_1_479' title='bbox 860 3327 960 3364; x_wconf 80' lang='lat' dir='ltr'><em>vias.</em></span> <span class='ocrx_word' id='word_1_480' title='bbox 982 3338 1111 3380; x_wconf 64' lang='lat' dir='ltr'><em>aquas.</em></span> <span class='ocrx_word' id='word_1_481' title='bbox 1137 3328 1318 3365; x_wconf 79' lang='lat' dir='ltr'><em>ararium.</em></span> <span class='ocrx_word' id='word_1_482' title='bbox 1341 3327 1549 3382; x_wconf 63' lang='lat' dir='ltr'><em>veffiigalia</em></span> <span class='ocrx_word' id='word_1_483' title='bbox 1569 3336 1708 3367; x_wconf 86' lang='lat' dir='ltr'><em>tuento.</em></span> <span class='ocrx_word' id='word_1_484' title='bbox 1739 3327 1815 3367; x_wconf 89' lang='lat' dir='ltr'><em>Illis</em></span> <span class='ocrx_word' id='word_1_485' title='bbox 1831 3329 2096 3370; x_wconf 89' lang='lat' dir='ltr'><em>cudendorum</em></span> <span class='ocrx_word' id='word_1_486' title='bbox 2113 3330 2152 3369; x_wconf 88' lang='lat' dir='ltr'><em>in</em></span> <span class='ocrx_word' id='word_1_487' title='bbox 2165 3331 2357 3386; x_wconf 84' lang='lat' dir='ltr'><em>magistra-</em></span> 
     </span>
     <span class='ocr_line' id='line_1_40' title="bbox 274 3379 2353 3440; baseline 0.006 -25"><span class='ocrx_word' id='word_1_488' title='bbox 274 3388 315 3416; x_wconf 90' lang='lat' dir='ltr'><em>tu</em></span> <span class='ocrx_word' id='word_1_489' title='bbox 332 3391 575 3417; x_wconf 87' lang='lat' dir='ltr'><em>nummorum</em></span> <span class='ocrx_word' id='word_1_490' title='bbox 593 3379 747 3420; x_wconf 83' lang='lat' dir='ltr'><em>facultas</em></span> <span class='ocrx_word' id='word_1_491' title='bbox 760 3380 910 3420; x_wconf 88' lang='lat' dir='ltr'><em>videtur</em></span> <span class='ocrx_word' id='word_1_492' title='bbox 923 3393 1004 3420; x_wconf 90' lang='lat' dir='ltr'><em>tum</em></span> <span class='ocrx_word' id='word_1_493' title='bbox 1021 3394 1067 3421; x_wconf 91' lang='lat' dir='ltr'><em>ex</em></span> <span class='ocrx_word' id='word_1_494' title='bbox 1085 3393 1246 3420; x_wconf 87' lang='lat' dir='ltr'><em>nummo</em></span> <span class='ocrx_word' id='word_1_495' title='bbox 1262 3381 1392 3422; x_wconf 75' lang='lat' dir='ltr'><em>Nova:</em></span> <span class='ocrx_word' id='word_1_496' title='bbox 1401 3381 1647 3437; x_wconf 86' lang='lat' dir='ltr'><em>Carthaginis</em></span> <span class='ocrx_word' id='word_1_497' title='bbox 1663 3384 1684 3422; x_wconf 76' lang='lat' dir='ltr'><em>a</em></span> <span class='ocrx_word' id='word_1_498' title='bbox 1695 3382 1894 3424; x_wconf 86' lang='lat' dir='ltr'><em>Postumio</em></span> <span class='ocrx_word' id='word_1_499' title='bbox 1907 3385 2050 3425; x_wconf 91' lang='lat' dir='ltr'><em>Albino</em></span> <span class='ocrx_word' id='word_1_500' title='bbox 2067 3385 2216 3440; x_wconf 81' lang='lat' dir='ltr'><em>signato</em></span> <span class='ocrx_word' id='word_1_501' title='bbox 2228 3412 2240 3432; x_wconf 91' lang='lat'>,</span> <span class='ocrx_word' id='word_1_502' title='bbox 2268 3398 2353 3428; x_wconf 91' lang='lat' dir='ltr'><em>tum</em></span> 
     </span>
     <span class='ocr_line' id='line_1_41' title="bbox 271 3432 2353 3492; baseline 0.005 -21"><span class='ocrx_word' id='word_1_503' title='bbox 271 3445 319 3471; x_wconf 88' lang='lat' dir='ltr'><em>ex</em></span> <span class='ocrx_word' id='word_1_504' title='bbox 339 3432 459 3472; x_wconf 84' lang='lat' dir='ltr'><em>altero</em></span> <span class='ocrx_word' id='word_1_505' title='bbox 476 3433 628 3473; x_wconf 77' lang='lat' dir='ltr'><em>Licinia:</em></span> <span class='ocrx_word' id='word_1_506' title='bbox 643 3435 765 3489; x_wconf 89' lang='lat' dir='ltr'><em>gentis</em></span> <span class='ocrx_word' id='word_1_507' title='bbox 784 3435 888 3488; x_wconf 85' lang='lat' dir='ltr'><em>apud</em></span> <span class='ocrx_word' id='word_1_508' title='bbox 906 3435 1092 3476; x_wconf 83' lang='lat' dir='ltr'><em>Urfinum</em></span> <span class='ocrx_word' id='word_1_509' title='bbox 1108 3463 1120 3482; x_wconf 90' lang='lat'>‚</span> <span class='ocrx_word' id='word_1_510' title='bbox 1150 3450 1265 3489; x_wconf 86' lang='lat' dir='ltr'><em>quem</em></span> <span class='ocrx_word' id='word_1_511' title='bbox 1287 3451 1486 3492; x_wconf 87' lang='lat' dir='ltr'><em>perperam</em></span> <span class='ocrx_word' id='word_1_512' title='bbox 1510 3439 1562 3478; x_wconf 92' lang='lat' dir='ltr'><em>ob</em></span> <span class='ocrx_word' id='word_1_513' title='bbox 1585 3438 1726 3492; x_wconf 91' lang='lat' dir='ltr'><em>equitis</em></span> <span class='ocrx_word' id='word_1_514' title='bbox 1750 3450 1886 3492; x_wconf 90' lang='lat' dir='ltr'><em>typum</em></span> <span class='ocrx_word' id='word_1_515' title='bbox 1903 3439 1952 3479; x_wconf 87' lang='lat' dir='ltr'><em>ad</em></span> <span class='ocrx_word' id='word_1_516' title='bbox 1972 3439 2013 3480; x_wconf 93' lang='lat' dir='ltr'><em>P.</em></span> <span class='ocrx_word' id='word_1_517' title='bbox 2032 3441 2223 3481; x_wconf 88' lang='lat' dir='ltr'><em>Licinium</em></span> <span class='ocrx_word' id='word_1_518' title='bbox 2242 3441 2353 3482; x_wconf 88' lang='lat' dir='ltr'><em>Cras-</em></span> 
     </span>
     <span class='ocr_line' id='line_1_42' title="bbox 272 3486 2351 3548; baseline 0.006 -23"><span class='ocrx_word' id='word_1_519' title='bbox 272 3486 353 3526; x_wconf 90' lang='lat' dir='ltr'><em>sum</em></span> <span class='ocrx_word' id='word_1_520' title='bbox 371 3514 382 3533; x_wconf 84' lang='lat'>,</span> <span class='ocrx_word' id='word_1_521' title='bbox 410 3500 526 3541; x_wconf 86' lang='lat' dir='ltr'><em>quem</em></span> <span class='ocrx_word' id='word_1_522' title='bbox 541 3488 665 3528; x_wconf 75' lang='lat' dir='ltr'><em>Caesar</em></span> <span class='ocrx_word' id='word_1_523' title='bbox 681 3490 719 3529; x_wconf 92' lang='lat' dir='ltr'><em>in</em></span> <span class='ocrx_word' id='word_1_524' title='bbox 736 3490 835 3529; x_wconf 90' lang='lat' dir='ltr'><em>bello</em></span> <span class='ocrx_word' id='word_1_525' title='bbox 851 3503 982 3531; x_wconf 87' lang='lat' dir='ltr'><em>contra</em></span> <span class='ocrx_word' id='word_1_526' title='bbox 999 3491 1132 3531; x_wconf 81' lang='lat' dir='ltr'><em>Gallos</em></span> <span class='ocrx_word' id='word_1_527' title='bbox 1148 3491 1315 3545; x_wconf 79' lang='lat' dir='ltr'><em>praefecit</em></span> <span class='ocrx_word' id='word_1_528' title='bbox 1334 3494 1528 3548; x_wconf 66' lang='lat' dir='ltr'><em>:equitatui</em></span> <span class='ocrx_word' id='word_1_529' title='bbox 1545 3519 1557 3539; x_wconf 85' lang='grc'>,</span> <span class='ocrx_word' id='word_1_530' title='bbox 1587 3504 1742 3534; x_wconf 86' lang='lat' dir='ltr'><em>revocat</em></span> <span class='ocrx_word' id='word_1_531' title='bbox 1760 3513 1772 3540; x_wconf 78' lang='lat'>3</span> <span class='ocrx_word' id='word_1_532' title='bbox 1800 3493 1864 3533; x_wconf 88' lang='lat' dir='ltr'><em>sed</em></span> <span class='ocrx_word' id='word_1_533' title='bbox 1887 3495 1936 3534; x_wconf 88' lang='lat' dir='ltr'><em>ad</em></span> <span class='ocrx_word' id='word_1_534' title='bbox 1953 3495 1994 3535; x_wconf 91' lang='lat' dir='ltr'><em>P.</em></span> <span class='ocrx_word' id='word_1_535' title='bbox 2016 3495 2206 3536; x_wconf 90' lang='lat' dir='ltr'><em>Licinium</em></span> <span class='ocrx_word' id='word_1_536' title='bbox 2227 3496 2287 3536; x_wconf 91' lang='lat' dir='ltr'><em>M.</em></span> <span class='ocrx_word' id='word_1_537' title='bbox 2304 3497 2351 3539; x_wconf 91' lang='lat' dir='ltr'><em>F.</em></span> 
     </span>
     <span class='ocr_line' id='line_1_43' title="bbox 272 3541 2352 3603; baseline 0.006 -22"><span class='ocrx_word' id='word_1_538' title='bbox 272 3542 446 3582; x_wconf 86' lang='lat' dir='ltr'><em>Crassum</em></span> <span class='ocrx_word' id='word_1_539' title='bbox 464 3541 673 3583; x_wconf 89' lang='lat' dir='ltr'><em>Censorem</em></span> <span class='ocrx_word' id='word_1_540' title='bbox 693 3545 856 3597; x_wconf 89' lang='lat' dir='ltr'><em>pertinet</em></span> <span class='ocrx_word' id='word_1_541' title='bbox 873 3559 975 3586; x_wconf 84' lang='lat' dir='ltr'><em>anno</em></span> <span class='ocrx_word' id='word_1_542' title='bbox 995 3546 1048 3585; x_wconf 91' lang='lat' dir='ltr'><em>U.</em></span> <span class='ocrx_word' id='word_1_543' title='bbox 1068 3547 1116 3587; x_wconf 87' lang='lat' dir='ltr'><em>C.</em></span> <span class='ocrx_word' id='word_1_544' title='bbox 1134 3553 1225 3597; x_wconf 88' lang='lat'><em>664.</em></span> <span class='ocrx_word' id='word_1_545' title='bbox 1246 3562 1334 3587; x_wconf 91' lang='lat' dir='ltr'><em>cum</em></span> <span class='ocrx_word' id='word_1_546' title='bbox 1351 3549 1394 3588; x_wconf 95' lang='lat' dir='ltr'><em>L.</em></span> <span class='ocrx_word' id='word_1_547' title='bbox 1410 3548 1519 3603; x_wconf 88' lang='lat' dir='ltr'><em>Julio</em></span> <span class='ocrx_word' id='word_1_548' title='bbox 1531 3548 1679 3589; x_wconf 81' lang='lat' dir='ltr'><em>Caesare</em></span> <span class='ocrx_word' id='word_1_549' title='bbox 1696 3559 1887 3595; x_wconf 87' lang='lat' dir='ltr'><em>creatum,</em></span> <span class='ocrx_word' id='word_1_550' title='bbox 1914 3550 1984 3602; x_wconf 90' lang='lat' dir='ltr'><em>qui</em></span> <span class='ocrx_word' id='word_1_551' title='bbox 1999 3564 2200 3591; x_wconf 90' lang='lat' dir='ltr'><em>nummum</em></span> <span class='ocrx_word' id='word_1_552' title='bbox 2217 3552 2255 3591; x_wconf 89' lang='lat' dir='ltr'><em>in</em></span> <span class='ocrx_word' id='word_1_553' title='bbox 2273 3567 2352 3593; x_wconf 90' lang='lat' dir='ltr'><em>ma-</em></span> 
     </span>
     <span class='ocr_line' id='line_1_44' title="bbox 270 3596 2351 3661; baseline 0.006 -25"><span class='ocrx_word' id='word_1_554' title='bbox 270 3598 423 3652; x_wconf 81' lang='lat' dir='ltr'><em>gistratu</em></span> <span class='ocrx_word' id='word_1_555' title='bbox 444 3596 560 3656; x_wconf 80' lang='lat' dir='ltr'><em>culit,</em></span> <span class='ocrx_word' id='word_1_556' title='bbox 589 3597 628 3636; x_wconf 89' lang='lat' dir='ltr'><em>in</em></span> <span class='ocrx_word' id='word_1_557' title='bbox 648 3611 752 3650; x_wconf 91' lang='lat' dir='ltr'><em>quo,</em></span> <span class='ocrx_word' id='word_1_558' title='bbox 782 3611 823 3639; x_wconf 92' lang='lat' dir='ltr'><em>ut</em></span> <span class='ocrx_word' id='word_1_559' title='bbox 841 3600 956 3639; x_wconf 90' lang='lat' dir='ltr'><em>etiam</em></span> <span class='ocrx_word' id='word_1_560' title='bbox 975 3601 1172 3643; x_wconf 86' lang='lat' dir='ltr'><em>arbitratur</em></span> <span class='ocrx_word' id='word_1_561' title='bbox 1189 3600 1346 3657; x_wconf 86' lang='lat' dir='ltr'><em>Pighius</em></span> <span class='ocrx_word' id='word_1_562' title='bbox 1369 3604 1505 3645; x_wconf 88' lang='lat' dir='ltr'><em>Annal.</em></span> <span class='ocrx_word' id='word_1_563' title='bbox 1527 3603 1590 3644; x_wconf 89' lang='lat' dir='ltr'><em>lib.</em></span> <span class='ocrx_word' id='word_1_564' title='bbox 1611 3618 1625 3644; x_wconf 93' lang='lat'>1</span> <span class='ocrx_word' id='word_1_565' title='bbox 1638 3616 1670 3655; x_wconf 89' lang='lat'><em>5.</em></span> <span class='ocrx_word' id='word_1_566' title='bbox 1690 3617 1777 3659; x_wconf 88' lang='lat' dir='ltr'><em>pag.</em></span> <span class='ocrx_word' id='word_1_567' title='bbox 1796 3608 1886 3644; x_wconf 89' lang='lat'><em>226.</em></span> <span class='ocrx_word' id='word_1_568' title='bbox 1907 3605 2004 3645; x_wconf 86' lang='lat' dir='ltr'><em>illius</em></span> <span class='ocrx_word' id='word_1_569' title='bbox 2020 3605 2174 3646; x_wconf 87' lang='lat' dir='ltr'><em>censura</em></span> <span class='ocrx_word' id='word_1_570' title='bbox 2190 3607 2351 3661; x_wconf 72' lang='lat' dir='ltr'><em>pulchre</em></span> 
     </span>
     <span class='ocr_line' id='line_1_45' title="bbox 273 3652 1912 3710; baseline 0.005 -18"><span class='ocrx_word' id='word_1_571' title='bbox 273 3665 362 3692; x_wconf 87' lang='lat' dir='ltr'><em>cum</em></span> <span class='ocrx_word' id='word_1_572' title='bbox 382 3664 512 3704; x_wconf 87' lang='lat' dir='ltr'><em>equite</em></span> <span class='ocrx_word' id='word_1_573' title='bbox 530 3665 675 3704; x_wconf 89' lang='lat' dir='ltr'><em>equum</em></span> <span class='ocrx_word' id='word_1_574' title='bbox 691 3652 910 3693; x_wconf 86' lang='lat' dir='ltr'><em>traducente</em></span> <span class='ocrx_word' id='word_1_575' title='bbox 922 3681 934 3700; x_wconf 87' lang='lat'>,</span> <span class='ocrx_word' id='word_1_576' title='bbox 963 3657 1002 3693; x_wconf 71' lang='grc' dir='ltr'><em>δε</em></span> <span class='ocrx_word' id='word_1_577' title='bbox 1021 3655 1147 3710; x_wconf 84' lang='lat' dir='ltr'><em>effigie</em></span> <span class='ocrx_word' id='word_1_578' title='bbox 1164 3657 1364 3699; x_wconf 88' lang='lat' dir='ltr'><em>Libertatis</em></span> <span class='ocrx_word' id='word_1_579' title='bbox 1384 3659 1467 3699; x_wconf 63' lang='lat' dir='ltr'><em>olea</em></span> <span class='ocrx_word' id='word_1_580' title='bbox 1483 3672 1674 3700; x_wconf 84' lang='lat' dir='ltr'><em>coronatae</em></span> <span class='ocrx_word' id='word_1_581' title='bbox 1689 3659 1912 3700; x_wconf 70' lang='lat' dir='ltr'><em>ostenditur.</em></span> 
     </span>
    </p>

    <p class='ocr_par' dir='ltr' id='par_1_16' title="bbox 324 3706 2350 3771">
     <span class='ocr_line' id='line_1_46' title="bbox 324 3706 2350 3771; baseline 0.006 -25"><span class='ocrx_word' id='word_1_582' title='bbox 324 3706 489 3760; x_wconf 80' lang='lat' dir='ltr'><em>Papiria</em></span> <span class='ocrx_word' id='word_1_583' title='bbox 513 3718 607 3759; x_wconf 86' lang='lat' dir='ltr'><em>gens</em></span> <span class='ocrx_word' id='word_1_584' title='bbox 624 3732 637 3752; x_wconf 91' lang='lat'>,</span> <span class='ocrx_word' id='word_1_585' title='bbox 664 3706 804 3759; x_wconf 85' lang='lat' dir='ltr'><em>duplex</em></span> <span class='ocrx_word' id='word_1_586' title='bbox 820 3734 832 3753; x_wconf 90' lang='lat'>,</span> <span class='ocrx_word' id='word_1_587' title='bbox 860 3709 1015 3761; x_wconf 82' lang='lat' dir='ltr'><em>patricia</em></span> <span class='ocrx_word' id='word_1_588' title='bbox 1043 3723 1131 3750; x_wconf 90' lang='lat' dir='ltr'><em>ante</em></span> <span class='ocrx_word' id='word_1_589' title='bbox 1157 3713 1310 3754; x_wconf 57' lang='lat' dir='ltr'><em>enetos</em></span> <span class='ocrx_word' id='word_1_590' title='bbox 1334 3714 1464 3769; x_wconf 85' lang='lat' dir='ltr'><em>Reges</em></span> <span class='ocrx_word' id='word_1_591' title='bbox 1481 3742 1494 3762; x_wconf 90' lang='lat'><strong>,</strong></span> <span class='ocrx_word' id='word_1_592' title='bbox 1523 3719 1563 3755; x_wconf 86' lang='lat'>&amp;</span> <span class='ocrx_word' id='word_1_593' title='bbox 1581 3714 1741 3768; x_wconf 80' lang='lat' dir='ltr'><em>quidem</em></span> <span class='ocrx_word' id='word_1_594' title='bbox 1758 3714 1948 3755; x_wconf 79' lang='lat' dir='ltr'><em>minorum</em></span> <span class='ocrx_word' id='word_1_595' title='bbox 1969 3716 2141 3769; x_wconf 80' lang='lat' dir='ltr'><em>gentium</em></span> <span class='ocrx_word' id='word_1_596' title='bbox 2160 3737 2172 3763; x_wconf 78' lang='lat'><em>3</em></span> <span class='ocrx_word' id='word_1_597' title='bbox 2200 3717 2350 3771; x_wconf 81' lang='lat' dir='ltr'><em>plebeia</em></span> 
     </span>
    </p>
   </div>
   <div class='ocr_carea' id='block_1_12' title="bbox 270 3760 2348 3872">
    <p class='ocr_par' dir='ltr' id='par_1_17' title="bbox 270 3760 2348 3872">
     <span class='ocr_line' id='line_1_47' title="bbox 270 3760 2348 3824; baseline 0.006 -23"><span class='ocrx_word' id='word_1_598' title='bbox 270 3762 362 3801; x_wconf 81' lang='lat' dir='ltr'><em>vero</em></span> <span class='ocrx_word' id='word_1_599' title='bbox 379 3760 587 3820; x_wconf 78' lang='lat' dir='ltr'><em>Carbonum</em></span> <span class='ocrx_word' id='word_1_600' title='bbox 606 3773 864 3821; x_wconf 75' lang='lat' dir='ltr'><em>cognomento</em></span> <span class='ocrx_word' id='word_1_601' title='bbox 880 3765 926 3803; x_wconf 83' lang='lat' dir='ltr'><em>ab</em></span> <span class='ocrx_word' id='word_1_602' title='bbox 944 3776 1022 3805; x_wconf 86' lang='lat' dir='ltr'><em>arte</em></span> <span class='ocrx_word' id='word_1_603' title='bbox 1034 3791 1046 3811; x_wconf 87' lang='lat'>‚</span> <span class='ocrx_word' id='word_1_604' title='bbox 1075 3777 1116 3805; x_wconf 87' lang='lat' dir='ltr'><em>ut</em></span> <span class='ocrx_word' id='word_1_605' title='bbox 1132 3767 1294 3809; x_wconf 88' lang='lat' dir='ltr'><em>videtur.</em></span> <span class='ocrx_word' id='word_1_606' title='bbox 1330 3769 1508 3811; x_wconf 79' lang='lat' dir='ltr'><em>Terentia</em></span> <span class='ocrx_word' id='word_1_607' title='bbox 1530 3771 1628 3811; x_wconf 80' lang='lat' dir='ltr'><em>inter</em></span> <span class='ocrx_word' id='word_1_608' title='bbox 1641 3769 1813 3824; x_wconf 74' lang='lat' dir='ltr'><em>plebeias</em></span> <span class='ocrx_word' id='word_1_609' title='bbox 1827 3770 2051 3811; x_wconf 81' lang='lat' dir='ltr'><em>recensetur.</em></span> <span class='ocrx_word' id='word_1_610' title='bbox 2085 3772 2272 3813; x_wconf 85' lang='lat' dir='ltr'><em>Montani·</em></span> <span class='ocrx_word' id='word_1_611' title='bbox 2283 3780 2348 3814; x_wconf 53' lang='lat' dir='ltr'><em>co*</em></span> 
     </span>
     <span class='ocr_line' id='line_1_48' title="bbox 271 3813 972 3872; baseline 0.003 -16"><span class='ocrx_word' id='word_1_612' title='bbox 271 3829 439 3872; x_wconf 89' lang='lat' dir='ltr'><em>gnomen</em></span> <span class='ocrx_word' id='word_1_613' title='bbox 456 3815 580 3856; x_wconf 82' lang='lat' dir='ltr'><em>multis</em></span> <span class='ocrx_word' id='word_1_614' title='bbox 594 3813 743 3855; x_wconf 79' lang='lat' dir='ltr'><em>familiis</em></span> <span class='ocrx_word' id='word_1_615' title='bbox 758 3830 972 3858; x_wconf 87' lang='lat' dir='ltr'><em>commune.</em></span> 
     </span>
    </p>
   </div>
   <div class='ocr_carea' id='block_1_13' title="bbox 324 3892 2292 3959">
    <p class='ocr_par' dir='ltr' id='par_1_18' title="bbox 324 3892 2292 3959">
     <span class='ocr_line' id='line_1_49' title="bbox 324 3892 2292 3959; baseline 0.005 -24"><span class='ocrx_word' id='word_1_616' title='bbox 324 3894 407 3935; x_wconf 85' lang='lat' dir='ltr'><em>Hic</em></span> <span class='ocrx_word' id='word_1_617' title='bbox 422 3906 590 3934; x_wconf 80' lang='lat' dir='ltr'><em>nummus</em></span> <span class='ocrx_word' id='word_1_618' title='bbox 606 3892 907 3947; x_wconf 79' lang='lat' dir='ltr'><em>minimaefhrmae</em></span> <span class='ocrx_word' id='word_1_619' title='bbox 924 3895 947 3934; x_wconf 72' lang='lat' dir='ltr'><em>a</em></span> <span class='ocrx_word' id='word_1_620' title='bbox 959 3894 1107 3936; x_wconf 82' lang='lat' dir='ltr'><em>‘Patino</em></span> <span class='ocrx_word' id='word_1_621' title='bbox 1116 3894 1249 3939; x_wconf 85' lang='lat' dir='ltr'><em>Famil.</em></span> <span class='ocrx_word' id='word_1_622' title='bbox 1261 3898 1369 3940; x_wconf 88' lang='lat' dir='ltr'><em>Rom.</em></span> <span class='ocrx_word' id='word_1_623' title='bbox 1373 3912 1464 3957; x_wconf 83' lang='lat' dir='ltr'><em>pag.</em></span> <span class='ocrx_word' id='word_1_624' title='bbox 1481 3915 1565 3954; x_wconf 88' lang='lat'><em>199.</em></span> <span class='ocrx_word' id='word_1_625' title='bbox 1576 3900 1759 3959; x_wconf 61' lang='lat' dir='ltr'><em>vulgatus</em></span> <span class='ocrx_word' id='word_1_626' title='bbox 1770 3927 1783 3952; x_wconf 68' lang='lat'><em>2</em></span> <span class='ocrx_word' id='word_1_627' title='bbox 1801 3916 1868 3944; x_wconf 83' lang='lat' dir='ltr'><em>nec</em></span> <span class='ocrx_word' id='word_1_628' title='bbox 1883 3917 1993 3944; x_wconf 83' lang='lat' dir='ltr'><em>rarus</em></span> <span class='ocrx_word' id='word_1_629' title='bbox 2005 3917 2073 3948; x_wconf 86' lang='lat' dir='ltr'><em>nec</em></span> <span class='ocrx_word' id='word_1_630' title='bbox 2085 3899 2218 3945; x_wconf 78' lang='lat' dir='ltr'><em>obvius</em></span> <span class='ocrx_word' id='word_1_631' title='bbox 2230 3904 2292 3959; x_wconf 76' lang='lat' dir='ltr'><em>est.</em></span> 
     </span>
    </p>
   </div>
  </div>
 </body>
</html>
