2491 4219
758 121 818 176 Q
892 117 1556 163 HEREPQNIUs
2112 133 2210 176 ιη

894 236 1410 280 RHESAINA

107 850 218 878 ΔΥΤ.
257 851 299 876 κ.
338 847 369 875 Γ;
408 849 492 875 ME.
532 849 603 876 ΚΥ.
643 848 752 874 TPA.
793 847 955 876 AEKIO
971 851 1006 876 c.
1050 850 1156 878 CER.
1187 846 1277 885 Κτ.ζ
1295 852 1364 878 ΕΡ.
1397 852 1508 879 ETP.
1538 852 1588 880 M.
1621 848 1718 878 ΔΕΚ
1734 850 1819 878 loc
1851 851 1877 877 1<
1893 848 2073 880 A1cA1’.
2108 839 2206 882 Duo

214 894 338 947 capita
359 891 532 936 adversa,
561 892 719 931 alterum
739 891 848 930 Decii
864 894 1007 931 corona
1024 893 1166 933 radiat-A
1183 907 1380 940 ornatum,
1410 895 1569 935 alterum
1591 893 1775 933 Herennii
1794 893 1954 933 nudum.

160 963 183 988 c
197 962 218 987 r,
230 960 268 985 Π.
307 962 331 987 1<
347 961 372 985 0
386 959 425 986 Λ.
468 961 487 985 Ρ
500 961 526 985 Η
541 961 562 985 e
578 961 602 986 A
618 960 631 984 1
644 959 673 984 N
688 960 713 985 H
728 961 750 986 c
763 960 777 984 1
789 960 815 984 Ω
829 960 869 985 N.
911 961 948 986 L.
987 962 1015 987 H
1028 961 1042 986 1
1055 963 1088 986 P.
1119 953 1274 999 Σεέῖιμίας
1290 957 1432 991 mmmm
1449 953 1645 994 mmm-[mv.
1663 955 1856 989 Λυκείξαυτος
1872 952 1925 998 mp'.
1962 949 2078 989 Anno
2114 963 2128 989 1
2142 964 2156 990 1
2167 953 2207 992 8.·

213 1003 313 1042 Duae
331 1002 458 1057 figura:
475 1001 677 1042 muliebres
695 1001 845 1042 dextras
861 1015 1031 1057 jungunt
1055 1004 1117 1042 :tr-21
1141 1005 1387 1054 intermedia,
1416 1007 1531 1048 altera
1562 1021 1665 1063 pone
1689 1019 1807 1061 quam
1833 1005 2050 1060 trophaeum
2068 1007 2206 1046 tutula-

211 1070 250 1098 ta
265 1058 327 1098 est.

155 1134 392 1175 Rhesainesii
412 1133 706 1189 Mesopotamiae
724 1133 944 1188 frequentes
959 1136 1133 1190 Trajano
1151 1138 1277 1180 Decio
1298 1144 1334 1180 &
1353 1141 1554 1182 Etruscillae
1571 1143 1654 1194 ejus
1674 1143 1782 1183 uxori
1801 1155 1981 1182 nummos
1998 1141 2210 1187 cuderuntj

101 1195 142 1232 &
158 1191 318 1245 quidem
336 1191 388 1230 ob
409 1191 538 1231 tributi
556 1191 832 1230 immunitatem
844 1218 854 1236 ‚
886 1205 928 1231 uc
946 1191 1132 1239 diximus,
1159 1195 1207 1234 ab
1225 1194 1428 1236 Hadriano
1442 1198 1655 1237 concessam
1667 1224 1677 1243 ,
1709 1198 1854 1251 {ibique
1875 1199 1923 1237 ab
1942 1212 1989 1237 eo
2005 1212 2077 1237 con
2086 1197 2208 1236 firma-

100 1259 178 1287 tam
201 1266 212 1293 3
241 1260 329 1286 nam
359 1246 407 1285 ab
429 1246 500 1285 hac
525 1246 622 1284 illius·
648 1245 891 1297 Imperatoris
915 1246 1136 1288 liberalitate
1160 1263 1269 1289 aeram
1297 1251 1335 1291 in
1366 1253 1532 1291 nummis
1550 1265 1845 1305 computarunt:
1875 1253 2042 1292 Colonia
2063 1251 2207 1291 deinde

100 1303 190 1342 urbs
206 1315 341 1342 eorum
362 1302 383 1343 a
402 1301 503 1355 Sept.
526 1302 669 1341 Severo
686 1300 871 1347 deducta,
900 1301 1089 1354 Septinn'ae
1107 1317 1250 1344 nornen
1268 1306 1437 1359 accepit,
1468 1309 1613 1346 retenta
1631 1308 1746 1360 priori
1762 1307 1933 1361 epocha,
1964 1307 2052 1346 ideo
2071 1311 2108 1345 δε
2126 1307 2211 1346 Co-

99 1358 212 1397 loniae
229 1357 403 1403 titulum,
434 1360 471 1396 ὃς
494 1355 668 1396 beneficii
686 1357 908 1396 memoriam
927 1358 966 1396 in
989 1358 1100 1397 Decii
1120 1358 1280 1412 ejusque
1297 1359 1459 1400 filiorum
1482 1363 1648 1401 nummis
1667 1362 1827 1416 fignavit
1845 1382 1855 1408 ;
1883 1362 2125 1402 Herennium
2142 1376 2209 1401 au-

98 1426 178 1453 tem
200 1413 397 1452 Etruscum
416 1426 503 1452 cum
523 1423 629 1464 patre
647 1411 826 1458 sociavit,
857 1413 983 1452 Decio
997 1413 1211 1467 gratulans,
1241 1415 1352 1467 quod
1369 1415 1430 1455 ille
1448 1416 1606 1456 Caesaris
1635 1417 1861 1472 dignitatem
1893 1415 1971 1455 filio
1995 1416 2211 1456 communi-

97 1468 233 1514 casser,
262 1468 355 1508 teste
390 1470 482 1507 Aur.
513 1467 685 1507 Victore.
730 1467 946 1522 Laetz'orque
970 1468 1128 1519 hostium
1155 1482 1242 1508 nece
1258 1496 1270 1515 ,
1296 1469 1425 1522 filium
1453 1471 1661 1522 Etruscum
1684 1473 1830 1511 nomine
1849 1499 1860 1518 ,
1897 1470 2081 1521 Caes'arem
2091 1470 2210 1524 fecit.

97 1524 199 1564 Duae
216 1523 345 1578 figurae
361 1523 565 1562 muliebres
585 1522 736 1562 dextras
753 1522 819 1562 fibi
835 1523 999 1562 invicem
1013 1523 1242 1576 jungentes,
1267 1524 1307 1563 in
1325 1525 1450 1565 Decio
1469 1525 1541 1573 iam
1559 1525 1785 1580 prodierunt
1802 1547 1813 1573 5
1843 1527 2097 1567 dexteriorem
2116 1527 2212 1566 dixi-

98 1592 183 1618 mus
203 1579 376 1619 Genium
396 1579 496 1617 urbis
520 1576 616 1623 elle,
649 1576 910 1617 finisteriorem
933 1578 1028 1618 vero
1053 1579 1295 1625 Minervam,
1325 1580 1487 1634 ejusque
1511 1581 1691 1621 Colonice
1717 1583 1917 1622 tutelarem
1948 1581 2071 1621 Deam
2091 1602 2101 1628 3
2131 1594 2210 1622 tro-

96 1633 253 1686 phaeum
270 1647 373 1686 pone
392 1632 584 1678 Genium,
615 1631 663 1672 ad
685 1633 854 1672 Romani
873 1634 1026 1687 Imperii
1045 1635 1226 1674 terminos
1239 1636 1349 1688 juxta
1366 1635 1599 1676 Rhesainam
1617 1636 1785 1691 spectare
1803 1636 1962 1677 videtur.
1991 1637 2214 1691 Sagittarius

95 1702 201 1742 pone
217 1688 436 1728 Minervam
447 1715 459 1733 ,
490 1699 673 1741 tanquam
692 1687 838 1743 insigne
853 1689 1034 1745 Legionis
1051 1689 1236 1731 Parthicae
1252 1691 1411 1731 hiberna
1429 1691 1635 1733 Rhesainae
1650 1692 1827 1734 habentis
1844 1691 2056 1734 exhibetur.
2087 1692 2212 1748 Aqui<

96 1745 133 1786 la
146 1744 419 1784 Romanorum
441 1743 496 1782 est
518 1742 743 1797 symbolum.

149 1821 234 1864 Hic
251 1833 424 1861 nummus
440 1820 633 1864 medicem
648 1821 807 1870 moduli,
835 1821 859 1862 ιὶ
876 1820 1075 1878 Patinop.
1101 1837 1192 1878 392.
1210 1824 1393 1880 vuggatm
1403 1851 1415 1872 ,
1442 1826 1544 1867 inter
1562 1828 1722 1869 rariores
1740 1825 1993 1882 collocanda-52

834 1926 1474 1985 VIMJNACJUM

95 2553 142 2592 Q
166 2551 208 2577 H.
240 2548 265 2574 E
277 2547 302 2575 'r
315 2548 356 2574 R.
388 2546 424 2573 M
438 2547 461 2573 E
475 2546 508 2572 s.
539 2546 566 2573 D
578 2547 601 2572 E
614 2547 649 2573 c.
681 2545 705 2572 c
719 2544 744 2571 Α
756 2545 781 2572 Ε
795 2544 828 2572 s.
858 2531 992 2586 Caput
1009 2532 1270 2587 QHerennii
1287 2532 1449 2575 nudum.

150 2607 184 2633 P.
214 2604 264 2630 M.
296 2603 327 2630 s.
359 2603 418 2629 co
432 2603 467 2630 L.
499 2602 524 2628 v
539 2601 610 2628 1M.
650 2586 867 2627 Provincia
894 2588 1030 2637 Moefiae
1055 2589 1254 2643 superioris
1279 2590 1433 2630 Colonia
1463 2588 1728 2630 Viminacium.
1765 2586 1812 2630 In
1836 2589 1917 2632 imo
1947 2603 2030 2631 AN.
2059 2597 2133 2635 xxi
2158 2597 2201 2637 in

204 2646 284 2687 aliis
301 2659 326 2686 x
339 2659 355 2685 1
376 2658 408 2685 ι.
438 2644 553 2684 Anno
577 2657 634 2684 12.
665 2643 811 2684 Mulier
829 2643 927 2684 stans
946 2644 1107 2685 brachiis
1123 2645 1296 2699 expanfis
1313 2647 1422 2699 supra
1441 2646 1589 2685 Bovem
1609 2648 1648 2685 ὃς
1666 2645 1853 2686 Leonem.

146 2724 405 2767 Viminacium
425 2722 577 2763 Moefiae
593 2721 793 2776 superioris
809 2722 918 2769 urbs,
947 2722 1115 2763 Colonia
1136 2723 1158 2762 a
1177 2723 1383 2764 Gordiano
1401 2722 1450 2763 ad
1471 2723 1703 2778 provinciam
1722 2735 1856 2765 contra
1872 2723 2050 2768 barbaros
2065 2727 2201 2770 irrumss

91 2793 229 2837 pentes
245 2779 428 2822 tuendam
452 2779 676 2824 constituta,
705 2775 926 2832 frequentes
943 2777 1035 2832 ipsi,
1063 2778 1265 2832 Philippo,
1296 2784 1334 2820 &
1359 2779 1502 2825 Decio,
1530 2779 1610 2819 imo
1636 2783 1674 2819 &
1699 2778 1782 2820 filiis
1802 2792 1982 2821 nummos
1999 2784 2196 2835 percussit,

91 2849 137 2878 ut
155 2837 409 2891 Imperatores
431 2834 489 2874 his
508 2834 769 2874 monumentis
788 2834 836 2874 ad
857 2834 911 2874 sui
927 2833 1140 2874 custodiam
1156 2835 1357 2881 excitaret,
1383 2849 1473 2875 nam
1491 2835 1634 2887 Carpi,
1664 2838 1702 2875 ὃς
1717 2834 1775 2874 alii
1790 2835 1980 2877 Sarmatiae
1997 2838 2197 2893 Europaeae

92 2892 261 2940 barbari,
289 2892 328 2932 in
349 2892 425 2932 hoc
445 2891 565 2931 tractu
587 2889 790 2930 Romanos
808 2888 904 2930 fines
923 2889 990 2930 sub
1010 2889 1193 2944 Philippo
1209 2889 1469 2938 devastarant,
1497 2894 1536 2931 δε
1554 2889 1619 2930 sub
1638 2890 1762 2930 Decio
1779 2891 1963 2932 Thracias
1981 2892 2194 2947 depopula-

91 2949 122 2989 ti
139 2947 245 2994 sunt,
272 2948 311 2988 in
329 2948 468 3003 quibus
485 2944 712 2999 repellendis
730 2945 808 2999 ipse
826 2948 863 2984 &
884 2944 979 2985 filius
996 2946 1271 2987 occubuerunt.
1303 2946 1448 2987 Mulier
1460 2945 1534 2994 ,ista
1551 2945 1682 2986 urbem
1702 2947 1941 3001 repraesentat
1952 2973 1964 2993 ‚
1993 2949 2101 3001 cujus
2112 2949 2212 2990 Leo·

90 3003 238 3059 insigne
255 3004 328 3049 est,
360 3003 437 3043 Bos
454 3003 546 3043 vero
567 3001 744 3042 Coloniae
762 2999 988 3056 symbolum.
1019 3000 1150 3043 Voces
1169 3016 1196 3041 A
1209 3015 1253 3042 N.
1278 3015 1303 3042 x
1317 3014 1348 3043 1.
1366 3005 1405 3042 &
1423 3015 1448 3043 x
1462 3015 1479 3042 1
1498 3015 1530 3042 1.
1551 3002 1642 3042 anni
1656 3002 1742 3043 sunt
1760 3016 1841 3043 aerae
1863 3002 2040 3043 Coloniae
2054 3004 2076 3044 Ξι
2089 3005 2196 3058 Gorg

91 3059 210 3100 diano
231 3059 488 3099 Viminacium
505 3057 690 3098 deduaae.

146 3126 313 3246 thegrq'ue
337 3150 510 3179 nummus
522 3135 700 3189 secundae
710 3136 852 3190 sormae
874 3137 974 3178 inter
997 3135 1155 3176 rariores
1178 3132 1374 3176 habendus
1381 3162 1393 3184 ‚
1413 3122 1590 3191 posterior
1611 3135 1635 3177 ὰ
1661 3136 1812 3178 Patina
1826 3148 1917 3193 pag.
1945 3150 1965 3193 3
1970 3150 2034 3192 94.
2053 3137 2207 3197 vulga-J.

90 3202 156 3236 tus
169 3208 188 3233 e
220 3224 227 3232 .
2182 3235 2184 3237 ‚
2202 3218 2205 3220 .

984 3439 1269 3507 'mmmm
