2574 4214
915 177 948 219 P
1015 178 1048 219 R
1117 177 1173 219 AE
1240 172 1277 215 F
1337 174 1381 214 A
1449 171 1485 212 Τ
1543 170 1565 210 Ι
1631 168 1676 209 Ο,
2206 231 2211 237 .
2323 224 2338 241 x

257 249 325 297 liic
348 248 447 295 verb
470 253 620 313 peritus
643 246 890 297 aestimator,
930 261 1022 288 non
1046 240 1306 288 mediocrem
1328 241 1373 283 in
1395 234 1481 283 hoc
1504 231 1643 280 studio
1658 227 1829 277 laudem
1844 243 2043 274 metuere.
2091 223 2340 274 Noviffime

261 318 357 381 ’ἶσοι
377 321 623 370 Gronovius,
661 312 836 361 alterum
860 315 1037 357 Bataviae
1058 308 1181 355 decus
1197 343 1211 362 ,
1250 303 1460 370 insignem
1483 317 1773 350 nummorum
1796 295 1940 344 seriem
1964 301 2242 373 comparavit.
2279 300 2339 342 D.

263 386 382 431 Mod&
405 387 693 444 Trajeehnus,
734 400 781 426 ex
807 376 943 426 Gallia
971 386 1013 424 ἃς
1043 375 1200 441 Anglia
1224 372 1449 421 seleffiores
1475 377 1520 418 in
1546 373 1725 434 patriam
1754 363 2236 443 nummos-asportavit3
2273 361 2343 411 sed

264 452 396 520 quam
421 471 530 499 raros
554 461 596 498 &
619 449 796 507 insignes
819 465 867 492 ex
895 444 974 492 suis
995 442 1399 510 peregrinationibus
1421 438 1669 487 advecturus
1690 437 1747 483 est
1773 441 1827 483 D.
1848 435 1894 482 de
1912 434 2033 483 Wzth.

263 535 268 538 '
332 525 607 567 Germaniam
631 537 678 564 cx
698 502 989 563 iiummorum
1013 511 1313 576 Scriptoribus,
1353 518 1396 556 δε
1413 527 1462 554 ex
1484 512 1529 554 iis
1552 511 1627 573 qui
1649 523 1742 551 eam
1758 501 2081 570 perlustrarunt,
2121 499 2343 569 plerosque

264 594 472 653 Principes
486 587 633 634 habere
647 585 732 632 hoc
746 585 1001 649 antiquitatis
1015 578 1153 626 studio
1166 574 1396 625 immensos
1412 580 1636 632 novimus3
1671 571 1820 620 verum
1837 576 1884 619 iis
1898 576 1975 639 qui
1988 589 2140 617 eorum
2158 569 2344 618 Cimelia

264 657 509 722 inspexerint
524 690 536 709 ,
574 658 841 700 mentionem
855 667 1004 696 eorum
1018 646 1149 694 facere
1162 649 1447 714 permittimus
1461 680 1474 699 ,
1511 639 1869 711 quandoquidem
1884 640 1936 688 de
1950 638 2110 688 Museis
2132 638 2302 687 tantum
2320 638 2346 687 a

264 726 385 773 nobis
405 721 621 769 observatis
634 720 872 768 sermonem
885 718 1141 764 instituimus
1162 736 1171 762 :
1210 713 1330 762 liceat
1341 730 1487 760 tamen
1501 710 1571 760 hic
1586 708 1893 782 commendare
1914 716 2001 756 Car.
2017 708 2203 770 Velserum
2219 714 2346 757 Sena-

264 808 401 840 torcm
419 786 846 855 Norimbergensem,
882 785 1004 846 hujus
1025 789 1081 832 rei
1104 788 1346 850 antiquaria?
1369 780 1917 847 affertorem'pcritissimum
1932 815 1944 835 ,
1984 783 2164 844 quicum
2187 795 2260 844 per
2278 777 2346 826 lit-

264 878 362 909 teras
377 858 568 906 colloqui
582 857 728 904 datum
744 857 800 904 est
813 893 826 912 ,
864 872 909 901 ut
922 858 965 901 in
982 852 1179 900 Helvetia
1191 871 1292 898 cum
1317 851 1429 897 Tohia
1444 856 1486 897 H
1488 850 1677 897 ollandero
1693 850 1718 894 d
1732 855 1859 894 Berau
1883 845 2163 895 Schafufianae
2183 851 2347 914 Reipu-

264 927 380 976 blica:
397 909 617 994 Qaeiiore
628 963 640 981 ‚
660 936 703 974 ἂν
719 926 802 972 Seb.
817 921 966 985 Feschio
979 924 1060 989 jC.
1078 918 1292 967 Bafileensi
1304 955 1317 974 ‚
1341 916 1592 965 dostissimis
1606 917 1759 965 harum
1772 915 2077 981 elegantiarum
2091 914 2346 964 vindicibus.

263 1001 402 1045 Suetia
423 995 513 1043 suos
532 1000 656 1042 etiam
675 993 801 1041 habet
818 1008 1106 1040 nummorum
1121 987 1323 1046 cultore53
1363 987 1472 1034 mihi
1490 1003 1617 1034 notus
1638 1002 1723 1033 erat
1744 991 1800 1034 D.
1817 986 2037 1051 Oldemberg
2050 1022 2063 1042 ,
2104 990 2180 1054 qui
2201 989 2245 1032 in
2270 985 2350 1033 suis

264 1064 663 1132 peregrinationibus
686 1057 1008 1121 elegantissimos
1030 1057 1309 1123 congesserat,
1346 1052 1469 1103 frater
1482 1060 1569 1117 ejus
1583 1054 1744 1102 horum
1763 1053 1892 1101 liaeres
1904 1091 1918 1111 ,
1956 1073 2027 1102 me
2041 1053 2197 1102 Parisiis
2211 1073 2348 1122 nuper

265 1118 414 1181 invisit.
456 1137 589 1181 Dania
602 1115 818 1197 pariter‘rei
831 1132 1082 1176 nummariae
1097 1123 1277 1174 fautores
1290 1142 1498 1173 numerat.
1538 1123 1764 1190 Hispania,
1791 1121 2081 1171 Coloniarum
2095 1122 2202 1171 olim
2219 1121 2242 1170 a
2258 1130 2349 1174 Ro-

267 1206 401 1250 manis
426 1199 699 1248 deducihmm
721 1216 866 1265 patens
884 1234 896 1253 ,
935 1217 984 1244 ex
999 1195 1075 1244 suis
1088 1192 1281 1262 quotidie
1295 1194 1516 1244 visceribus
1529 1211 1739 1242 nummos
1753 1191 1960 1251 effundit3
1998 1191 2112 1240 unde
2125 1191 2239 1259 apud
2253 1213 2350 1242 eru·

265 1270 374 1318 ditos
396 1274 479 1330 ejus
501 1273 631 1331 {gentis
652 1273 801 1335 ingens
824 1285 974 1314 eorum
996 1284 1119 1312 amor
1132 1301 1145 1320 ,
1182 1269 1288 1311 inter
1306 1281 1416 1330 quos
1431 1269 1655 1311 Antoninus
1669 1264 1908 1329 Augustinus
1926 1259 2254 1310 Tarraconenfis
2268 1265 2351 1311 Ar-

267 1322 553 1404 chiepiscopiis
575 1335 715 1384 lucem
736 1341 927 1384 nummis
949 1332 1208 1400 exponendis
1229 1351 1277 1379 ac
1298 1331 1563 1400 diligentiam
1585 1330 1837 1380 luculentius
1859 1350 1994 1379 nemo
2015 1332 2188 1379 asseruit.
2227 1334 2352 1380 Rode·

265 1413 366 1454 ricus
386 1413 503 1453 Carus
529 1411 682 1473 patrios
700 1403 879 1472 quidem
897 1403 1134 1470 evulgavit:
1172 1400 1390 1468 praeclaros
1407 1419 1549 1449 autem
1569 1422 1617 1449 ex
1637 1401 1843 1449 omnibus
1865 1400 2081 1468 Hispaniae
2099 1407 2239 1468 regnis
2257 1421 2354 1450 eru-

265 1493 351 1532 tos,
389 1480 495 1522 inter
510 1479 865 1542 Antiquariorum
881 1491 1030 1520 manus
1045 1470 1281 1537 conspicere
1295 1468 1576 1538 gratillimum
1591 1472 1716 1518 nobis
1729 1469 1822 1519 fuit.

333 1542 413 1591 Sed
432 1542 532 1590 cum
550 1542 602 1590 de
619 1548 794 1590 externis
816 1547 994 1607 Europae
1019 1540 1210 1588 Cimeliis
1229 1577 1241 1596 ,
1281 1561 1329 1588 ex
1354 1540 1508 1608 quibus
1529 1545 1680 1608 ecstypa
1700 1539 1954 1607 collegimus
1975 1576 1988 1596 ,
2026 1538 2205 1588 honoris
2229 1540 2352 1589 causa

260 1612 377 1679 ‘prius
400 1611 422 1659 a
444 1613 566 1659 nobis
584 1616 729 1660 adium
743 1610 790 1659 sit
805 1648 817 1667 ‚
855 1614 940 1671 jam
959 1609 1104 1658 Galliae
1121 1611 1273 1658 nostrae
1286 1608 1411 1671 hujus
1424 1615 1609 1679 antiquae
1624 1608 1884 1677 lupellestilis
1899 1608 2104 1658 studiosos
2121 1619 2163 1658 δε
2178 1609 2354 1678 indaga-

266 1701 374 1729 tores
387 1680 588 1728 recensere
603 1699 775 1749 acquum
788 1678 963 1728 videtur.
977 1683 1169 1725 Primum
1184 1677 1332 1726 locum
1346 1697 1529 1746 occupat
1537 1678 1772 1729 Thesaurus
1790 1684 2100 1729 LUDOVICI
2118 1684 2353 1738 MAGNI,

266 1755 394 1798 totius
410 1755 588 1816 Europae
602 1747 844 1804 ditissimus,
867 1746 1052 1810 jucunda
1065 1751 1181 1808 cujus
1195 1746 1507 1815 contemplatio
1534 1755 1994 1798 CENOMANENSIUM
2019 1754 2203 1797 DUCEM
2230 1748 2281 1797 ad
2297 1756 2356 1799 rei

266 1823 518 1867 nummariae
538 1817 726 1866 studium
747 1823 947 1865 incitavit.
996 1822 1089 1865 Rex
1112 1821 1308 1883 geminos
1330 1819 1471 1866 statim
1491 1837 1700 1867 nummos
1721 1818 1870 1867 lubens
1892 1817 2093 1867 concessit
2114 1855 2128 1875 ,
2168 1828 2210 1867 &
2236 1819 2355 1869 brevi

266 1892 369 1936 Dux
385 1885 665 1934 Sereniffimus
681 1885 917 1934 Cimelium
929 1922 942 1941 ,
969 1887 1065 1951 post
1081 1891 1269 1953 Regium
1285 1923 1298 1943 ,
1322 1893 1589 1954 comparavit
1601 1886 1992 1945 exornatiffimum,
2031 1892 2148 1950 cujus
2163 1906 2235 1936 me
2248 1887 2357 1937 Cus-

259 1955 415 2003 'todem
430 1955 580 2001 habete
593 1954 741 2003 voluit.
771 1961 896 2002 Comes
908 1952 1057 2016 Tolosae,
1073 1960 1204 2003 Ducis
1217 1954 1349 2004 fratris
1362 1956 1576 2023 exemplo,
1591 1962 1637 2005 in
1651 1957 1766 2006 idem
1782 1957 1972 2006 studium
1987 1958 2196 2005 incubuit.
2234 1962 2358 2006 Mar-

257 2026 349 2072 'chio
371 2025 415 2071 dc
436 2024 654 2089 Seignduy,
691 2021 1023 2071 licetfelectiores
1037 2021 1187 2090 apatre
1200 2024 1464 2093 conquisitos
1489 2032 1617 2075 REGI
1646 2044 1856 2074 nummos
1870 2023 2100 2080 obtulerit,
2127 2042 2281 2071 eorum
2294 2043 2358 2074 ta·
2411 2075 2413 2078 Α

258 2106 367 2150 ”men
391 2098 621 2140 numerum
645 2102 688 2140 &
706 2093 989 2158 praestantiam
1011 2110 1060 2138 ex
1083 2090 1345 2140 celeberrimi
1367 2095 1534 2156 Bracefii
1550 2092 1689 2140 Musei
1709 2097 1902 2141 Romani
1917 2097 2042 2139 novis
2056 2100 2360 2144 monumentis

260 2160 430 2211 resarfit.
471 2162 541 2209 Ab
558 2159 668 2209 Aula
682 2157 852 2208 Parisios
873 2159 1152 2216 divertamus,
1186 2169 1230 2208 &
1253 2158 1585 2209 insttuffi’tiffimas
1607 2167 1838 2218 Lamonias,
1861 2161 2058 2217 Harlaeas,
2086 2170 2130 2209 &
2147 2166 2361 2228 Bignonias

260 2234 408 2278 Gazas
425 2229 702 2296 suspiciamus.
743 2235 796 2278 R.
814 2235 857 2277 P.
872 2231 968 2277 dela
983 2229 1147 2285 Chaize,
1172 2234 1280 2296 Regi
1292 2230 1316 2277 εἰ
1331 2227 1681 2279 confessionibus
1690 2267 1703 2287 ,
1724 2236 1769 2279 in
1783 2229 2032 2296 colligendis
2046 2236 2240 2279 nummis
2254 2251 2360 2299 ope-

270 2318 361 2347 ram
374 2305 479 2347 inter
493 2317 581 2348 tam
595 2318 736 2367 graves
751 2317 866 2346 curas
881 2335 894 2355 ,
917 2297 1213 2346 oblectationis
1227 2298 1348 2346 causa
1361 2336 1373 2356 ‚
1400 2297 1638 2347 collocavit.
1678 2305 1775 2349 RR.
1799 2305 1873 2347 PP.
1894 2299 2038 2363 Jobert
2063 2310 2105 2348 δε
2129 2302 2364 2351 chamillard

264 2368 455 2428 *ejusdem
470 2373 682 2417 Societatis
692 2406 705 2425 ,
734 2373 990 2436 antiquitatis
1003 2367 1127 2428 hujus
1140 2366 1444 2434 diligentissimi
1456 2368 1549 2416 sunt
1562 2370 1875 2436 investigatores
1891 2379 1934 2417 ὃς
1948 2367 2193 2435 peritissimi.
2234 2370 2358 2421 Idem

265 2435 459 2484 'studium
478 2474 490 2494 ,
531 2447 573 2485 &
594 2437 743 2486 eadem
766 2435 1097 2512 quaerendorum
1115 2455 1404 2486 nummorum
1427 2456 1526 2485 cura
1548 2440 1787 2486 Sirmondunz
1811 2448 1854 2487 δε
1871 2439 2091 2503 Coffartium
2112 2441 2359 2507 praestantis-

273 2503 401 2553 simos
416 2512 525 2554 viros
540 2506 645 2554 olim
660 2507 842 2563 incessit,
870 2515 912 2555 &
927 2522 1044 2574 parta
1057 2503 1081 2552 εἴ
1094 2503 1130 2553 se
1146 2505 1401 2555 numifinata
1415 2512 1459 2554 in
1484 2511 1516 2554 L
1529 2511 1570 2555 U
1588 2513 1628 2555 D
1641 2512 1685 2554 O
1698 2514 1739 2557 V
1751 2513 1769 2555 I
1781 2513 1850 2556 CI
1882 2513 1933 2556 M
1949 2514 1984 2556 Α
1999 2513 2038 2556 G
2053 2514 2096 2557 N
2116 2515 2129 2556 1
2152 2508 2356 2578 Collegio

270 2579 514 2622 ‘ornamenti
530 2575 658 2635 gratia
671 2575 963 2642 reposuerunt:
1003 2592 1135 2642 porro
1147 2592 1242 2623 tum
1256 2593 1407 2624 eorum
1418 2614 1430 2632 ‚
1451 2594 1545 2624 tum
1558 2575 1769 2625 librorum
1784 2576 2166 2626 custodiendorum
2182 2585 2361 2645 provin-

274 2648 335 2689 cia
359 2629 638 2692 eruditissimo
663 2649 704 2692 P.
721 2650 764 2691 H
764 2646 924 2692 arduino
947 2643 998 2692 de
1021 2650 1212 2692 nummis
1226 2646 1491 2694 benemerito
1503 2646 1693 2694 concessa
1707 2649 1778 2695 est.
1818 2651 1901 2695 Hae
1914 2652 2061 2696 veteris
2075 2665 2262 2696 monetae
2275 2648 2360 2697 ele..

274 2717 423 2775 gantiae
438 2711 713 2760 Bibliothecas
727 2719 854 2761 etiam
870 2717 1030 2761 Sanetae
1048 2712 1280 2762 Genovefae
1296 2726 1339 2764 Sc
1357 2720 1499 2764 §aneti
1513 2721 1720 2765 Germani
1734 2714 2019 2780 locupletant5
2044 2715 2144 2761 huic
2159 2723 2214 2763 D.
2229 2720 2360 2766 Placi—

274 2780 341 2825 dus
353 2817 365 2835 ,
379 2779 485 2827 illius
500 2787 718 2830 memorioe
731 2782 907 2849 diligens
922 2781 1144 2839 scrutator,
1158 2783 1377 2849 praefed'tus
1390 2787 1468 2844 est3
1491 2783 1549 2832 illi
1566 2790 1606 2831 P.
1623 2785 1812 2849 Chaponel
1828 2783 1993 2849 elegans
2008 2782 2132 2845 hujus
2144 2783 2360 2837 industriae

274 2845 435 2904 fautor,
459 2851 553 2914 post
570 2855 731 2897 Patrem
752 2851 801 2896 du
817 2854 987 2898 Molinet
1005 2850 1263 2917 praepositus.
1300 2861 1425 2900 Comes
1438 2855 1485 2899 de
1500 2861 1610 2898 Vaux
1629 2857 1944 2917 Imperatorum
1961 2850 2104 2900 seriem
2117 2872 2166 2901 ex
2179 2872 2358 2921 argento

275 2913 484 2984 insignem
505 2922 778 2983 comparavit.
815 2923 917 2967 DD.
941 2921 986 2965 de
1000 2919 1106 2964 Blois
1122 2929 1163 2967 ὃς
1179 2921 1223 2966 de
1236 2924 1401 2986 Lomprd
1415 2919 1598 2981 ejusdem
1613 2926 1771 2987 generis
1786 2926 1978 2968 nummis
1994 2921 2266 2989 summopere
2280 2923 2358 2972 de-

278 2983 493 3035 lchantur.
533 2990 587 3033 D.
605 2992 711 3033 Dron
730 2990 869 3034 Samsti
891 2986 1080 3034 Thomze
1103 2985 1127 3034 a
1154 2993 1314 3055 Lupara
1337 2994 1607 3045 Canonicus,
1645 2988 1975 3055 praestantissima
1998 2989 2287 3040 Coloniarum
2312 3003 2358 3043 &

272 3055 319 3098 vG
327 3072 425 3100 ra‘ca
440 3054 695 3102 numismata
708 3074 755 3102 ex
769 3072 845 3102 aere
860 3053 1004 3102 medio
1016 3054 1241 3121 praesertim
1255 3056 1491 3123 adquisivit.
1531 3065 1586 3106 D.
1601 3060 1789 3106 Baudelot
1804 3064 2007 3107 Patronus
2020 3058 2193 3128 insignis
2201 3098 2215 3118 ,
2233 3080 2361 3111 amo—

278 3137 321 3166 re
344 3130 385 3167 &
408 3120 558 3170 barum
579 3128 835 3191 antiquitatis
855 3122 1099 3171 deliciarum
1123 3124 1262 3173 studio
1282 3126 1521 3175 celebratur.
1562 3126 1641 3175 Sed
1654 3127 1761 3196 quid
1775 3126 1826 3176 de
1843 3127 2121 3177 Illustrissimo
2135 3132 2359 3195 Spanhemio

271 3187 654 3256 ‘Brandeburgensis
679 3191 879 3240 Ele&oris
902 3191 1015 3259 apud
1039 3200 1203 3259 Regem
1227 3200 1410 3244 Oratore
1431 3195 1616 3244 dicturus
1640 3210 1652 3244 ?
1688 3196 1763 3245 illo
1775 3195 1883 3245 certe
1897 3196 2125 3266 elegantius
2141 3209 2184 3248 ὃ(
2200 3198 2361 3250 felicius

282 3274 488 3304 nummos
510 3259 646 3307 nullus
669 3259 895 3309 illustravit.
937 3267 989 3309 D.
1009 3265 1212 3309 Morellius
1232 3264 1449 3313 I-lelvetius
1473 3271 1695 3332 Specimen
1713 3265 1911 3315 universae
1929 3273 1985 3315 rei
2005 3274 2258 3316 nummariae
2283 3275 2358 3318 Pa-

277 3323 382 3372 lisiis
399 3324 546 3382 edidit,
582 3347 713 3395 quam
737 3331 930 3378 iconibus
951 3340 994 3378 ὃ(
1015 3336 1125 3378 notis
1143 3331 1310 3381 cruditis
1328 3333 1631 3402 locupletatam
1647 3337 1700 3384 ab
1718 3355 1771 3384 eo
1784 3334 1932 3404 perfici
1943 3335 2215 3405 summopere
2226 3357 2360 3406 exop-¹

279 3409 373 3439 tant
395 3399 639 3461 Antiquarii.

351 3466 400 3508 In
415 3461 580 3510 diversis
595 3464 739 3513 Gallice
754 3467 924 3515 urbibus
941 3467 1114 3535 plurimi
1127 3469 1221 3518 sunt
1234 3472 1545 3522 numismatum
1561 3473 1742 3523 cultores
1754 3511 1767 3532 ,
1795 3485 1837 3523 ὃς
1853 3480 1996 3523 eximii
2011 3495 2163 3524 eorum
2176 3474 2358 3526 adsertoss

286 3547 345 3574 res
355 3566 367 3584 ,
387 3534 492 3577 inter
507 3549 614 3598 quos
628 3540 784 3583 eminet
802 3538 859 3582 Ill.
875 3538 920 3584 de
934 3545 1066 3603 Camps
1081 3540 1346 3606 Apamienfis
1360 3542 1609 3611 Episcopus,
1626 3549 1701 3612 qui
1715 3541 1938 3592 lautissima
1953 3554 1996 3592 δε
2012 3543 2150 3613 longo
2163 3562 2360 3613 tempore

285 3614 527 3661 comparata
550 3618 835 3651 nummorum
856 3604 1130 3664 collectione,
1159 3613 1401 3676 Principum
1427 3616 1562 3661 Gazas
1583 3612 1786 3681 adaequat.
1826 3617 1884 3659 D.
1898 3615 2085 3661 Foucault
2104 3614 2361 3682 Supplicum

286 3664 547 3713 Libellotum
562 3671 761 3741 Magi-ster
771 3708 782 3725 ,
817 3681 857 3719 δε
875 3678 918 3719 in
934 3675 1174 3724 pictavie-nst
1188 3684 1407 3744 provincia
1419 3687 1477 3729 rei
1489 3681 1712 3743 judiciariae
1725 3678 1946 3729 Praefetstus
1960 3719 1973 3738 ‚
2011 3681 2089 3730 hac
2105 3688 2232 3731 omni
2248 3703 2361 3734 vete-

285 3751 381 3779 rum
405 3733 605 3800 elegantia
626 3722 700 3784 sese
721 3737 957 3798 oblectans,
994 3742 1135 3792 seriem
1158 3750 1471 3814 Imperatorum
1493 3770 1542 3798 ex
1563 3767 1738 3817 argento
1759 3748 2139 3816 praestant'iffimam
2163 3750 2356 3819 possidet.

286 3800 506 3866 Lugduni,
533 3808 576 3850 in
594 3802 850 3855 Bibliotheca
866 3814 1034 3858 Patrum
1049 3816 1142 3860 Soc.
1158 3815 1244 3880 Jesu
1260 3817 1461 3866 Museum
1484 3824 1608 3866 omni
1630 3817 1673 3865 id
1694 3837 1824 3886 genus
1838 3816 2080 3885 supelletstih
2099 3821 2360 3871 instruffiffi·

285 3887 411 3917 mum
428 3871 666 3929 affer-vatur,
707 3872 731 3922 ἃ
747 3880 799 3927 R.
815 3881 856 3923 P.
873 3878 968 3926 dela
979 3881 1120 3930 Chaize
1138 3882 1311 3950 quidem
1326 3886 1581 3938 inchoatum
1593 3923 1608 3946 ,
1627 3885 1695 3937 sed
1707 3892 1912 3957 continua
1924 3907 2215 3940 nummorum
2228 3892 2360 3940 acces-

2239 3958 2359 4011 fione
