2491 4219
282 167 540 221 3³³-
850 162 1802 214 CARACALLA.

328 783 359 811 vc
371 783 397 810 o
410 784 449 810 L.
471 784 508 831 ‘H
519 784 542 811 E
555 786 594 812 L.
623 771 779 813 Colonia
795 768 1015 824 Heliopolis.
1042 768 1183 826 Caput!
1195 767 1361 813 velatum
1375 769 1417 811 ὃς
1435 771 1634 818 turritum,
1660 781 1765 824 pone
1782 771 1892 826 quod
1909 772 2057 820 laurus,
2073 774 2123 814 -in
2149 774 2230 816 aliis
2243 785 2382 818 cornum

362 839 363 842 ¹
384 839 525 881 :copisa
1151 845 1154 848 ⁴

338 902 418 943 Hic
445 918 627 944 nummus
654 904 703 944 ad
728 903 992 958 Heliopolim,
1018 908 1058 945 ’δε
1086 917 1167 944 non
1184 903 1233 943 ad
1253 900 1436 943 Helviam
1460 903 1617 951 urbem,
1646 915 1690 945 ut
1703 903 1819 945 refert
1833 903 1990 946 Patinus
2004 907 2042 946 in
2060 906 2192 948 Indice
2211 920 2296 965 pag.
2318 904 2397 961 19.‘

277 956 435 1012 speetat.
468 960 531 998 De
551 960 752 1013 Heliopoli
765 959 973 1000 Phoeniciae
989 960 1162 1013 loquitur
1178 961 1431 1013 Anonymus,
1458 973 1578 1013 quem
1595 961 1764 1015 vulgavit
1780 960 2051 1002 Gothofredus
2067 963 2106 1002 in
2124 963 2386 1020 Hexegefito‘-

280 1014 360 1053 tius
387 1014 532 1053 Mundi
559 1020 600 1065 5.
637 1028 697 1054 10.
727 1019 899 1056 Ηλιόπιλις,
924 1016 1110 1066 &managa
1126 1022 1169 1063 τῷ
1185 1017 1371 1064 Λιςαίνῳὸρᾴ.
1413 1014 1640 1069 Heliopolis,
1666 1028 1749 1070 quae
1766 1019 1979 1071 propinqua
2001 1016 2051 1065 est
2079 1017 2229 1060 Libano
2251 1017 2383 1062 monti.
2486 1036 2487 1044 ¹

284 1068 423 1110 Multae
452 1070 556 1109 enim
582 1082 691 1109 erant
715 1071 827 1110 urbes
854 1069 1074 1124 Heliopolis
1105 1070 1291 1116 nornine,-
1310 1085 1397 1125 quae
1417 1070 1659 1110 recensentur
1678 1071 1700 1111 ἐι
1715 1071 1911 1125 Stephano
1933 1071 1983 1112 de
2001 1072 2185 1114 Urbibus,
2242 1074 2316 1116 Hae
2332 1073 2386 1118 ob
2454 1108 2458 1111 »
2486 1095 2487 1106 2

283 1124 389 1164 idem
407 1138 550 1164 nomen
567 1124 703 1164 eadem
723 1125 899 1166 Numina
916 1125 1088 1165 venerari
1107 1124 1296 1167 videntur.
1335 1126 1561 1166 Macrobius
1584 1127 1688 1166 enim
1712 1127 1860 1167 Saturn.
1895 1141 1928 1171 1.
1945 1142 2029 1182 cap.
2052 1141 2116 1182 23.
2146 1129 2389 1186 Heliopolim
2436 1148 2438 1150 ’

284 1179 495 1219 Phoeniciae
521 1180 569 1220 ab
596 1180 797 1233 Heliopoli
821 1181 1054 1236 AEgyptiaca
1080 1180 1322 1222 fimulacrum
1350 1182 1454 1235 Jovis
1483 1182 1548 1222 seu
1567 1182 1664 1222 Solis
1677 1182 1861 1235 accepisse
1877 1195 2022 1230 narrat,
2051 1183 2156 1225 unde
2172 1183 2296 1226 forsan
2316 1201 2388 1229 no·
2444 1188 2446 1190 ’

282 1248 388 1274 men.
420 1235 522 1289 Ejus
543 1236 630 1275 ‘Dei
634 1235 877 1286 fimulacrum
884 1237 1083 1290 sumptum
1101 1236 1152 1288 est
1171 1236 1217 1277 de
1235 1239 1364 1292 oppido
1382 1236 1577 1292 QAEgypti
1587 1264 1598 1284 ‚
1622 1237 1728 1293 quod
1731 1235 1785 1281 &⁴
1801 1238 1920 1292 ipsum
1929 1238 2141 1293 Heliopolis
2155 1241 2387 1294 appellaturi,
2427 1278 2430 1282 .

286 1298 466 1343 tegmento
484 1291 588 1344 apud
599 1291 836 1347 &Egyp'tios
852 1291 1070 1339 Senemure,
1086 1293 1157 1341 seu
1175 1292 1278 1333 idem
1297 1292 1456 1346 Senepos
1472 1294 1619 1333 nomine
1637 1307 1649 1331 :
1659 1293 1919 1348 perlatumque
1935 1293 1985 1345 cst
1993 1296 2158 1347 primum
2172 1301 2214 1335 in
2229 1308 2388 1352 campet·
2431 1323 2434 1327 ·

289 1345 428 1397 Opiam
455 1344 646 1400 Legatum
674 1346 880 1386 ‘Deleboris
909 1347 1030 1401 Regis
1050 1346 1304 1399 Affyriorum‚
1332 1347 1621 1403 Sacerdotesque
1647 1348 1904 1403 QAEgrptios‚
1930 1363 2084 1404 quorum
2110 1350 2298 1405 Princeps
2298 1350 2404 1407 fuit'
2434 1388 2435 1391 ,

288 1400 526 1440 §Partemem
544 1420 556 1446 ·‚
583 1402 719 1455 diuque
734 1402 908 1442 habitum
927 1402 1032 1455 apud
1047 1402 1236 1455 Assyrios,
1259 1403 1384 1457 postea
1400 1403 1630 1458 Heliopolim
1646 1406 1924 1457 commigravit.
1955 1406 2089 1459 Caput
2105 1399 2303 1454 turrifum,
2331 1407 2392 1450 so*
2432 1439 2435 1442 -
2459 1450 2462 1458 ,

286 1455 404 1495 lenne
420 1456 473 1495 est
490 1455 642 1496 urbium
658 1456 885 1510 symbolum.
916 1458 1031 1498 Lauri
1047 1472 1174 1499 ramus
1191 1459 1231 1499 in
1247 1473 1333 1499 area
1348 1459 1519 1505 nummi,
1546 1472 1652 1512 pone
1665 1471 1783 1514 caput
1797 1459 2003 1506 muliebre,
2029 1474 2079 1500 an
2095 1460 2393 1504 Monetariino-
2432 1494 2433 1497 η
2455 1468 2457 1473 “

291 1522 352 1556 ta,
382 1524 430 1550 an
450 1511 579 1564 potius
595 1512 720 1552 laurus
738 1512 863 1553 dicata
882 1513 983 1559 Soli,
1012 1513 1080 1567 qui
1095 1513 1198 1554 idem
1215 1514 1270 1554 est
1287 1527 1376 1553 cum
1389 1514 1569 1568 Apolline
1585 1515 1689 1568 apud
1706 1514 1874 1555 eundem
1893 1515 2142 1556 Macrobium
2156 1516 2246 1557 loco
2261 1517 2392 1559 lauda*
2442 1507 2446 1530 ³
2488 1543 2490 1547 ·

288 1577 347 1605 to.
379 1566 514 1621 Hujus
538 1567 670 1620 templi
693 1568 821 1621 religio
845 1570 961 1607 etiam
984 1567 1224 1608 divinatione
1244 1569 1458 1624 praepollet,
1485 1583 1567 1624 quae
1590 1570 1645 1610 ad
1666 1570 1858 1624 Apollinis
1878 1571 2100 1623 potestatem
2114 1570 2298 1626 refertur,
2321 1571 2393 1630 ’qui
2431 1573 2442 1593 ”

289 1619 390 1659 idem
413 1629 528 1675 atque
553 1621 620 1661 Sol
639 1622 699 1674 est.
737 1622 864 1672 Quod
893 1621 1094 1664 confirmat
1121 1623 1322 1665 Pausanias
1343 1624 1384 1664 in
1410 1625 1568 1665 Achaic.
1595 1639 1681 1682 pag.
1702 1639 1797 1680 443.
1826 1629 1973 1666 Animam
1987 1629 2008 1677 ξς
2023 1638 2129 1672 ἥλιον,
2155 1628 2393 1682 Apollinem&
2441 1635 2450 1652 ·’

288 1677 360 1730 iqui
376 1674 443 1715 Sol
456 1676 531 1729 ipse
545 1676 605 1727 est.

347 1752 432 1794 Hic
447 1767 619 1795 nummus
623 1755 788 1808 secundi
802 1753 850 1800 ὠ
867 1757 1016 1798 minimi
1037 1753 1200 1803 moduli,
1226 1771 1295 1798 nec
1310 1771 1421 1798 rarus
1440 1771 1508 1798 nec
1526 1756 1663 1799 obvius
1680 1753 1740 1812 est.

1080 1832 1384 1902 HIPPo
1447 1861 1604 1916 Regius.

293 2443 322 2470 a
335 2442 367 2470 N
380 2442 404 2469 T
416 2442 442 2469 o
459 2440 487 2469 N
503 2442 518 2468 1
530 2441 561 2468 N
573 2441 600 2469 v
614 2441 632 2468 s
666 2442 688 2469 P
701 2441 715 2469 1
731 2441 756 2470 v
769 2442 800 2468 s.
834 2441 862 2468 A
877 2441 916 2468 v.
945 2427 1083 2482 Caput
1098 2423 1301 2469 Caracallae
1317 2425 1541 2469 laureatum.

348 2501 384 2527 c.
415 2498 456 2524 G.
489 2498 515 2524 1.
547 2499 588 2524 u.
620 2498 652 2524 Ρ.
685 2498 726 2524 A.
757 2483 913 2526 Colonia
933 2483 1101 2524 Gemella
1116 2483 1233 2537 Julia
1252 2481 1500 2538 Hipponenfis
1529 2482 1613 2524 Pia
1639 2480 1823 2538 Augusta.
1861 2482 1981 2525 Ceres
2008 2471 2206 2539 gradiens,
2234 2485 2399 2542 utraque
2455 2523 2458 2528 .

402 2539 528 2581 facem
540 2540 766 2580 ardentem:

346 2619 488 2680 Hippo
503 2619 593 2659 urbs
612 2617 751 2658 Africae
765 2617 937 2659 littoralis
951 2618 1126 2673 gemina,
1154 2616 1260 2658 unde
1277 2616 1453 2657 Gemella
1470 2630 1638 2664 nomen,
1667 2616 1807 2670 aJulio
1823 2617 1993 2658 Colonia
2009 2617 2175 2658 dedu&a
2185 2645 2199 2665 ,
2227 2616 2328 2658 dieta
2343 2616 2399 2659 'est
2451 2625 2455 2631 '
2488 2615 2489 2619 ¹

282 2675 387 2730 Julia
404 2695 416 2722 3
444 2688 526 2728 eJus
542 2674 716 2714 meminit
732 2673 876 2714 Plinius
893 2673 1091 2714 Secundus
1109 2673 1157 2713 ad
1175 2672 1386 2713 Caninium
1405 2673 1467 2712 lib.
1486 2687 1523 2722 9.
1542 2673 1647 2726 epist.
1677 2672 1748 2725 Est
1765 2675 1808 2712 in
1827 2672 1969 2726 Africa
1986 2673 2230 2728 Hipponenfi's
2245 2673 2399 2714 Colonia
2456 2687 2460 2726 g

290 2732 389 2771 mari
408 2732 600 2784 proxima.
629 2729 860 2783 Hipponem
888 2730 910 2770 a
934 2729 1184 2770 Phoenicibus
1210 2729 1410 2769 conditam
1434 2728 1549 2769 tradit
1573 2727 1766 2769 Sallustius
1789 2727 1839 2768 de
1863 2728 1965 2769 bello
1978 2729 2227 2784 Jugurthino.
2258 2727 2400 2780 Pestea
2464 2747 2487 2782 v,23

293 2786 500 2826 Phaenices
612 2784 825 2840 Hipponem
841 2811 854 2830 ‚
887 2784 1143 2825 Adrumetum
1163 2812 1175 2831 ‚
1217 2784 1374 2839 Leptim
1387 2812 1398 2830 ,
1425 2783 1592 2838 aliasque
1619 2783 1728 2823 urbes
1754 2785 1796 2824 in
1823 2797 1889 2823 ora
1916 2786 2109 2824 maritima
2138 2784 2399 2826 condiderunt.
2464 2802 2474 2835 ς

294 2841 416 2883 Hunc
439 2840 644 2881 Caracallae
670 2853 873 2880 nummum
900 2840 1073 2896 vulgavit
1099 2840 1137 2879 P.
1168 2840 1396 2881 Harduinus
1417 2854 1503 2895 pag.
1536 2842 1622 2888 189.
1641 2851 1758 2893 quem
1779 2838 1830 2879 ad
1850 2835 2399 2882 Coloniam'Hadrumetinam
2464 2855 2488 2875 »

291 2896 428 2937 frustra
446 2893 612 2937 revocat.
645 2897 759 2936 Hanc
776 2909 824 2936 ex
843 2895 1002 2937 Gruteri
1023 2894 1270 2948 inscriptione
1287 2895 1497 2936 Coloniam
1513 2894 1657 2934 indicat
1680 2894 1702 2933 a
1725 2894 1897 2947 Trajano
1920 2894 2126 2939 deductam
2135 2921 2148 2941 ,
2179 2895 2284 2936 unde
2314 2909 2342 2935 v
2353 2906 2400 2936 ιὰ
2468 2899 2478 2922 '-

294 2966 388 2992 P1A
431 2964 696 2991 TRAIANA
736 2964 997 2990 AvovsTA
1039 2963 1372 2990 FRVGIFERA
1410 2962 1845 2990 HADRVMETINA.
1900 2949 2045 2990 Nostra
2075 2949 2262 2991 Gemellae
2289 2939 2396 3001 Juliae
2462 2962 2476 2988 c·

2467 2884 2491 3019 ἒ,

294 3005 562 3062 Hipponensis
577 3005 654 3045 Piae
671 3005 854 3059 Augustae
868 3005 1103 3060 cognomina
1118 3004 1295 3050 exhibet,
1323 3004 1374 3043 de
1389 3005 1530 3056 quibus
1544 3005 1586 3043 in
1604 3005 1744 3044 Marco
1760 3005 1920 3045 Aurelio
1937 3005 2102 3046 diximus
2112 3032 2124 3052 ‚
2151 3016 2195 3046 ut
2213 3005 2264 3046 de
2279 3006 2399 3047 Cere-

295 3064 345 3104 ris
362 3064 402 3103 in
421 3060 552 3102 Africa
567 3061 673 3102 cultu
690 3074 737 3100 ex
745 3060 987 3100 Tertulliano
1004 3074 1012 3098 :
1031 3058 1095 3099 illa
1112 3058 1279 3099 accensis
1292 3058 1333 3098 in
1351 3057 1474 3099 AEtna
1493 3070 1628 3100 monte
1642 3058 1751 3100 taedis
1768 3059 2036 3115 Proserpinam
2054 3059 2170 3103 filiam
2187 3061 2396 3117 perquirit,

294 3130 340 3159 ut
358 3118 460 3160 canit
474 3117 616 3159 Statius
630 3116 759 3157 Theb.
782 3129 798 3156 1
809 3129 842 3156 2.

791 3169 939 3224 Qalis
957 3169 1006 3210 ab
1030 3167 1234 3215 &Etnaeis
1249 3166 1406 3209 accensa*
1422 3166 1594 3224 lampade
1601 3169 1720 3222 saxis

795 3226 903 3266 Orba
920 3227 1031 3266 Ceres
1048 3236 1193 3279 magnae
1207 3224 1390 3265 variabat
1405 3226 1568 3280 imagine
1571 3224 1740 3279 flammae

791 3281 1003 3334 Ausonium
1020 3279 1259 3336 Siculumque
1274 3279 1388 3320 latus.

352 3360 434 3401 Hic
450 3376 620 3404 nummus
636 3359 946 3416 minimaefhrmae
958 3387 971 3408 ‚
998 3360 1100 3400 inter
1115 3373 1219 3400 raros
1234 3358 1516 3411 adseribendus.

1032 3462 1552 3508 LAO‘DICEA.
