2491 4219
373 219 377 221 λ
636 156 1710 231 JULIAPAULA.
2155 161 2221 221 37

129 231 183 274 ria
211 229 335 273 nostra
363 231 412 272 de
435 231 550 287 Syriae
572 231 749 288 Regibus
773 242 859 284 pag.
890 241 978 282 342.
997 226 1087 267 anni
1103 226 1255 268 initium
1273 225 1323 267 ad
1340 225 1485 272 Nisan,
1514 225 1772 280 AEquinocstio
1790 239 1933 272 verno,
1959 225 2047 268 cuin
2066 225 2130 266 Sol
2149 226 2227 267 hoc

127 287 276 342 {ignum
291 287 523 341 ingreditur,
550 288 588 327 in
605 287 720 340 Syriae
737 284 904 324 nummis
920 283 1081 330 denotat
1095 302 1107 329 3
1138 282 1361 329 Nifibenses
1378 282 1482 321 illum
1499 281 1667 336 signant,
1697 293 1739 321 ut
1756 281 1793 321 se
1813 281 1954 322 eodem
1971 293 2144 333 tempore
2160 296 2226 325 an-

127 355 222 381 num
242 342 424 382 inchoare
441 341 723 388 demonstrent,
750 352 830 379 non
847 349 890 380 ut
901 337 1098 384 Chaldaei‚
1118 336 1268 391 Judaei,
1298 341 1337 377 &
1351 337 1434 383 alii,
1463 338 1532 392 qui
1548 336 1805 390 AEquinostio
1821 336 2031 378 autumnali
2046 335 2151 376 illum
2165 338 2235 395 ingl

127 396 330 437 choabant.

181 473 264 514 Hic
282 486 454 514 nummus
468 472 661 514 mediocris
664 470 806 526 fo‘rmae
820 465 1106 527 elegantiffi'mns
1125 468 1183 521 cst.

959 561 1385 608 SIDON.

120 1199 178 1259 'gv
190 1223 217 1256 1,
228 1220 245 1249 1
258 1221 300 1248 A.
329 1221 351 1248 Ρ
367 1222 393 1248 A
407 1222 433 1248 v
446 1213 471 1249 L
484 1220 525 1248 A.
560 1222 587 1248 A
601 1221 628 1247 v
641 1221 678 1248 G.
716 1206 1123 1261 CaputJuliaePaulae.
1218 1245 1223 1249 ,
1682 1241 1684 1243 ,
1880 1242 1882 1244 ,
2132 1224 2137 1238 ··

175 1279 198 1306 c
208 1278 234 1305 o
245 1278 280 1304 L.
313 1277 340 1302 A
354 1278 379 1303 v
392 1277 434 1304 R.
465 1277 486 1302 P
500 1277 515 1302 1
528 1277 567 1302 A.
602 1276 635 1302 M
652 1277 672 1302 a
686 1273 710 1301 T
722 1277 764 1303 R.
798 1276 816 1302 s
831 1276 845 1301 1
856 1277 891 1302 o.
934 1263 1088 1303 Colonia
1104 1262 1265 1304 Aurelia
1284 1262 1367 1303 ‘Pia
1382 1262 1607 1314 Metropolis
1622 1262 1747 1303 Sidon.
1780 1263 1930 1303 Astarte
1945 1262 2103 1303 tutulata
2120 1260 2221 1303 stans

229 1318 437 1372 intemplo
455 1318 645 1372 tetrastylo
663 1343 673 1364 ,
701 1317 832 1358 dextra
850 1316 1058 1370 scipionem
1078 1344 1091 1363 ,
1121 1318 1213 1357 laeva
1233 1318 1378 1372 colligit
1394 1318 1549 1371 pallium
1569 1339 1582 1365 2
1617 1319 1638 1358 ἐι
1653 1317 1804 1359 sinistris
1822 1316 1994 1360 Victoria
2014 1318 2131 1372 cippo
2149 1317 2222 1357 im-

228 1372 352 1429 pofita
372 1373 440 1429 ipfi
458 1387 642 1414 coronam
658 1373 840 1428 porrigit,
868 1387 941 1427 pro
957 1372 1120 1427 pedibus
1138 1371 1287 1428 signum
1303 1373 1431 1413 Sileni.

118 1499 120 1503 y
171 1450 292 1492 Sidon
316 1452 404 1491 urbs
430 1451 637 1491 phoenici-:e
661 1449 939 1505 antiquissima,
969 1464 1058 1490 cum
1077 1449 1188 1504 Tyro
1211 1449 1261 1489 de
1281 1450 1445 1505 primatu
1471 1448 1736 1495 contendens,
1765 1448 2000 1503 Metropolis
2025 1448 2150 1494 faeta,
2181 1449 2220 1488 &

57 1507 61 1511 ’
118 1505 286 1549 Colonia
301 1508 348 1546 ab
367 1506 573 1559 Elagabalo
592 1506 776 1552 dedum,
806 1510 988 1547 nummos
1005 1504 1110 1560 Juliae
1126 1505 1251 1545 Paulae
1265 1506 1375 1547 uxori
1390 1505 1474 1558 ejus
1491 1504 1684 1545 dedicavit
1704 1518 1854 1545 memor
1873 1519 1881 1544 ε
1908 1505 2008 1544 illam
2029 1503 2221 1553 Herodia-

117 1575 190 1602 nus
206 1560 403 1602 foeminam
420 1561 693 1602 illustriffimam
710 1561 876 1615 appellat
894 1561 954 1602 lib.
976 1575 1009 1613 5.
1028 1568 1115 1616 pag.
1135 1564 1224 1612 568.
1256 1564 1377 1612 Hyaa‘yew
1395 1563 1568 1609 ξςγιωοιῖκω
1583 1561 1637 1597 τίω
1654 1562 1840 1609 οῑίγζμεςάτίω
1855 1566 2003 1610 Ρωμαίων·
2029 1561 2070 1596 bi>
2085 1562 2221 1600 Σεζοιςήυ

113 1619 319 1666 ammanue-
348 1615 489 1656 ‘Duxit
496 1626 682 1670 praeterea
696 1630 848 1656 uxorem
863 1615 1344 1670 illustriffimamfoeminam
1356 1616 1591 1663 Romanam,
1619 1629 1732 1671 quam
1748 1618 1864 1656 etiam
1876 1616 2086 1669 Aoi-ustam
2099 1614 2221 1669 appel-

115 1673 230 1718 lavit.
269 1672 378 1712 Idem
400 1672 584 1725 templum
607 1672 771 1712 Astartes
791 1672 829 1712 in
849 1671 1040 1727 Elagabali
1055 1671 1302 1712 Sidoniorum
1322 1672 1490 1712 nummis
1503 1672 1583 1725 jam
1601 1670 1770 1725 prodiit,
1798 1671 1898 1711 hanc
1916 1671 2042 1711 Deam
2060 1672 2098 1710 in
2114 1670 2220 1725 Syria

115 1731 156 1768 ’ὃς
172 1727 367 1768 Phoenicia
385 1728 549 1767 maxim&
572 1727 711 1767 cultam
730 1727 893 1767 diximus
911 1754 922 1773 ‚
951 1727 1059 1774 cuius
1077 1727 1264 1780 templum
1279 1727 1391 1781 Tyro
1408 1727 1612 1767 Hiramum
1628 1727 1780 1781 Regem
1799 1725 1997 1766 aedificasse
2017 1727 2219 1780 narratJo-

113 1782 254 1836 sephus
271 1797 279 1822 :
306 1797 352 1822 an
369 1783 452 1835 ejus
468 1782 611 1822 cultum
628 1782 757 1836 Tyrus
771 1796 817 1824 ex
833 1782 976 1823 Sidone
993 1780 1189 1829 habuerit,
1217 1783 1405 1822 incertum
1419 1783 1492 1828 est,
1520 1782 1610 1823 licet
1625 1781 1754 1835 Tyrus
1772 1781 1845 1821 filia
1862 1781 2014 1821 Sidonis
2030 1781 2094 1827 fit,
2123 1782 2218 1822 teste

115 1838 254 1893 Trogo
271 1838 295 1876 l.
320 1851 334 1876 1
346 1840 379 1877 8.
397 1852 426 1876 c.
452 1850 487 1890 3.
516 1837 610 1884 ’Posi
630 1837 766 1876 multos
785 1837 917 1877 deinde
933 1850 1051 1877 annos
1068 1836 1093 1876 a
1110 1837 1214 1892 Rege
1233 1837 1521 1889 Ascaloniornm
1539 1838 1747 1891 expugnati
1772 1836 1940 1883 Sidonii,
1967 1836 2133 1876 navibus
2149 1847 2216 1891 ap-

111 1893 224 1945 pulsi,
251 1893 387 1943 Tyrum
405 1889 532 1932 urbem
549 1900 639 1931 ante
658 1906 797 1931 annum
821 1893 995 1947 Trojanae
1011 1892 1132 1936 cladis
1150 1893 1409 1933 condiderant.
1450 1893 1621 1933 Vic‘loria
1647 1892 1764 1945 cippo
1787 1891 1965 1944 impolita
1981 1891 2139 1932 Astartae
2152 1906 2218 1932 co-

114 1961 251 1989 ronam
266 1948 430 2001 imponit
442 1975 453 1993 ,
482 1947 592 2000 quod
609 1947 773 1988 tutelaris
794 1947 890 1988 Deae
907 1947 1046 1988 auxilio
1066 1947 1270 1989 Phoenices
1287 1947 1405 2002 longe
1422 1948 1580 2002 lateque
1597 1947 1786 1989 Colonias
1803 1946 1969 1991 vietoriae
1987 1946 2061 1986 suae
2078 1961 2217 1991 monu-

112 2014 245 2044 menta
262 2017 330 2056 per
345 2003 461 2042 totius
477 2002 595 2042 Orbis
611 2014 736 2057 partes
752 2001 991 2052 deduxerint.
1021 2003 1168 2055 Silenus
1183 2004 1223 2044 in
1240 2016 1403 2045 nummo
1419 1997 1595 2056 ponitur,
1623 2014 1667 2043 ut
1678 2002 1768 2042 alter
1778 2002 1887 2044 Deus
1903 2002 1942 2043 in
1957 2002 2053 2057 urbe
2068 2000 2214 2050 cultus,

111 2057 180 2099 sed
204 2058 321 2113 longe
347 2057 470 2097 minor
492 2069 674 2111 tanquam
699 2058 798 2097 inter
811 2058 995 2098 Semoncs
1013 2056 1183 2111 pofitus,
1210 2059 1282 2113 qui.
1297 2058 1403 2111 parvi
1421 2058 1496 2109 Dei
1513 2058 1692 2098 videntur
1707 2057 1755 2096 ab
1774 2050 1942 2097 Horatio
1957 2056 2020 2098 lib.
2041 2071 2077 2111 3.
2099 2058 2213 2105 diffi,

111 2114 205 2154 cum
227 2113 288 2154 alii
314 2113 437 2154 seleth
461 2114 482 2152 a
505 2113 694 2153 Romanis
711 2113 894 2167 praecipui
909 2117 948 2154 ὃ(
967 2112 1192 2161 summates,
1219 2113 1289 2167 qui
1306 2112 1492 2153 haberent
1513 2113 1738 2166 ampliorem
1754 2113 2005 2168 potestatem,
2033 2112 2215 2168 appellati

110 2168 200 2210 fint.

112 2252 125 2300 ᾗ
167 2245 251 2286 Hic·
266 2259 436 2298 nummus
455 2244 609 2300 majoris
613 2238 752 2300 sormae
762 2272 773 2292 ,
802 2243 939 2286 Sidone
953 2245 1162 2294 inventus,
1189 2243 1238 2290 ὁ*
1254 2243 1278 2286 ἁ
1295 2243 1359 2287 D.
1376 2245 1535 2289 Bernier
1548 2245 1612 2301 D.
1629 2242 1784 2288 Medico
1799 2244 1989 2298 Thefiaro·
2005 2242 2127 2301 Regio
2141 2231 2210 2304 ads}

78 2338 82 2343 .
113 2299 242 2350 xditus,
269 2303 416 2342 eximiae
430 2304 606 2343 raritatis
626 2298 674 2344 ²&
690 2300 885 2356 'elegantiae
899 2299 962 2353 est.

170 2947 193 2973 c
204 2946 230 2973 o
242 2946 280 2973 L.
314 2934 431 3028 A1YR.
463 2945 484 2972 Ρ
496 2945 512 2972 1
524 2945 564 2973 A.
595 2920 632 2973 M
643 2946 667 2973 ιε
680 2945 704 2973 1·
718 2945 762 2973 R.
794 2946 813 2973 s
828 2945 843 2973 1
856 2947 894 2974 o.
923 2933 1079 2975 Colonia
1104 2932 1267 2975 Aurelia
1293 2932 1513 2988 Metropolis
1537 2932 1665 2974 Sidon.
1703 2933 1952 2976 Simulacrum
1975 2932 2143 2975 Astartes
2159 2933 2202 2975 in

223 3001 334 3028 curru
367 3002 465 3029 acro.

117 3113 120 3117 Α
159 3064 247 3119 Jam
263 3064 407 3105 sacrum
425 3065 582 3106 Astartae
597 3079 748 3106 currum
768 3066 807 3106 in
823 3066 1029 3122 Elagabalo
1048 3062 1354 3108 memoravimus.
1383 3066 1450 3107 Illa
1466 3067 1597 3108 medio
1612 3080 1774 3121 corpore
1789 3080 1878 3108 cum
1896 3065 2008 3107 radiis
2023 3066 2121 3107 circa
2136 3080 2197 3108 ca<

112 3133 183 3175 put
205 3120 443 3174 conspicitur.
488 3121 667 3173 Astarte,
694 3132 737 3163 ut
761 3121 885 3162 scribit
904 3122 1168 3176 Theophilus,
1182 3122 1424 3172 fimulacrum
1449 3123 1624 3170 Veneris,
1652 3136 1734 3177 quae
1757 3122 1946 3162 colebatur
1963 3121 1987 3161 a
2008 3120 2198 3169 Sidoniis,

110 3174 333 3230 astrifigura
352 3190 360 3214 :
386 3175 504 3229 ipsimi
520 3175 607 3216 verb
624 3176 761 3220 allrum
779 3177 956 3217 Venerem
969 3186 1133 3230 putant,
1160 3179 1304 3218 nomine
1320 3181 1486 3227 ἑωσφὸρςῷι.
1515 3177 1612 3218 Ideo
1629 3188 1743 3231 caput
1759 3177 1842 3230 ejus
1859 3176 1971 3217 radiis
1986 3176 2196 3219 circumda-

109 3242 192 3275 tum
215 3231 281 3271 est.
309 3230 477 3270 Astartes
493 3231 666 3271 meminit
687 3231 862 3271 AElianus
873 3259 887 3279 ,
915 3233 983 3286 qui
999 3246 1083 3272 eam
1102 3233 1245 3284 Syriam
1267 3233 1392 3274 Deam
1413 3233 1583 3279 vocavit,
1610 3230 1651 3272 id
1667 3231 1774 3286 quod
1790 3235 1827 3271 δε
1843 3231 2032 3272 Lucianus
2045 3231 2095 3272 de
2107 3231 2193 3276 Dea

107 3285 234 3340 Syria,
263 3287 330 3339 qui
346 3285 444 3325 hanc
460 3289 498 3324 δε
519 3286 666 3326 Lunam
684 3287 834 3326 videtur
848 3287 1067 3327 existimare.
1098 3287 1346 3329 Herodianus
1363 3289 1400 3328 in
1417 3289 1494 3329 vita
1511 3288 1575 3329 Ela
1604 3287 1701 3327 abali
1718 3286 1910 3328 Venerem
1926 3286 2025 3327 illam
2040 3287 2062 3327 ὲ
2075 3285 2193 3328 Phoe-

106 3340 201 3381 niss‘a
219 3341 376 3380 Didone
394 3340 496 3380 Afris
513 3340 715 3387 donatam,
746 3342 930 3381 Uraniam
946 3342 1094 3389 vocari,
1123 3344 1144 3383 ὲ
1162 3343 1406 3384 Phoenicibus
1425 3355 1553 3384 autem
1603 3355 1736 3388 unam,
1765 3341 1879 3382 tradit
1902 3341 1962 3381 lib.
1987 3355 2019 3392 5.
2036 3355 2074 3395 p.
2100 3348 2190 3393 569.

107 3401 214 3438 AlGue'c
227 3397 280 3445 μάζα)
296 3401 326 3434 ἔν
341 3399 438 3435 οἰυτία)
457 3402 613 3445 Οὗϋινίοω
628 3405 736 3434 nomio-1
747 3424 757 3441 ,
783 3404 903 3437 Φοίνικες
919 3401 951 3435 δὲ
968 3401 1143 3448 Αςροαίςχῖω
1160 3402 1335 3451 ὀνομάζω-ι,
1360 3402 1505 3437 modim
1520 3400 1585 3438 εἷναα
1600 3401 1739 3443 θέλοντες.
1771 3396 1991 3450 HanCAfi'l
2000 3399 2186 3440 Uraniam

106 3461 268 3499 vocant,
287 3453 490 3493 Phoenices
507 3453 756 3503 Astroarchen
766 3480 778 3500 ,
795 3453 949 3493 Lunam
962 3453 1031 3505 effe
1045 3452 1283 3504 affirmantes.
1305 3455 1394 3510 Jam
1404 3454 1541 3495 alicubi
1553 3453 1715 3493 diximus
1730 3465 1776 3492 ex
1786 3449 1998 3498 Bocharto,
2017 3452 2190 3493 Astroar,

108 3508 201 3549 ches
212 3521 355 3548 nomen
370 3509 417 3548 ab
437 3507 585 3548 Astarte
603 3508 806 3549 detortum.
839 3508 972 3549 Multis
990 3509 1125 3563 probat
1138 3509 1301 3565 Scaliger
1319 3510 1502 3550 Uraniam
1520 3508 1593 3550 effe
1610 3509 1777 3552 Lunam,
1794 3505 1844 3546 de
1859 3521 1935 3562 qua
1945 3506 2184 3560 Euthymius.

106 3566 149 3602 ’ra‘
165 3565 184 3610 ὃ
200 3567 301 3613 Κύᾱως
315 3565 448 3612 peplin,
473 3565 539 3604 ἤτοι
556 3566 673 3605 zabda
691 3570 713 3618 ιζ,
732 3566 888 3614 Αφςοδῖτη.
917 3565 1041 3604 Cubar
1060 3563 1148 3603 verb
1164 3579 1322 3620 magna,
1348 3564 1475 3605 eadem
1492 3577 1575 3619 quae
1595 3563 1710 3603 Luna
1726 3561 1773 3605 ὅ)
1792 3562 1836 3602 V
1828 3575 1926 3602 enus.
1964 3562 2184 3615 Qomodo

105 3628 216 3659 vetus
234 3621 350 3671 poeta
363 3618 614 3659 Philochorus
635 3619 674 3658 in
695 3619 854 3659 Atthide
872 3618 975 3673 apud
1006 3618 1247 3659 Macrobium
1274 3620 1393 3661 Satur.
1422 3620 1442 3658 l.
1463 3632 1496 3672 3.
1514 3633 1545 3658 c.
1568 3621 1599 3658 8.
1638 3619 1896 3658 Venerem...
1914 3619 2065 3658 eandem
2079 3615 2182 3667 affir-

106 3681 187 3713 mat
210 3672 277 3725 aeffe
304 3673 466 3713 Lunam.
503 3674 599 3715 Ideo
629 3674 794 3715 Astartes
822 3674 884 3714 seu
911 3674 1031 3714 Lunae
1057 3674 1294 3714 fimulacrum
1310 3674 1457 3715 Sidonii
1473 3672 1596 3714 forsan
1619 3672 1808 3728 signarunt
1824 3673 1862 3712 in
1882 3686 2042 3713 nummo
2058 3671 2183 3710 Paulae

40 3754 43 3758 -
107 3728 236 3771 uxoris
253 3726 444 3782 Elagabali
459 3729 586 3770 Solem
605 3730 769 3770 maxime
786 3730 1020 3776 venerantis,
1047 3741 1089 3770 ut
1103 3727 1153 3770 de
1170 3728 1253 3783 ipso
1270 3729 1518 3770 Herodianus
1534 3728 1621 3768 loco
1635 3729 1697 3769 cit.
1714 3740 1846 3769 narrat,
1876 3733 2008 3780 Αξμόζαν
2023 3733 2119 3765 τοίνυν
2133 3732 2184 3767 λέ,

108 3800 167 3841 you
184 3789 198 3821 ὅ
213 3794 374 3828 amum&
389 3788 477 3835 φάμαν
492 3789 558 3828 »falx
575 3792 599 3841 ,ᾗ
617 3789 754 3829 mlw‘nc.
782 3785 988 3839 Congruere
1004 3785 1122 3838 igitur
1139 3784 1267 3826 aiebat
1283 3786 1504 3825 Antoninos
1521 3785 1798 3840 matrimonium
1814 3784 1910 3824 Solis
1928 3783 1975 3828 dy·
1994 3784 2130 3825 Lunae.

138 3917 144 3924 ⁴
165 3859 246 3967 ῐῇι·
265 3872 433 3902 nummus
442 3865 578 3917 primae
591 3864 885 3919 magnitudinis,
912 3864 1028 3905 etiam
1043 3861 1068 3903 a*
1083 3863 1143 3904 D.
1164 3863 1321 3905 Bernier
1336 3861 1525 3915 Thesauro
1542 3862 1662 3917 Regio
1676 3862 1840 3905 donatus
1847 3889 1860 3911 ,
1886 3862 2032 3903 eximiae
2047 3855 2187 3916 raritag

108 3925 162 3957 tis
181 3929 200 3954 e
233 3946 240 3952 .

163 3970 267 4011 Yom.
295 3967 361 4014 ΙΙ
1498 3971 1545 4029 N
