2491 4219
8 1875 34 1978 3:273‘VZ
10 1821 11 1826 Α
10 1790 27 1798 ζ
15 1764 26 1776 4

17 2038 34 2103 p*-

11 2827 17 2836 «
8 2790 28 2811 ¹5
4 2618 27 2767 -ιῳξὴ
4 2550 29 2620 5⁸·-
5 2173 48 2538 &ww
17 2301 35 2364 ⁶-.„
25 2191 31 2196 ,
8 2154 32 2179 jk

8 3022 10 3026 ,
2 2940 9 2946 ι

19 3008 30 3036 ⁴¹·-
11 2816 37 2977 *JQ'„‘2⁴*-⁴⁴,Q‘r-.

699 159 1690 225 ,CARACALLA
2039 177 2235 234 ,5232

133 247 237 291 mani
253 246 393 301 Populi
410 247 608 302 peculiaris
625 256 727 293 erat,
754 243 905 285 Marius
922 243 963 283 in
979 242 1149 284 secundo
1165 241 1362 283 consulatu
1382 255 1467 284 earn
1482 242 1582 283 inter
1608 242 1681 284 alia
1707 241 1813 298 figna
1833 240 2005 285 militaria
2024 241 2242 297 dedicavit}

132 303 249 357 eique
264 304 431 357 primum
452 303 490 343 in
510 304 681 360 Legione
699 301 827 342 locum
847 299 1029 341 attribuit.

186 379 269 421 Hic
283 394 456 423 nummus
472 383 618 422 minimi
633 378 794 426 moduli,
821 392 889 419 nec
905 391 1014 418 rarus
1034 383 1102 419 nec
1118 376 1255 418 obvius
1271 376 1330 430 cst.

841 486 877 525 c
901 482 993 530 (ΛΞ
1020 481 1052 523 s
1078 482 1123 522 A
1149 482 1191 523 R
1218 482 1259 523 E
1286 481 1332 523 A
1386 475 1614 534 Palaestmae.

131 1079 194 1115 ῙΜ
207 1086 242 1112 1².
274 1070 323 1112 ivi.
356 1085 382 1111 A
398 1085 437 1111 v.
471 1084 498 1110 A
514 1084 543 1110 N
560 1085 583 1110 Τ
598 1085 623 1110 o
639 1084 669 1110 N
683 1084 697 1110 1
710 1084 741 1110 N
754 1085 781 1110 v
793 1084 825 1111 s.
858 1071 992 1127 Caput
1011 1073 1217 1124 Caracallae
1233 1075 1454 1116 laureatum.

183 1142 207 1168 c
219 1141 298 1224 obt..
328 1141 350 1166 P
361 1141 403 1167 R.
436 1138 459 1166 F
473 1142 510 1167 L.
544 1141 572 1165 A
590 1140 612 1166 v
626 1139 664 1166 G.
696 1141 719 1167 c
732 1140 759 1165 A
774 1141 796 1165 E
807 1140 835 1166 s.
867 1128 1023 1168 Colonia
1042 1129 1182 1169 Prima
1196 1129 1340 1170 Flavia
1357 1130 1532 1186 Augusta
1548 1128 1728 1183 Caesarea.
1758 1132 1938 1173 Colonus
1952 1130 2100 1176 velatus
2115 1134 2233 1192 agens

267 1196 371 1223 oves.

123 1294 126 1297 .
183 1259 356 1301 Caesarea
383 1261 472 1300 urbs
495 1259 699 1300 Palaestinae
721 1261 863 1314 prima,
893 1261 954 1302 seu
982 1263 1235 1317 Metropolis,
1264 1264 1285 1303 a
1303 1263 1538 1317 Vespasiano
1554 1264 1724 1306 Colonia
1747 1266 1914 1307 deduffi’oe
1933 1268 1998 1308 est.
2033 1268 2238 1317 Colonus,'

122 1315 305 1358 Coloniae
333 1329 379 1356 ex
405 1316 551 1356 civibus
571 1315 747 1356 conflat-:e
772 1316 985 1370 symbolum
1016 1319 1080 1357 est.
1111 1319 1195 1368 Qui
1216 1321 1308 1358 vero
1328 1320 1368 1358 in
1384 1333 1526 1359 novam
1543 1320 1752 1361 Coloniam
1777 1323 1919 1362 deduci
1935 1324 2139 1371 volebant,
2169 1325 2234 1364 sua

125 1371 231 1426 apud
249 1371 494 1411 Triumviros
514 1370 751 1411 deducendae
766 1372 944 1413 Coloniae
964 1373 1171 1414 destinatos
1188 1374 1347 1413 nomina
1366 1374 1655 1416 conscribebant
1672 1396 1683 1421 5
1712 1377 1841 1431 sicque
1859 1379 1912 1417 rei
1929 1378 2119 1418 familiaris
2136 1393 2234 1432 pon-

121 1427 217 1468 dere
243 1428 407 1482 gravati,
438 1426 485 1466 ad
514 1440 634 1466 novas
658 1427 798 1481 quibus
824 1429 1040 1482 indigerent
1071 1428 1220 1469 divitias
1244 1430 1358 1484 gratis
1385 1429 1493 1470 datas
1517 1444 1605 1470 cum
1624 1430 1764 1471 familia
1783 1432 2028 1474 accedebant.
2059 1435 2233 1474 Caesarea

125 1483 219 1522 vero
234 1485 282 1523 ab
298 1482 461 1522 Herode
480 1482 590 1536 Rege
605 1482 782 1529 condita,
812 1497 891 1524 erat
906 1483 1080 1524 ditiffima
1093 1511 1104 1531 ,
1134 1484 1304 1539 plurimis
1321 1485 1489 1525 aedificiis
1504 1485 1716 1526 admodum
1732 1487 1914 1539 superba,
1942 1488 2052 1541 cujus
2068 1488 2232 1543 descrip-

121 1538 270 1579 tionem
293 1538 394 1592 legas
411 1537 741 1591 apudJOsephum
762 1540 894 1593 Antiq.
919 1554 935 1579 1
948 1553 980 1590 5.
1000 1554 1032 1579 c.
1056 1553 1115 1593 13.
1142 1555 1259 1594 quam
1281 1541 1302 1580 a
1320 1540 1467 1594 templo
1484 1545 1522 1581 δε
1541 1541 1661 1581 statua
1679 1543 1835 1582 Caesaris
1860 1543 2070 1594 Caesaream
2090 1544 2233 1584 distam

123 1592 249 1634 refert.
279 1596 458 1638 Πεώκειντοα
484 1597 503 1641 >j
525 1596 620 1641 κύκλῳ
643 1598 663 1630 ’ἳ-
685 1596 812 1641 λιμῆίοι,
838 1599 971 1633 >reim-oh&
993 1601 1069 1634 λίθε
1091 1597 1274 1644 καιῷἶσκόῦᾔ,
1300 1604 1432 1644 σιωεχὲίς
1455 1599 1592 1639 oratiam,
1624 1600 1677 1634 κᾶν
1691 1605 1734 1646 τῷ
1747 1604 1827 1646 μέσῳ
1845 1602 1968 1639 κςλωνᾶς
1984 1618 2044 1642 τῖς,
2067 1605 2117 1648 ἐφ’
2135 1602 2153 1637 ἒ
2167 1604 2233 1640 νεῶς

124 1646 276 1693 Kaeimp&
291 1648 426 1691 daal&
441 1658 493 1685 τοῖς
506 1652 691 1688 asahelem,
718 1651 793 1695 ’έχων
808 1654 1001 1698 awannam,
1025 1651 1055 1685 «ιό
1068 1649 1122 1696 μῖξό
1141 1652 1258 1697 Ρώμης,
1281 1651 1308 1686 τὲ
1327 1654 1346 1697 ‘3⁸
1363 1653 1515 1697 Καίσαρος,
1541 1653 1588 1692 ἤτε
1608 1653 1686 1688 πόλις
1699 1654 1795 1693 ouini,
1822 1654 1973 1698 Καισάρεια,
1993 1660 2149 1700 κκλὲῐτιις,
2175 1670 2232 1689 και-

124 1705 179 1741 λῆς
193 1715 222 1735 π
237 1702 307 1742 ὕλης
323 1730 330 1741 ,
360 1706 383 1752 >33
401 1700 576 1742 καῖᾁσκώῆς
593 1709 777 1748 πτυχηκᾶα.
805 1702 957 1741 Circum
968 1710 1123 1755 portum
1141 1700 1239 1740 aedes
1255 1701 1480 1741 continuasti
1488 1702 1592 1754 sbrie
1611 1716 1789 1742 marmore
1798 1703 2013 1756 politiffi'mo
2036 1704 2234 1754 exstruffiae

112 1753 233 1807 fimt,
261 1764 419 1795 extante
435 1757 476 1794 in
489 1754 607 1794 medlo
624 1756 766 1796 tumulo
777 1783 789 1802 ,
817 1757 858 1795 in
875 1770 946 1810 quo
963 1756 1139 1809 templum
1154 1757 1189 1796 C
1188 1756 1313 1809 aesarz's
1330 1755 1353 1795 ιὶ
1369 1756 1478 1811 longi)
1493 1756 1730 1809 conspicuum
1748 1758 2099 1812 adnavigantibus,
2129 1760 2175 1802 (J
2192 1762 2235 1799 in

123 1809 332 1860 testatius,
361 1810 495 1849 Romae
510 1810 651 1856 altera,
679 1816 802 1850 altera
819 1811 979 1862 Caesam
996 1831 1009 1857 ς
1040 1810 1138 1851 unde
1156 1826 1286 1852 nomen
1304 1811 1500 1864 Caestzreae,
1530 1813 1615 1852 urbi
1631 1821 1714 1852 tam
1729 1814 1890 1853 materici
1899 1840 1911 1860 ,
1939 1814 2053 1868 qudm
2069 1815 2234 1867 artificio

109 1864 315 1916 strubffurae
339 1865 550 1918 conspicuae.
582 1866 679 1905 Haec
703 1866 913 1907 duodecim
937 1881 1127 1907 annorum
1153 1867 1275 1922 spatio
1299 1868 1353 1908 est
1378 1866 1569 1915 absoluta,
1597 1868 1712 1924 Rege
1728 1882 1802 1910 nec
1825 1869 1946 1910 labori
1963 1882 2146 1923 parcente
2163 1885 2235 1914 nec

123 1919 349 1974 sumptibus.

180 1997 260 2039 Hic
273 2012 445 2039 nummus
451 1998 630 2051 stcundae
647 2000 946 2054 magnitudinis,
967 2010 1036 2054 pro
1051 2015 1135 2042 raro
1154 1999 1359 2043 habendus.

176 2614 199 2654 'c
211 2628 237 2653 o
251 2627 288 2652 L.
321 2626 343 2652 c
358 2627 381 2651 A
395 2626 418 2650 F.
432 2625 450 2650 s
466 2624 491 2650 A
506 2624 536 2651 R
549 2625 573 2650 E
588 2624 613 2649 A
648 2622 673 2650 1>
686 2623 701 2650 1
714 2625 748 2650 B.
780 2623 801 2647 A
811 2621 834 2647 Λ
844 2621 876 2647 Φ.
907 2608 1062 2651 Co'lonia
1072 2610 1243 2664 Caestzrea
1256 2610 1399 2652 Libera
1414 2625 1504 2666 531:
1532 2611 1737 2667 Perperam
1748 2613 1853 2669 apud
1862 2614 2083 2658 Tristanum
2109 2631 2133 2659 c
2145 2631 2171 2658 o
2183 2620 2227 2670 Li

243 2683 266 2709 c
280 2683 305 2708 A
321 2681 343 2706 E
357 2682 376 2706 s
392 2682 417 2706 A
432 2681 460 2707 R
476 2682 497 2706 E
513 2681 537 2706 A
554 2680 576 2705 E
609 2679 624 2705 1
638 2680 667 2705 N
701 2679 722 2702 A
733 2679 754 2702 A
766 2677 798 2702 Φ.
837 2666 979 2706 Mulier
994 2666 1077 2706 loto
1094 2667 1250 2722 insignis
1267 2668 1423 2721 pestore
1442 2680 1552 2708 tenus
1569 2668 1607 2708 in
1627 2669 1781 2723 templo.
2217 2676 2219 2678 '

173 2747 364 2801 Quamvis
387 2745 564 2799 religiose
590 2744 802 2785 admodum
831 2744 1156 2784 observaverimus
1181 2759 1363 2786 nummos
1388 2747 1409 2786 μὶ
1432 2747 1545 2787 nobis
1571 2761 1650 2787 non
1675 2747 1865 2801 inspefios
1889 2750 1927 2791 in
1945 2749 2016 2791 hac
2032 2750 2124 2793 serie
2141 2767 2229 2798 non,

117 2804 320 2858 evulgare,
347 2802 457 2842 liceat
479 2813 606 2841 tamen
629 2800 731 2840 hunc
753 2801 773 2839 a
791 2800 969 2840 Tristano
991 2798 1196 2841 Caracallae
1217 2802 1401 2845 tributum
1420 2814 1514 2842 tom.
1528 2817 1563 2842 2.
1583 2816 1670 2858 pag.
1687 2807 1774 2844 168.
1793 2804 1833 2843 in
1843 2805 2048 2859 Tyr-onum
2065 2810 2226 2862 gratiam

117 2858 289 2914 proferre
302 2885 313 2904 ,
342 2870 385 2898 ut
401 2870 489 2910 quae
504 2856 599 2897 fides
615 2856 782 2896 nummis
800 2856 920 2895 aliena
937 2869 1052 2895 manu
1071 2856 1284 2897 transmiffis
1303 2858 1523 2898 adhibenda
1539 2858 1604 2904 fit,
1630 2859 1920 2901 demonstretur.
1957 2861 1995 2901 Si
2012 2863 2072 2902 vix
2089 2878 2226 2908 eorum

117 2914 378 2970 epigraphen,
407 2915 495 2952 cum
513 2912 572 2952 illa
593 2912 791 2965 paululum
809 2910 945 2952 detrita
963 2911 1037 2957 est,
1067 2911 1311 2966 assequantur
1331 2914 1445 2955 etiam
1468 2912 1675 2966 peritiffimi
1695 2936 1706 2961 ·‚
1734 2915 1934 2955 Tristanus
1954 2930 2156 2959 nummum
2173 2921 2225 2961 ad

118 2970 354 3011 Caracallam
371 2996 383 3015 ,
411 2968 476 3008 sed
492 2968 532 3007 P.
553 2967 779 3007 Harduinus
798 2982 873 3022 pag
898 2969 964 3018 48.
992 2967 1040 3006 ad
1058 2967 1304 3023 Elagabalum
1327 2968 1497 3021 spectare
1519 2970 1722 3010 contendit
1740 2991 1750 3016 3
1786 2970 1937 3024 plurimi
1959 2982 2085 3012 autem
2113 2976 2228 3016 Anti-4

117 3026 240 3080 quarii
266 3026 369 3066 hunc
393 3027 431 3063 &
455 3024 559 3063 illum
579 3023 856 3077 Imperatorem
875 3021 1133 3063 confundunt.
1169 3022 1367 3064 Tristanus
1390 3024 1586 3064 Letrinum
1606 3026 1814 3066 Coloniam
1835 3026 1872 3064 in
1895 3026 2043 3066 Elidem
2065 3029 2085 3068 ἐι
2105 3030 2224 3070 Cara-

115 3081 210 3122 calla
229 3079 387 3121 nomine
403 3079 616 3120 Caesaream
633 3078 837 3119 deductam
855 3078 1083 3119 hariolatur:
1110 3079 1152 3118 P.
1164 3079 1390 3119 Harduinus
1409 3094 1610 3120 nummum
1629 3081 1677 3120 ad
1692 3081 1903 3121 Caesaream
1922 3082 2224 3126 Antiochensem

114 3136 262 3177 Pisidia:
280 3148 434 3175 revocat
446 3162 457 3180 ‚
487 3140 525 3175 δε
543 3150 614 3189 pro
635 3146 814 3188 corrupta
829 3133 995 3174 Tristani
1013 3147 1110 3175 voce
1141 3149 1166 3174 E
1179 3148 1193 3174 1
1205 3148 1257 3181 N,
1286 3135 1476 3176 substituit
1505 3150 1532 3175 A
1547 3149 1577 3175 N
1592 3150 1630 3175 T.
1670 3136 1703 3175 F
1705 3138 1769 3176 ere
1787 3148 1914 3176 autem
1932 3136 2057 3176 fimilis
2075 3139 2226 3194 epigraq

112 3192 192 3247 phe
210 3192 247 3232 in
263 3191 442 3243 superiori
455 3190 539 3230 Titi
555 3204 717 3231 nummo
734 3190 902 3231 Cimelio
919 3188 1124 3231 Christinae
1140 3189 1303 3245 Regina:
1320 3217 1331 3237 ,
1361 3187 1407 3230 ad
1426 3191 1639 3231 Caesaream
1656 3191 1859 3230 Palaestinae
1877 3191 2069 3244 pertinere
2085 3193 2202 3236 docet
2209 3204 2223 3242 3

112 3249 270 3288 exhibet
289 3246 349 3286 ille
380 3260 437 3286 co
449 3260 486 3285 t..
517 3260 540 3286 c
554 3260 579 3284 A
593 3260 616 3284 E
630 3260 648 3285 s
664 3261 688 3286 A
705 3260 731 3285 R
746 3260 770 3284 E
783 3259 810 3285 A
843 3260 868 3286 L
882 3259 897 3284 1
910 3260 944 3285 B.
977 3256 1033 3282 ΑΛ
1043 3255 1074 3281 Φ.
1108 3246 1154 3300 111
1173 3247 1339 3287 nummis
1353 3246 1532 3287 Caesareae
1545 3246 1748 3287 Palaestina:
1759 3273 1769 3292 ‚
1792 3246 1888 3299 saepe
1900 3246 2050 3288 Astarte
2067 3248 2106 3290 in
2124 3262 2220 3292 tem-

111 3303 177 3359 plo
196 3302 500 3356 repraesentatur,v
529 3315 599 3341 nec
620 3301 691 3341 ulla
711 3302 748 3340 in
767 3300 941 3342 Caesarea
961 3301 1212 3342 Antiochensi
1230 3316 1320 3350 trra,
1347 3302 1424 3342 imo
1444 3303 1534 3343 vero
1554 3303 1592 3342 in
1608 3301 1720 3342 nullis
1741 3301 1888 3341 Pifidiae
1904 3305 2073 3345 nummis
2089 3320 2223 3348 occur-

110 3359 158 3401 rit
173 3386 186 3405 ,
215 3371 302 3412 quae
327 3356 508 3410 frequens
534 3356 573 3395 in
597 3357 710 3411 Syriae
728 3356 935 3410 provinciis
956 3357 1140 3411 reperitur
1156 3385 1167 3404 ‚
1196 3357 1262 3397 sed
1278 3359 1472 3406 contentio
1488 3358 1565 3404 est,
1595 3372 1643 3399 an
1664 3371 1782 3398 voces
1806 3369 1862 3395 ΑΛ
1872 3370 1904 3396 ψ.
1935 3372 2009 3413 pro
2026 3373 2098 3402 aera
2115 3365 2215 3404 acci-

109 3414 261 3470 piendae
278 3440 289 3459 ,
318 3413 379 3452 vel
399 3410 539 3451 Flavia
557 3411 807 3465 exponendae.
853 3412 932 3452 Res
949 3412 1029 3465 jam
1048 3413 1093 3452 in·
1105 3412 1203 3453 Tito
1223 3412 1411 3467 dirempta
1427 3414 1590 3454 videtur.
1631 3413 1784 3454 Litterae
1806 3414 1844 3454 in
1869 3414 1947 3454 hoc
1973 3429 2137 3459 nummo
2156 3419 2215 3460 in-

109 3469 222 3510 versae
239 3483 311 3523 pro
326 3468 365 3507 P.
384 3467 589 3508 Harduino
605 3479 752 3507 certant
764 3494 775 3512 ,
807 3470 844 3505 ὅ(
862 3480 973 3507 aerarn
994 3467 1205 3514 denotant,
1233 3467 1298 3508 sed
1316 3469 1401 3522 ipsae
1414 3471 1518 3509 reiro
1534 3468 1672 3509 ordine
1688 3469 1727 3508 in
1746 3469 1844 3517 Tito
1869 3480 1967 3508 ΦΛΑ.
1995 3486 2068 3526 pro
2085 3476 2212 3514 nomi-

109 3538 159 3564 ne
176 3524 299 3578 gentis
317 3523 465 3563 Flaviae
481 3521 714 3576 accipiendae
734 3542 746 3569 ;
773 3535 862 3562 nam
883 3522 923 3562 in
942 3521 1075 3562 iisdem
1095 3523 1262 3562 nummis
1283 3524 1304 3562 a
1321 3524 1533 3564 seinvicem
1554 3536 1632 3565 tam
1648 3525 1769 3579 longo
1785 3535 1962 3579 ternpore
1977 3530 2135 3573 remotis
2153 3543 2215 3570 ea-
2256 3563 2260 3567 ,

108 3579 199 3624 dem
217 3593 287 3619 aera
305 3578 512 3619 convenire
531 3577 667 3632 nequit
684 3597 696 3622 ·,
724 3578 978 3630 quamobrem
997 3578 1178 3618 nummus
1195 3578 1397 3618 Caracalla:
1415 3580 1435 3617 a
1453 3579 1636 3619 Tristano
1652 3579 1765 3619 datus
1777 3608 1790 3627 ‚
1818 3583 1921 3622 τεξὶὲ
1941 3583 1962 3622 a
1981 3582 2023 3622 P.
2042 3584 2213 3624 Hardui-

108 3649 161 3674 no
182 3633 385 3689 Elagabalo
405 3633 580 3674 tribuitur
593 3660 604 3679 ‚
632 3633 685 3672 ob
705 3632 867 3672 eandem
883 3631 1157 3673 Caesarenfium
1172 3633 1374 3674 Palaestina:
1389 3661 1402 3680 ‚
1430 3638 1468 3674 ὃ(
1482 3634 1762 3689 Tripolitarum
1780 3635 1989 3678 Phoenicia:
2010 3640 2050 3678 in
2069 3639 2211 3682 eodem

108 3690 235 3735 littore
256 3703 366 3729 aeram
385 3690 405 3729 a
424 3689 551 3744 primo
566 3687 849 3729 Seleucidarum
867 3703 970 3729 anno
986 3688 1247 3730 inchoantem.

163 3774 246 3872 [Ξὲε
276 3787 449 3816 nummus
464 3774 642 3827 ficundae
660 3773 802 3828 formae
821 3801 834 3823 ,
871 3773 895 3815 ιὶ
920 3774 1091 3827 Trtstano
1116 3783 1205 3816 tom.
1229 3777 1382 3832 '2..p·ag.·
1408 3779 1497 3817 168.
1526 3775 1712 3831 vulgatus
1728 3804 1740 3825 ,
1778 3780 1880 3820 inter
1912 3781 2072 3821 rariores
2102 3782 2212 3824 collo,

108 3844 179 3878 can
207 3843 264 3872 us.

1395 3973 1498 4059 1335
