2491 4219
675 158 680 164 ,
741 109 768 153 S
841 107 875 151 E
948 109 980 152 P
1051 104 1106 151 T„
1251 105 1292 149 G
1363 105 1396 148 E
1466 102 1509 148 T
1579 103 1632 147 A.
2144 116 2149 121 ·
2172 114 2202 151 ’9

114 228 116 231 .
173 176 282 217 Stobi
300 176 388 216 urbs
411 175 465 217 est
491 179 529 216 ὅ(
552 173 809 226 Municipium
835 171 1078 212 Macedoniae
1103 171 1141 209 in
1167 168 1379 223 Pclagoniae
1399 168 1555 222 regione
1574 194 1585 212 ,
1619 167 1726 219 cujus
1755 166 1975 219 frequentes
2000 118 2206 204 occurrismt

119 232 286 277 nummi,
316 231 517 283 pracsertim
538 245 624 270 cum
643 228 837 276 vietoriae
865 226 930 266 sed
950 227 1032 266 haec
1049 226 1198 265 videtur
1218 225 1293 264 efle
1313 223 1504 268 Parthica,
1533 223 1584 262 ob
1603 236 1717 274 quam
1739 221 1882 260 Getam
1900 220 2063 258 diximus
2083 219 2206 258 Caesa-

46 288 60 315 '.
120 300 201 338 rem
219 284 325 325 fuisse
348 287 620 325 renunciatum.
661 281 863 323 Stobenses
878 282 995 335 porro
1014 280 1180 320 eundem
1198 279 1377 318 Vistoriae
1397 291 1532 330 typum
1549 277 1709 321 Severo,
1732 276 1843 329 Juliae
1862 275 2045 318 Domnae,
2074 277 2110 311 ὃ(
2126 274 2204 312 Ca-

113 340 262 381 'racallae
276 340 470 386 dicarunt,
499 337 741 379 conciliandae
761 336 848 382 fibi,
878 348 921 376 ut
940 337 991 376 ait
1010 336 1083 388 Eq.
1101 335 1255 385 Patinus
1269 361 1280 379 ,
1310 334 1437 372 Severi
1454 331 1727 372 benevolentia:
1747 336 1856 369 causa
1874 349 1884 375 ;
1913 327 2000 370 nam
2021 327 2206 380 Macedo-

119 397 183 435 nia
197 395 293 435 illius
311 405 437 448 partes
454 407 586 434 contra
601 392 848 432 Pescennium
866 391 1038 444 amplexa
1056 390 1129 436 est,
1150 389 1238 428 licet
1253 389 1313 427 hic
1324 388 1500 426 Thracia*
1512 398 1656 439 partem
1670 385 1893 437 occupasset.
1934 383 2079 422 Verum
2098 378 2207 422 num-

116 452 207 490 ‘mus
223 464 301 489 non
318 449 367 488 ad
386 449 484 488 illam
501 448 695 488 vistoriam
714 446 856 499 spectat
871 473 882 492 ,
911 458 1028 500 quam
1053 444 1128 484 hoc
1154 454 1327 496 tempore
1350 442 1476 481 retulit
1495 443 1653 481 Severus
1678 441 1773 479 circa
1791 437 2085 490 Hellespontum
2103 463 2114 483 2
2144 446 2208 478 aut

114 507 208 549 *cum
228 504 453 558 Byzantium
470 504 599 557 postca
619 502 876 556 expugnavit,
905 504 993 554 quia
1010 512 1102 540 tunc
1120 499 1223 539 Geta
1243 496 1400 537 Caesaris
1417 499 1558 537 nomen
1579 494 1758 535 nondum
1778 494 1938 547 adeptus
1955 503 2044 533 erat,

173 581 256 622 Hic
275 595 444 623 nummus
463 581 654 621 mediocris
661 578 801 633 formae
812 606 825 626 ‚
852 580 952 619 inter
970 591 1074 618 raros
1091 583 1316 620 numeratur.

117 647 135 664 ’ἒ
170 650 172 652 “
1242 651 1251 654 -

119 1124 260 1172 supr.
287 1121 433 1162 ὀε-[Α
467 1135 611 1162 emas.
646 1134 797 1161 PoNT.
837 1121 972 1174 Caput
990 1109 1103 1160 Getae
1122 1108 1353 1159 finelaureai
2125 1155 2128 1158 ,

169 1193 208 1220 Μ
220 1192 247 1218 v
259 1191 290 1218 N
302 1191 317 1218 1
328 1193 350 1218 c
363 1192 377 1216 1
391 1192 423 1216 Ρ.
455 1191 473 1215 s
489 1191 512 1215 T
525 1191 551 1216 o
564 1191 586 1216 Β
599 1191 620 1215 E
635 1190 662 1216 N
679 1191 697 1215 s
710 1191 724 1215 1
738 1190 765 1215 v
777 1190 825 1216 M.
855 1177 1113 1229 Municipium
1130 1173 1369 1225 Stobenfium.
1409 1173 1504 1213 Duo
1525 1171 1652 1212 Fluvii
1669 1170 1966 1215 decumbentes,
1983 1170 2152 1222 quorum
2168 1164 2217 1206 al<

140 1284 143 1287 ι
190 1288 199 1300 ·
226 1245 284 1274 ter
302 1233 496 1278 barbatus,
524 1233 616 1272 alter
630 1232 831 1277 imberbis,
860 1231 982 1287 figura
1003 1231 1152 1272 militari
1168 1230 1300 1270 habitu
1318 1229 1450 1270 ornata
1459 1255 1472 1274 ,
1500 1228 1619 1268 stante
1634 1226 1870 1267 intermedia.

171 1312 276 1353 Geta
298 1311 374 1352 hoc
398 1313 436 1350 in
460 1323 621 1350 nummo
646 1310 825 1350 Pontifex
850 1309 1117 1354 renunciatur,
1145 1323 1193 1349 an
1211 1308 1249 1347 in
1269 1307 1358 1347 loco
1378 1306 1570 1346 demortui
1589 1305 1786 1362 cujusdam
1804 1303 1997 1345 Pontificis
2014 1303 2219 1356 inaugura-

88 1386 94 1392 ·
115 1364 180 1416 ius
197 1395 209 1414 ‚
238 1381 285 1407 an
300 1367 407 1420 supra
426 1370 628 1405 numerum
649 1378 855 1419 cooptatus
870 1392 882 1412 ‚
910 1366 1193 1418 incompertum
1210 1363 1275 1403 est.
1320 1362 1516 1402 Caracalla
1536 1361 1619 1414 ejus
1637 1361 1771 1407 frater,
1798 1358 1977 1400 Pontifex
1996 1359 2036 1397 in
2052 1356 2221 1397 nummis

116 1423 230 1471 etiam
251 1422 373 1462 diffisus
393 1422 446 1462 est
464 1437 471 1460 :
501 1421 565 1461 sed
586 1421 647 1460 hic
665 1421 764 1461 solus
781 1432 889 1476 patre
905 1420 1062 1461 mortuo
1080 1417 1231 1459 videtur
1247 1432 1293 1458 ex
1309 1418 1476 1457 nummis
1495 1416 1604 1458 fuiss'e
1620 1416 1799 1456 Pontifex
1814 1415 2024 1455 Maximus.
2054 1411 2220 1464 Aliquos

117 1478 277 1532 quidem
294 1478 405 1518 Get-:e
423 1490 603 1516 nummos
622 1477 660 1516 in
678 1477 740 1516 lib.
758 1477 807 1517 de
825 1476 1018 1516 Praestant.
1038 1474 1161 1515 Num.
1180 1487 1268 1514 cum
1287 1472 1400 1513 titulo
1427 1487 1460 1512 P.
1481 1486 1530 1513 M.
1552 1472 1780 1526 protulimus
1799 1490 1810 1517 ·‚
1837 1470 1902 1511 sed
1921 1469 2054 1523 majori
2074 1466 2221 1507 adhibi·
2268 1485 2275 1493 -

116 1535 157 1582 εὲῑ
179 1533 374 1589 diligentia
397 1532 631 1587 epigraphen
658 1534 758 1585 nova
783 1546 898 1572 manu
920 1531 1138 1585 inscriptam
1159 1529 1498 1584 deprehendimus.
1538 1528 1721 1580 Balbinus
1739 1531 1777 1578 &
1795 1526 1990 1581 Pupienus
2007 1523 2120 1579 primi
2140 1533 2223 1563 tan·
2265 1524 2277 1536 ⁶

116 1590 200 1644 tum
217 1588 324 1628 simul
341 1588 444 1641 apud
462 1588 725 1640 Capitolinum
741 1587 948 1628 Pontifices
963 1586 1131 1627 Maximi
1150 1585 1329 1641 leguntur
1345 1586 1366 1625 a
1383 1584 1525 1626 Senatu
1542 1583 1730 1639 appellati.
1769 1583 1863 1623 Duo
1875 1581 2001 1622 Fluvii
2013 1581 2222 1622 Stoborum

118 1634 231 1692 {itum
249 1643 418 1683 indicant
433 1671 446 1690 ,
475 1643 522 1682 ad
543 1657 710 1696 quorum
731 1643 1007 1684 confluentiam
1030 1642 1186 1682 condita
1214 1641 1303 1681 urbs
1327 1641 1504 1681 videtur:
1530 1640 1623 1681 alter
1640 1640 1851 1680 fluviorum
1874 1638 2019 1692 Erigon
2039 1646 2222 1680 vocatus,

77 1729 81 1733 -
115 1699 208 1744 alter
227 1699 427 1738 Rhoedias.
467 1698 609 1752 Erigon
627 1710 755 1739 autem
772 1700 891 1739 oritur
911 1700 949 1738 in
968 1698 1123 1738 Paeonia
1139 1697 1250 1752 supra
1268 1697 1494 1744 Debmum,
1523 1695 1665 1737 deinde
1682 1707 1844 1752 augetur
1857 1692 2030 1735 Rhoedia
2042 1719 2054 1739 ,
2080 1691 2106 1732 fi
2120 1691 2221 1731 Bau-

117 1753 268 1799 drando
285 1753 378 1793 fides
397 1769 405 1792 :
433 1752 523 1813 ideo
539 1754 602 1792 hic
623 1754 728 1814 quasi
752 1754 848 1794 filius
869 1755 908 1792 in
931 1754 1039 1794 illum
1055 1753 1232 1794 defluens
1248 1780 1261 1800 ,
1288 1752 1468 1793 imberbis
1486 1752 1717 1807 depingitur.
1754 1751 1897 1807 Figura
1913 1747 2094 1804 paludata
2111 1745 2217 1800 videf

119 1820 182 1856 tur
197 1809 271 1850 effe
288 1809 399 1849 Getae
412 1835 423 1854 ,
451 1822 512 1847 cui
528 1822 722 1861 provincia
738 1809 777 1849 se
793 1809 970 1849 devovet.

172 1886 254 1928 Hic
272 1897 442 1928 nummus
450 1885 628 1938 ficundle
646 1886 943 1943 magnitudinis,
971 1885 1174 1938 rariffi'mus
1190 1883 1237 1930 ἐν
1244 1885 1568 1941 praestanttffimus
1584 1883 1645 1938 est

954 1990 996 2032 T
1044 1990 1087 2032 R
1142 1991 1180 2031 O
1235 1989 1282 2031 A
1333 1989 1373 2031 S,

118 2525 183 2579 'ni
195 2544 227 2571 Ρ.
259 2545 282 2579 c
295 2545 322 2570 A
334 2545 369 2570 E.
400 2544 434 2569 P.
466 2544 484 2570 s
498 2545 532 2570 E.
564 2544 591 2570 G
603 2544 626 2570 E
639 2544 663 2570 T
679 2543 718 2568 A.
749 2529 882 2584 Caput
898 2529 1012 2571 Getae
1027 2518 1247 2572 laureatum.

173 2601 196 2627 c
208 2599 307 2681 orph]
310 2597 379 2680 31³¹(
391 2599 443 2680 de
460 2599 491 2681 'Tt
498 2599 528 2625 a
540 2599 566 2624 ο
581 2599 623 2624 A.
662 2584 817 2625 Colonia
832 2585 1006 2639 Augusta
1021 2585 1248 2638 Troadensts.
1292 2583 1439 2640 Apollo
1457 2584 1586 2627 nudus
1601 2611 1614 2633 ‚
1642 2586 1746 2640 pede
1765 2586 1856 2629 saxo
1877 2587 2060 2644 impofito
2075 2617 2089 2638 ,
2117 2592 2210 2635 lauri

394 2655 421 2695 g
444 2655 474 2680 rl
494 2672 502 2680 .

108 2759 112 2763 ,
169 2718 296 2759 Troas
321 2719 409 2759 urbs
434 2718 608 2775 Phrygiae
635 2718 792 2759 minoris
818 2733 999 2761 nummos
1018 2720 1132 2760 Getae
1150 2746 1164 2766 ,
1190 2720 1280 2760 cum
1300 2719 1361 2760 ille
1378 2719 1589 2774 Imperium
1608 2720 1724 2775 patris
1743 2721 1971 2766 testamento
1988 2737 2076 2766 cum
2099 2725 2214 2771 fratre

116 2774 308 2820 Caracalla
327 2774 494 2816 obtinuit
507 2802 520 2821 ‚
546 2774 736 2830 gratulans
759 2774 977 2816 dedicavit:
1003 2775 1103 2816 hanc
1125 2774 1333 2829 Dionysius
1352 2775 1450 2816 Afer
1471 2775 1658 2831 infignem
1681 2778 1816 2819 urbem
1838 2791 2012 2822 veterum
2031 2780 2211 2825 Heroum

115 2830 281 2885 appellat
296 2856 308 2876 ‚
336 2843 455 2884 quam
478 2829 712 2883 Neptunum
737 2834 775 2870 &
800 2831 1024 2883 Apollinem
1048 2830 1261 2873 condidisse
1277 2858 1290 2878 ‚
1318 2831 1563 2887 eandemque
1583 2834 1604 2874 εὶ
1622 2832 1782 2887 Junone
1807 2838 1847 2875 &
1864 2836 1886 2876 a
1903 2836 2079 2879 Minerva
2103 2853 2212 2880 ever-

67 2920 70 2925 .
116 2888 194 2935 sam
209 2896 354 2933 narrat:
382 2885 474 2926 ideo
491 2885 708 2926 Eustathius
725 2885 811 2926 Afri
827 2887 1144 2934 Commentator‚
1159 2887 1220 2928 ait.
1249 2887 1393 2943 ‘Dzjgna
1412 2888 1462 2940 est
1479 2897 1524 2929 ut
1540 2888 1770 2943 deploretur,
1783 2900 1935 2946 propter
1951 2908 1996 2941 ea
2013 2895 2210 2950 quaepaffic

114 2929 188 3004 ‘'st„
211 2939 288 3015 §ed
305 2939 472 3009 Colonia
488 2935 585 2980 safra
603 2941 768 2996 priorem
786 2941 1028 2997 splendorem
1047 2940 1284 2998 recuperasse
1301 2943 1455 2994 videtur
1470 2971 1483 2991 ‚
1513 2945 1606 2986 teste
1621 2945 1809 2988 Strabone
1823 2962 1906 3004 cap.
1929 2963 1988 3003 13.
2011 2964 2096 3005 pag.
2120 2964 2208 3005 594.

116 3003 186 3042 Nm>
203 3007 220 3045 ᾗ
236 3014 284 3045 ³194
299 3006 435 3046 swpaswv
446 3002 588 3049 §masaa
602 3000 735 3046 ὃέδεκπᾳ
746 3026 756 3042 ,
782 3005 807 3052 ‚3
825 3001 864 3039 ἕςι
879 3006 906 3038 ⁶22
923 3006 1095 3050 {moyseum
1111 3002 1228 3041 πόλεων.
1268 2997 1390 3040 Nunc
1411 3001 1528 3041 etiam
1552 3001 1807 3043 Romanorum
1827 3005 2015 3045 Coloniam
2037 3009 2186 3060 excepit
2192 3013 2208 3056 ,⁴

54 3087 74 3119 '.
115 3050 164 3101 όν
179 3051 229 3103 est
242 3051 319 3112 una
332 3051 381 3113 u'e
399 3052 548 3114 urbibus
564 3053 758 3094 nobilibus.
798 3054 862 3116 De
878 3055 1060 3116 Apolline
1074 3054 1154 3117 hoc
1171 3055 1468 3117 mod-otdepisto
1478 3083 1491 3102 ,
1518 3056 1558 3096 in
1575 3057 1803 3099 Commodo
1814 3087 1826 3106 ,
1853 3060 2051 3114 Crispina,
2078 3064 2118 3101 &
2129 3063 2209 3104 Ca-

112 3106 246 3151 racalla
263 3106 425 3147 diximus
441 3123 449 3147 ε
475 3108 536 3149 ille
560 3107 703 3162 pedem
728 3108 818 3150 saxo
837 3119 1028 3164 imponit,¹
1055 3111 1176 3164 qualis
1192 3120 1370 3151 vatlcmla
1386 3111 1572 3153 reddebat
1587 3139 1600 3159 ,
1628 3124 1671 3154 ut
1685 3113 1883 3156 Pausanias
1899 3115 2064 3169 Delphis
2079 3121 2204 3161 nartat‘

112 3160 354 3224 Herophilen
371 3162 453 3225 ejus
467 3163 711 3205 Sacerdotem
728 3164 880 3205 oracula
896 3165 1065 3205 edidiffe.
1094 3168 1148 3206 Kal
1163 3173 1189 3205 ἐς
1205 3170 1346 3211 Δελφές,
1360 3170 1437 3205 ὁπότε
1452 3170 1472 3216 {5
1486 3174 1638 3216 οἰφίιιςιπ,
1655 3177 1701 3208 ἐπὶ
1714 3174 1824 3211 mmm
1839 3171 1954 3220 ἱςαμὶἰύη
1969 3176 1997 3212 ¹1³
2012 3177 2121 3218 πέψις
2135 3174 2200 3218 {ee-

111 3218 177 3285 Ac
193 3216 362 3279 Qelphzs
377 3217 522 3272 qutdem
533 3245 546 3266 ‚
571 3218 617 3258 de
634 3232 705 3274 quo
724 3219 894 3260 diximus
905 3247 918 3267 ‚
938 3219 1038 3270 fuxo
1054 3222 1247 3261 vaticinia
1262 3221 1490 3274 edebatsua.
2134 3216 2141 3225 ’

162 3302 245 3349 Hic
260 3304 430 3344 nummus
436 3302 598 3356 ficundi
616 3302 663 3350 &¹
679 3305 825 3348 minimi
840 3305 1003 3354 moduli,
1021 3316 1094 3362 pro
1113 3322 1196 3349 raro
1211 3306 1414 3350 habendus.

125 3914 128 3918 “
167 3898 272 3963 nm.
298 3898 366 3962 112-
1389 3900 1435 3980 H
1463 3918 1486 3965 ι’
