2574 4214
294 151 383 188 180
862 143 1848 196 M.‘AURELIUS.

291 208 497 249 mendatio
516 208 586 248 illis
603 209 754 251 videtur
774 211 934 257 tributa,
963 223 1029 252 aut
1045 213 1094 252 ab
1110 212 1199 266 ipsis
1221 212 1405 267 Augustis
1421 213 1481 254 M.
1503 214 1663 254 Aurelio
1679 213 1716 253 ὃ(
1733 213 1775 253 L.
1793 212 1924 259 Vero,
1953 212 2013 253 vel
2029 212 2078 252 ab
2096 211 2194 267 Imp.
2208 212 2398 261 Nerone,

292 264 360 304 sub
387 278 468 317 quo
495 278 604 304 aeram
633 265 871 307 dinumerare
900 281 1123 320 coeperunt,
1150 268 1239 307 cnm
1257 269 1435 310 videlicet
1451 270 1547 309 inter
1569 269 1772 309 Romanos
1788 267 1960 308 recenfiti
1978 268 2084 314 sunt,
2114 271 2153 308 &
2174 267 2398 324 Vologaeses

291 320 496 359 amicitiam
523 334 608 359 cum
635 320 694 359 his
716 321 1008 376 redintegravit,
1038 334 1080 362 ut
1105 323 1230 362 innuit
1253 323 1415 363 Tacitus
1443 324 1492 364 de
1515 324 1692 364 Tiridate
1717 323 1801 376 ejus
1827 322 1940 364 fratre
1964 323 2130 377 loquens
2161 323 2308 364 Histor.
2331 338 2394 378 13.

291 374 557 429 Mittebatque
582 376 788 422 Oratores,
817 381 882 432 qm'
896 377 970 429 suo
999 377 1310 432 Parthorumque
1335 381 1482 418 nomine
1506 378 1800 432 expostularent,
1830 392 1896 418 cur
1918 379 2024 418 datis
2051 389 2166 432 nuper
2190 376 2397 428 obfidibus,

290 429 549 484 redintegrata*
573 431 767 477 amicum,
795 446 876 487 quae
899 434 1010 472 novis
1037 445 1179 486 quoqne
1211 431 1398 484 beneficiis
1422 433 1542 473 locum
1563 436 1730 487 aperiret.
1767 433 1905 488 Itaque
1920 433 1948 473 fi
1963 433 2054 473 anni
2074 447 2162 473 101.
2181 434 2231 473 ad
2251 448 2395 474 annum

292 485 348 525 U.
378 485 427 524 C.
450 488 538 533 809.
559 499 640 537 quo
661 485 879 541 Vologaeses
896 487 1016 527 vinus
1034 488 1054 526 a
1073 486 1299 526 Corbulone
1318 487 1470 528 obfides
1488 488 1665 535 tradidit,
1694 489 1946 539 adjiciantur,
1975 503 2119 528 annum
2141 489 2281 529 Romae
2303 504 2394 539 919.

291 553 374 593 quo
393 540 559 580 Colonia
576 540 740 581 dcdusta
756 543 829 588 est,
859 541 1074 582 conficient.
1133 541 1323 581 Carrheni
1340 556 1428 582 cum
1447 542 1626 582 Coloniae
1644 543 1848 598 dignitate,
1877 544 2084 598 provinciae
2102 543 2397 598 Mesopotamiae

290 596 496 649 primatum
515 597 698 649 accepisse
715 598 914 643 videntur,
944 601 980 635 ὃς
1003 597 1040 635 se
1061 596 1335 650 Metropolitas
1356 598 1501 651 primos
1520 598 1726 638 inscribunt
1746 626 1756 644 ,
1795 611 1946 641 retento
1965 600 2106 639 Graeco
2125 600 2310 640 idiomate
2332 600 2398 641 seu

290 652 343 690 ob
366 652 523 703 longum
540 652 642 691 urbis
664 653 870 699 recessum,
901 653 997 693 utin
1018 652 1077 692 his
1098 652 1277 692 traffibus
1299 652 1497 707 plerasque
1517 654 1705 694 Colonias
1721 654 1983 700 observamus,
2011 654 2075 695 seu
2098 654 2208 708 quod
2232 655 2399 696 Colonia

289 706 351 760 jus
376 705 549 745 Italicum
578 721 657 746 non
683 708 866 748 habuerit.
923 708 1057 761 Caput
1085 707 1123 748 in
1153 707 1361 749 Crescente
1378 708 1488 748 Luna
1517 708 1624 749 Deus
1642 710 1772 749 Lunus
1789 711 1863 756 est,
1893 710 2051 750 Carrhis
2069 711 2234 751 maxime
2252 711 2396 759 cultus,

289 762 400 813 cujus
417 761 590 802 meminit
607 763 827 817 Spartianus
845 764 883 803 in
901 762 1096 803 Caracalla
1117 778 1125 803 :
1154 766 1287 819 Atque
1302 763 1390 804 inde
1405 763 1576 804 Carrhas
1593 765 1701 805 Luni
1717 765 1946 821 ‘Deigratici
1964 765 2132 818 ven{ffc>t.

345 838 427 878 Hic
447 841 660 882 nummulus
675 843 775 882 inter
789 840 987 893 rartffi'mos
1004 841 1250 882 collocandus.

1026 936 1632 982 -CORINTHU31

294 1507 343 1535 Μ.
377 1509 401 1534 A
418 1509 444 1534 v
456 1508 499 1535 R.
533 1507 561 1533 A
575 1506 606 1533 N
619 1507 643 1534 τ
657 1508 682 1534 o
695 1507 726 1534 Ν
738 1508 754 1534 1
767 1508 794 1534 N
809 1508 835 1534 v
850 1508 868 1533 s
904 1506 930 1534 A
946 1507 973 1534 v
986 1509 1026 1535 G.
1056 1495 1191 1550 Caput
1211 1496 1269 1536 M.
1287 1495 1433 1537 Aurelii
1445 1495 1665 1536 laureatum.

349 1565 382 1590 c.
416 1565 450 1590 L.
488 1563 515 1588 1.
547 1565 569 1589 c
582 1564 607 1588 0
621 1564 661 1590 R.
692 1550 849 1590 Calama
866 1550 974 1589 Laus
983 1549 1100 1601 Julia
1113 1551 1329 1592 Corinthus.
1370 1551 1585 1607 Neptunus
1601 1552 1701 1592 stans
1717 1549 1938 1592 seminudus
1952 1564 2041 1593 cum
2059 1550 2253 1607 strophio,
2273 1551 2407 1594 dextra

406 1605 660 1659 delphinum,
693 1605 833 1646 finistra
858 1605 1076 1646 tridentem.
2197 1608 2199 1611 ’

349 1684 567 1724 Corinthus
584 1684 771 1738 plurimos
787 1684 946 1738 quidem
969 1684 1027 1724 M.
1047 1684 1204 1724 Aurelio
1221 1687 1260 1723 &
1274 1684 1319 1725 L.
1334 1684 1444 1726 Vero
1466 1697 1648 1725 nummos
1668 1684 1845 1739 percussit
1860 1713 1871 1732 ,
1900 1686 1990 1726 cum
2008 1696 2171 1740 uterque
2189 1684 2407 1740 Imperator

292 1740 335 1780 in
353 1753 489 1780 corum
507 1740 640 1779 urbem
658 1738 836 1786 veniss'et,
867 1739 994 1780 Verus
1009 1739 1170 1793 quidem
1188 1740 1277 1779 curn
1296 1740 1346 1780 ad
1368 1740 1508 1780 bellum
1525 1741 1743 1781 Parthicum
1763 1740 2063 1796 proficisceretur
2078 1769 2090 1788 ,
2122 1741 2298 1782 Aurelius
2314 1743 2410 1783 vero

295 1798 386 1836 etim
405 1810 451 1837 ex
468 1795 603 1834 eadem
623 1795 820 1848 provincia
844 1795 893 1834 ad
913 1795 1197 1846 reprimendam
1220 1795 1352 1836 Avidii
1367 1794 1484 1836 Caffii
1502 1796 1751 1837 rebellionem
1771 1796 1921 1838 rediret.
1962 1797 2177 1849 Neptunus
2194 1808 2236 1838 ut
2251 1797 2412 1838 Tutela*

294 1851 344 1892 ris
358 1850 652 1891 Corinthiorum
671 1851 776 1890 Deus
791 1850 829 1889 in
848 1850 1015 1890 nummis
1030 1864 1166 1891 eorum
1185 1851 1357 1898 caelatur,
1385 1867 1446 1893 cui
1465 1851 1629 1893 Isthmus
1645 1864 1726 1892 erat
1740 1851 1862 1898 sacer,
1894 1864 1936 1892 ut
1952 1851 2066 1893 tradit
2083 1848 2282 1892 Pausanias
2296 1852 2358 1893 lib.
2371 1867 2409 1894 2.

294 1921 336 1962 p.
350 1910 413 1947 86.
444 1910 497 1944 Am*
511 1907 565 1954 μῼὸ
579 1909 654 1943 rin
670 1913 789 1954 λέγων
804 1907 870 1946 ἕνα
890 1910 909 1942 4
928 1909 1028 1955 ιοθμὲν
1045 1912 1252 1953 Ποσειδῶνςῷυ.
1282 1907 1351 1947 Ex
1364 1921 1403 1947 eo
1416 1907 1597 1959 Isthmum
1607 1907 1784 1961 Neptuni
1790 1906 1909 1960 fuisse
1921 1916 2094 1946 narrant.
2124 1906 2246 1947 Unde
2259 1907 2412 1950 videtur

295 1962 403 2017 apud
430 1962 599 2003 eundem
623 1963 862 2003 Historicum
880 1977 919 2016 p.
946 1976 1030 2002 102.
1051 1962 1178 2003 dietus
1196 1962 1385 2014 Isthmius.
1446 1965 1534 2000 Μεπὲ
1557 1966 1590 2000 δὲ
1612 1967 1719 2011 Aey‘rs
1739 1967 1822 2011 ἡρῶον
1841 1990 1850 2005 ,
1876 1965 1915 2003 ἕςι
1929 1962 1983 2010 μᾶζὰ
2000 1967 2154 2000 Ποσειδᾶνι
2172 1968 2276 2013 lepte?
2293 1966 2410 2012 βωμός,

300 2018 398 2069 Post
409 2020 529 2058 Arati
546 2027 825 2058 monumentum
841 2032 910 2058 ara
926 2018 975 2067 esi
992 2017 1148 2070 Isthmio
1162 2017 1347 2075 Neptuno
1362 2018 1504 2061 dicata.
1532 2019 1598 2061 De
1613 2017 1800 2077 delphino
1816 2017 1887 2074 ipsi
1903 2018 2125 2061 consecrato
2130 2032 2221 2073 pag.
2239 2032 2255 2060 1
2266 2033 2299 2062 1.
2313 2018 2414 2063 &de

296 2074 382 2129 ejus
401 2073 567 2115 tridente
586 2088 674 2130 pag.
701 2079 788 2125 146.
810 2073 900 2113 vide
917 2088 1005 2128 quae
1022 2073 1202 2116 diximus.

351 2152 437 2197 Hic
452 2166 627 2195 nummus
640 2153 791 2194 minimi
803 2150 947 2193 moduli
960 2151 1095 2193 obvius
1109 2151 1172 2203 cst.

302 2704 340 2732 c.
371 2704 408 2731 L.
440 2701 470 2728 1.
503 2702 564 2729 co
581 2702 625 2728 R.
661 2685 819 2728 Colonia
844 2682 954 2726 Laus
973 2683 1091 2738 Julia
1110 2683 1329 2725 Corinthus.
1368 2683 1584 2738 Neptunus
1606 2693 1696 2725 ante
1719 2694 1823 2724 aram
1839 2709 1853 2732 ,
1880 2681 2013 2726 dextra
2037 2683 2264 2740 delphinum
2281 2711 2294 2732 ,
2321 2684 2414 2727 laeva

415 2744 634 2785 tridentem.

356 2821 404 2864 In
430 2822 611 2876 superiori
637 2835 800 2862 nummo
825 2819 1040 2873 Neptunus
1060 2817 1157 2866 stat,
1185 2816 1225 2857 in
1247 2815 1325 2858 hoc
1341 2819 1437 2858 vero
1452 2816 1559 2859 sedet
1572 2844 1586 2865 ,
1612 2817 1746 2859 dextra
1762 2816 1989 2872 delphinum
2006 2844 2019 2865 ‚
2049 2816 2190 2859 finistra
2207 2818 2416 2860 tridentem

303 2880 345 2921 in
363 2891 532 2932 utroque
546 2877 653 2931 gerit.
685 2877 779 2916 Duo
796 2877 831 2916 ei
848 2875 992 2928 templa
1008 2874 1193 2913 exstruela
1210 2885 1336 2913 narrat
1356 2872 1555 2913 Pausanias
1570 2873 1633 2914 lib.
1650 2887 1682 2913 2.
1702 2886 1822 2913 unum
1839 2875 1880 2934 in
1894 2874 2063 2934 Isthmo,
2081 2873 2132 2914 de
2148 2887 2230 2928 quo
2247 2887 2334 2928 pag.
2347 2876 2415 2916 86.
2435 2917 2441 2922 ,

304 2939 424 2980 emim
446 2939 479 2971 δὲ
503 2941 529 2974 ἐς
551 2936 570 2975 Ξ
594 2938 647 2979 9εὲ
669 2935 699 2970 «ὲ
722 2934 801 2982 ἱερόν.
839 2930 937 2987 Qd
955 2929 1009 2969 ad
1022 2928 1143 2983 ipsum
1162 2927 1400 2981 Deifanum
1415 2927 1546 2968 aditus
1560 2928 1621 2982 est.
1658 2927 1834 2969 Alterum
1857 2942 1897 2968 m
1916 2928 2038 2969 navali
2053 2928 2220 2970 Lechaeo
2239 2943 2326 2985 pag.
2349 2931 2416 2972 88.

305 2992 447 3033 smnus
463 3022 472 3030 ’
890 3040 1022 3079 Curva
1039 3037 1276 3077 Palaemonio
1291 3035 1500 3088 sbcluditur
1519 3037 1621 3079 unda
1640 3037 1814 3079 Lechaeo.

311 3112 359 3145 εςτ
377 3106 396 3153 3
414 3110 445 3142 ὲν
463 3107 587 3150 Λεγοιίω
605 3101 658 3148 μὴ)
674 3103 867 3142 nondam&
881 3099 948 3145 repar
965 3096 1012 3143 μὶ,
1027 3097 1158 3144 ohaam
1172 3101 1306 3142 χαλκῐν.
1343 3093 1394 3133 In
1422 3093 1583 3134 Lechaeo
1608 3092 1786 3148 Neptuni
1809 3092 1986 3148 templum
2007 3093 2056 3146 cst
2078 3108 2162 3135 cum
2176 3093 2283 3149 figno
2301 3096 2416 3136 aeneo.

313 3162 379 3199 An
404 3140 552 3214 signum
573 3141 616 3196 ⁴in
640 3170 721 3195 uno
745 3154 880 3194 sedens
902 3150 1016 3191 fuerit
1031 3176 1042 3195 ‚
1071 3164 1121 3189 an
1147 3150 1185 3189 in
1210 3149 1330 3190 altero
1355 3149 1454 3190 stans
1472 3176 1483 3196 ‚
1512 3163 1562 3190 an
1576 3150 1671 3190 vero
1695 3163 1743 3189 ex
1764 3149 1835 3190 illis
1851 3149 2005 3190 duobus
2028 3148 2140 3204 signis
2157 3177 2170 3197 ‚
2197 3164 2283 3204 quse
2299 3149 2414 3192 refert

314 3214 418 3254 idem
437 3213 636 3253 Pausanias
654 3226 688 3266 p.
707 3213 770 3261 87.
791 3209 830 3248 in
847 3207 970 3247 antica
985 3206 1121 3260 prioris
1139 3205 1272 3260 templi
1292 3216 1399 3260 parte
1416 3205 1548 3259 positis
1564 3232 1576 3253 ,
1605 3205 1766 3246 alterum
1785 3205 1924 3246 steterit
1941 3232 1953 3252 ,
1981 3204 2139 3246 alterum
2155 3207 2250 3246 vero
2265 3205 2414 3247 sederit.

313 3274 371 3309 Kal
385 3272 554 3318 οεμελμαπέ
569 3277 621 3309 em
638 3275 668 3306 εν
683 3275 725 3316 τῷ
740 3272 867 3312 wion?
881 3267 932 3301 δύο
948 3263 999 3311 μὲἰιὶ
1016 3267 1218 3307 Ποσκδῶνθ.
1248 3261 1299 3301 In
1316 3262 1447 3301 antica
1464 3262 1545 3310 ejus
1556 3269 1670 3315 parte
1682 3260 1886 3316 (Pronaon
1896 3259 2106 3316 appellant)
2123 3260 2299 3316 Neptuni
2308 3259 2416 3316 figna

315 3325 398 3366 duo.
428 3326 502 3366 Vel
521 3327 588 3366 illae
606 3324 787 3380 Neptuni
804 3321 986 3376 imagines
1003 3318 1053 3360 ad
1068 3316 1261 3373 scalptotis
1274 3316 1424 3357 libitum
1443 3315 1578 3359 effistae
1593 3315 1690 3357 sunt.

374 3402 459 3444 Hic
474 3417 646 3445 nummus
662 3404 826 3445 minimae
834 3399 975 3455 formae
991 3412 1059 3441 nec
1071 3410 1183 3438 rarus
1200 3409 1269 3438 nec
1286 3395 1420 3439 obvius
1437 3393 1498 3448 cst.
