2491 4219
832 132 1560 184 VAL'ERIANUS.
2141 156 2238 201 231¹

190 750 300 777 SAc.
331 752 441 779 cAP.
473 752 586 779 one.
616 751 713 778 1sE.
755 737 910 779 Sacrum
936 737 1190 792 Capitolinum
1218 739 1507 781 Oecumenicum
1536 740 1779 793 Iselasticum.
1823 743 1922 784 Duae
1953 740 2081 796 figurae
2108 739 2234 781 viriles

243 807 331 834 cum
350 794 464 860 pallio
480 794 612 834 sedent
629 793 892 889 sibidcoronam
909 795 1174 849 imponentes,
1207 800 1245 836 &
1262 795 1407 837 discum
1422 797 1459 837 in
1477 811 1559 852 quo
1575 797 1656 838 duo
1672 797 1885 852 palmarum
1904 800 2020 844 rami,
2048 797 2232 838 sustinen-

243 860 323 896 tes,
350 864 412 890 ara
428 862 527 890 inter
543 862 610 889 eos
626 862 689 889 me
721 864 765 888 ia.

185 924 392 968 Certamen
413 927 517 966 idern
535 927 709 974 Sacrum,
740 927 1027 981 Capitolinum,
1055 929 1383 978 Oecumenicum,
1411 934 1449 970 ὃ(
1465 931 1691 972 Iselasticum
1708 926 1910 986 Heliopoli
1927 931 2157 973 celebratum
2173 932 2231 975 in-

131 979 234 1022 dicat
249 982 312 1022 hic
328 996 528 1028 nummus,
556 982 644 1023 licet
658 996 736 1022 non
755 981 929 1036 praeferat
945 985 1182 1039 epigraphen
1202 986 1316 1026 urbis.
1356 987 1455 1026 Duae
1477 987 1600 1027 viriles
1621 987 1751 1043 figurae
1771 988 1923 1034 sedent,
1954 1001 2137 1028 coronam
2161 987 2231 1028 fibi

129 1035 373 1091 imponentes
394 1038 446 1078 ob
463 1039 660 1091 praemium
681 1039 719 1077 in
734 1037 810 1077 hoc
826 1041 1032 1079 certamine
1048 1041 1207 1081 relatum
1224 1062 1235 1088 3
1263 1055 1399 1081 omnes
1419 1043 1523 1082 enim
1539 1042 1718 1083 ludorum
1737 1044 1901 1083 vi&ores
1924 1043 2227 1089 coronabantur,

64 1123 67 1125 .
127 1090 195 1132 sed
211 1108 298 1146 quae
314 1107 456 1133 corona
473 1094 511 1132 in
527 1093 585 1133 his
602 1093 832 1146 Capitolinis
853 1093 952 1133 ludis
970 1096 1254 1136 concedebatur
1275 1100 1290 1136 ?
1309 1096 1432 1137 forsan
1458 1112 1504 1138 ex
1531 1097 1715 1145 oleastro,
1743 1111 1786 1139 ut
1806 1100 1844 1138 in
1870 1098 2106 1152 Olympicis,
2134 1099 2227 1138 esim

127 1144 247 1188 iidem
266 1150 402 1202 pariter
412 1148 505 1202 Jovi
524 1149 639 1189 dicati
656 1148 727 1188 fint
744 1169 756 1195 3
783 1148 846 1188 hic
866 1149 990 1189 dietus
1007 1151 1061 1190 est
1079 1150 1330 1205 Olympicus,
1358 1153 1467 1205 quod
1487 1154 1584 1193 circa
1603 1154 1829 1208 Olympiam
1855 1154 1956 1194 Eleae
1981 1153 2147 1208 regionis
2166 1167 2227 1192 ur-

59 1200 63 1204 ’
127 1199 239 1249 bem,
269 1204 546 1250 celebraretur,
573 1204 633 1244 ille
651 1204 917 1257 Capitolinus,
944 1205 1053 1258 quod
1072 1206 1356 1260 Roma-Iovem
1382 1208 1650 1262 Capitolinum
1671 1209 1836 1255 coleret,
1864 1222 1981 1262 quem
2009 1208 2154 1248 Coloni
2177 1208 2227 1248 ab

127 1259 230 1298 urbis
250 1259 407 1299 nornine
424 1258 757 1312 Heliopolitanum
774 1273 1020 1301 vocaverunt.
1050 1261 1082 1300 F
1085 1262 1202 1315 igurae
1219 1261 1393 1302 sedentes
1409 1263 1576 1303 eundern
1598 1264 1742 1304 discum
1768 1264 1948 1304 sustinent
1970 1264 2010 1303 in
2034 1278 2115 1318 quo
2139 1262 2228 1303 duae

126 1314 281 1364 balmae,
309 1314 518 1355 indicantes
542 1315 579 1354 se
604 1327 650 1355 ex
673 1329 755 1356 uno
779 1316 987 1355 certamine
1013 1315 1112 1356 illius
1141 1316 1296 1370 triplicis
1321 1318 1525 1370 Gymnici,
1554 1319 1753 1364 nimirum,
1783 1318 1978 1372 Equestris
2004 1322 2041 1358 &
2064 1317 2226 1364 Muslci,

124 1370 289 1410 vicOcores
306 1369 505 1415 receffisse,
535 1370 603 1410 etsi
620 1372 848 1423 conjec‘l‘urae
865 1371 971 1411 locus
987 1384 1034 1410 ex
1055 1370 1230 1417 Mufico,
1259 1372 1349 1425 quia
1367 1373 1520 1419 sedent,
1550 1377 1587 1413 &
1604 1374 1718 1427 pallio
1733 1374 1858 1413 induti
1873 1373 1983 1419 sunt·,
2009 1374 2047 1412 in
2064 1373 2228 1427 Gymni-

124 1439 174 1465 co
192 1438 321 1465 autem
338 1429 377 1464 ὅ(
394 1426 569 1479 equestre
589 1425 758 1467 Athletae
773 1425 868 1466 nudi
888 1439 1015 1472 erant,
1044 1427 1083 1466 in
1103 1427 1257 1467 Mufico
1275 1427 1417 1473 vestiti,
1446 1441 1533 1467 nam
1557 1429 1597 1468 id
1621 1443 1717 1468 voce
1742 1430 1912 1473 tantum,
1940 1428 2089 1474 modis,
2118 1441 2229 1482 orga-

124 1481 203 1526 nis,
232 1481 417 1521 &litteris
434 1481 718 1536 tranfigebatur.
742 1484 826 1522 'Ara
844 1482 883 1521 in
900 1495 1063 1522 nummo
1080 1482 1254 1536 appolita
1269 1482 1345 1528 est,
1375 1483 1425 1522 ad
1447 1483 1712 1524 denotandum
1737 1484 1836 1525 sacra
1864 1483 1949 1524 Diis
1972 1495 2062 1525 ante
2082 1486 2120 1523 &
2139 1483 2226 1538 post

124 1536 332 1576 certamina
344 1535 531 1576 celebrari.

176 1613 260 1654 Hic
275 1627 446 1654 nummus
461 1613 736 1669 mediaesormae
750 1616 851 1656 inter
858 1614 1137 1669 prestantiores
1151 1615 1398 1656 collocandus.

1276 1825 1283 1836 Χ

1035 1848 1306 1876 ΦΛΡΠΤ-θΕιΕὛ·

170 2230 194 2257 c
207 2225 232 2251 o
245 2224 284 2251 L.
313 2224 376 2250 ΗΕ
388 2223 425 2249 L.
455 2223 479 2249 c
490 2222 515 2248 E
528 2222 559 2248 R
573 2221 611 2248 T.
642 2221 661 2247 s
677 2221 705 2247 A
719 2223 742 2249 c
756 2222 786 2249 R
799 2223 839 2249 v.
872 2223 895 2249 c
910 2222 936 2248 A
950 2221 985 2249 P.
1017 2223 1044 2249 0
1056 2224 1081 2250 E
1096 2224 1118 2249 c
1131 2224 1169 2249 v,
1202 2223 1217 2250 1
1231 2224 1249 2250 s
1263 2225 1287 2250 E
1298 2223 1338 2251 L.
1376 2210 1533 2251 Colonia
1570 2210 1790 2265 Heliopole's.
1837 2212 2037 2252 Certamen
2065 2211 2226 2256 Sacrum

223 2263 480 2320 Capitolinum
497 2264 784 2303 Oecumenicum
802 2263 1033 2315 Jfilastz‘mm
1051 2263 1386 2318 Heliopolitanum.
1417 2265 1556 2305 Discus
1583 2280 1630 2306 ex
1655 2279 1738 2320 quo
1761 2277 1837 2306 tres
1862 2267 1999 2322 palmae
2016 2270 2112 2309 rami
2134 2283 2224 2323 pro-

223 2322 356 2363 deunt.

166 2401 374 2440 Certamen
391 2397 568 2443 Sacrum,
598 2394 889 2449 Capitolinum,
916 2393 1223 2436 Oecumenicum
1234 2422 1248 2441 ,‚
1268 2395 1518 2444 Iselasticum,
1540 2397 1875 2453 Heliopolitanum
1894 2401 1997 2442 reste
2013 2416 2101 2442 cum
2117 2402 2221 2445 Tris-

59 2478 64 2484 ·
111 2469 205 2499 tano
224 2452 429 2510 legendum
446 2451 544 2498 effe,
573 2454 610 2491 &
629 2465 712 2491 non
732 2451 965 2496 certamina,
980 2451 1044 2491 'uti
1062 2450 1204 2505 scripsit
1219 2450 1259 2489 Ρ.
1278 2451 1505 2493 Harduinus
1522 2468 1607 2510 pag.
1633 2468 1720 2504 192.
1739 2468 1875 2497 monet
1894 2470 1971 2496 vox
1996 2457 2077 2498 liaec
2098 2458 2220 2501 Sacru

111 2526 199 2567 quae
218 2509 373 2550 Sacrum
388 2507 495 2547 sonat
512 2526 525 2553 ·‚
555 2506 604 2546 fic
621 2506 724 2546 enim
738 2519 899 2547 vocatur
910 2533 924 2552 ,
952 2505 1062 2559 quod
1076 2506 1116 2546 in
1133 2506 1209 2548 Dei
1225 2506 1415 2547 honorem
1436 2509 1651 2551 institutum
1672 2509 1737 2557 fit,
1767 2511 1852 2563 Jovi
1869 2525 2012 2566 nempe
2029 2513 2220 2568 Capitoli·

109 2583 185 2613 no,
215 2566 304 2605 ideo
324 2562 578 2617 Capitolinum
594 2561 739 2602 dfflkum
759 2562 814 2602 est
833 2582 847 2607 ‚-
880 2563 1168 2602 Oecumenicum
1184 2562 1298 2609 vero,
1327 2563 1438 2616 quod
1461 2579 1542 2605 non
1571 2566 1693 2606 modo
1716 2566 1884 2607 Athletae
1909 2568 1948 2607 in
1965 2568 2050 2615 illo,
2078 2570 2144 2610 sed
2169 2585 2218 2614 ex

109 2636 196 2664 toto
214 2633 397 2661 terrarum
413 2618 506 2658 orbe
522 2618 814 2658 admitterentur
830 2637 841 2664 ;
858 2617 1110 2670 Iselasticum,
1139 2622 1178 2658 &
1195 2632 1274 2658 non
1294 2618 1529 2669 Sebstisum,
1559 2634 1601 2663 ut
1620 2621 1780 2676 quidam
1798 2634 2006 2677 putarunt,
2034 2626 2144 2678 quod
2161 2628 2219 2668 vi-

108 2680 234 2719 stores
261 2676 301 2716 in
327 2674 486 2730 patriam
512 2673 706 2728 quadrigis
730 2673 862 2714 invehi
888 2672 1074 2719 solerent,
1105 2673 1234 2714 Graeci
1259 2676 1428 2711 εἱπλαόνειν
1452 2676 1642 2718 dicebant.
1679 2676 1779 2718 Tres
1799 2678 1935 2732 palmae
1956 2680 2049 2719 rami
2070 2680 2109 2720 in
2126 2682 2215 2724 vase

107 2734 171 2775 seu
191 2732 295 2772 disco
313 2743 387 2771 tres
407 2730 583 2771 vistorias
604 2729 772 2770 indicare
789 2728 969 2769 videntur
987 2749 999 2775 3
1028 2727 1093 2768 sed
1115 2741 1244 2769 utrum
1260 2729 1310 2769 ad
1329 2731 1512 2771 vistorem
1530 2746 1578 2773 ex
1599 2732 1737 2786 triplici
1756 2747 1897 2788 genere
1917 2735 1957 2774 in
1975 2735 2114 2776 eodem
2134 2752 2214 2778 cer-

107 2788 251 2831 tamine
267 2787 457 2841 speftent,
485 2799 603 2839 quem
621 2784 865 2826 Pantathlum
884 2783 1044 2838 quidam
1060 2795 1221 2830 vocant,
1240 2784 1272 2823 is
1286 2799 1429 2840 nempe
1445 2799 1525 2828 erat
1541 2789 1609 2841 qui
1624 2788 1664 2828 in
1682 2789 1864 2829 omnibus
1882 2790 1995 2830 unius
2011 2804 2059 2830 ex
2075 2792 2212 2846 triplici

105 2843 314 2886 certamine
337 2840 507 2883 certandi
528 2841 729 2896 generibus
750 2839 1068 2895 congrediebatur
1084 2866 1096 2886 ,
1122 2839 1212 2880 licet
1231 2843 1270 2878 in
1292 2841 1519 2896 quibusdam
1538 2843 1799 2885 succumberet
1818 2865 1831 2891 ς
1867 2859 1913 2885 an
1935 2846 2028 2885 vero
2046 2857 2120 2887 tres
2139 2848 2211 2889 illae

107 2901 243 2955 palmae
259 2899 473 2953 pertineant
489 2897 538 2937 ad
556 2897 738 2938 vi&orem
756 2897 869 2938 trium
888 2894 1037 2935 illorum
1059 2895 1233 2934 omnium
1250 2897 1500 2938 certaminum
1518 2925 1530 2945 ,
1557 2899 1742 2954 Gymnici
1758 2913 1900 2953 nempe
1916 2927 1928 2948 ,
1958 2900 2154 2954 Equestris
2170 2908 2211 2945 δε

105 2955 274 3005 Musici,
303 2955 372 3010 qui
394 2954 665 2996 Pancratiastes
691 2952 828 2995 dicitur
855 2955 916 2992 ἀπὸ
929 2959 984 2992 τῶν
1000 2955 1112 2990 πάντων
1127 2959 1266 3002 vigy-rear,
1291 2952 1369 2998 hoc
1389 2953 1444 2994 est
1459 2981 1473 3003 ,
1501 2954 1526 2995 a*
1544 2954 1729 2996 vincendo
1745 2957 1880 2997 omnia.
1920 2955 2091 3005 Videant
2109 2956 2207 2999 Eru-

105 3011 184 3061 diti.

121 3111 125 3114 ·
159 3087 244 3131 Hic
258 3103 431 3131 nummus
435 3088 599 3142 secundi
613 3087 754 3130 moduli
769 3089 872 3130 inter
887 3089 1048 3129 rariores
1061 3085 1327 3129 numerandus.

1219 3368 1285 3390 ,κ-,ιζῑυθὴ

1052 3362 1117 3391 creme&
1137 3368 1153 3388 [v.

1052 3390 1088 3417 ³25(

1028 3444 1037 3463 ¹*
1059 3459 1152 3481 eumz>
1165 3460 1236 3482 -ωις
1246 3436 1319 3481 «0³37

163 3674 186 3703 c
198 3675 223 3702 0
234 3672 271 3702 L.
301 3674 318 3701 1
329 3673 356 3700 v
368 3660 408 3702 LJ
439 3672 466 3699 A
480 3673 507 3701 v
520 3672 560 3699 G.
593 3672 617 3699 ι·
629 3672 653 3698 E
665 3670 704 3699 L.
732 3673 762 3699 H
773 3672 796 3698 E
808 3672 846 3699 L.
876 3658 1032 3699 Colonia
1040 3657 1157 3712 Julia
1165 3659 1338 3716 Augusta
1348 3659 1460 3701 Felix
1471 3654 1689 3715 Heliopelis.
1716 3659 1764 3700 In
1775 3659 1857 3701 imo
1878 3674 1901 3702 c
1911 3675 1935 3701 E
1946 3675 1976 3702 R
1988 3673 2026 3701 τ.
2046 3671 2066 3700 s
2079 3673 2105 3700 A
2120 3674 2143 3700 c
2155 3662 2202 3703 a]

217 3731 240 3756 c
252 3730 278 3756 A
293 3729 327 3755 P.
356 3730 381 3755 0
392 3730 416 3756 E
429 3729 462 3756 c.
493 3730 508 3755 1
521 3729 540 3755 s
553 3729 577 3754 E
591 3728 628 3754 L.
659 3728 687 3754 H
699 3727 723 3753 E
735 3728 772 3754 L.
809 3715 1008 3755 Certamen
1025 3715 1183 3756 Sacrum
1199 3717 1454 3771 Capitolinum
1469 3716 1757 3757 Oecumenicum
1775 3715 2004 3769 Ifi’lasticum
2024 3715 2205 3772 Heliopog·

214 3772 386 3811 litanum.
422 3770 517 3811 Tria
531 3770 616 3810 vas-a
635 3769 699 3810 seu
717 3769 809 3810 disci
828 3783 916 3810 cum
933 3769 1080 3825 palmis.

158 3848 257 3889 Haec
272 3850 341 3890 tria
360 3848 446 3888 vasa
465 3848 601 3902 triplex
617 3848 710 3888 illud
724 3858 917 3889 certarnen
927 3875 940 3895 ,
969 3848 1207 3903 Gymnicum
1225 3863 1387 3903 nempe,
1414 3849 1602 3905 Equestre
1618 3853 1657 3890 &
1672 3849 1867 3891 Muficum
1883 3876 1896 3897 ,
1924 3849 2127 3904 Heliopoli
2143 3863 2205 3891 ce-

103 3899 290 3947 lebratum
308 3904 479 3946 indicant
496 3918 504 3943 :
530 3902 614 3946 haec
629 3904 735 3954 vasa,
762 3903 858 3960 d4'sczf
878 3905 1149 3960 cognominata
1168 3904 1244 3946 effe
1259 3905 1459 3953 videntur,
1487 3905 1516 3948 fi
1537 3905 1697 3961 quidem
1713 3906 1837 3959 discus
1857 3918 1923 3947 vas
1938 3917 2017 3947 erat
2031 3905 2148 3946 latum
2167 3909 2207 3945 &

2081 3971 2216 4002 rotun·
