2574 4214
903 113 936 154 P
1004 117 1040 157 R
1107 117 1167 158 AE
1234 119 1271 158 F
1332 122 1376 162 A
1444 121 1481 161 T
1539 123 1561 162 I
1627 125 1673 163 O.

233 184 296 231 vit
314 187 358 226 ὃς
378 184 519 234 auxit,
559 177 623 226 sex
642 175 777 226 millia
793 195 842 224 ex
862 184 988 226 omni
1002 178 1179 227 metallo
1193 181 1451 231 numismata
1466 183 1660 252 collegit,
1700 189 1818 246 cujus
1835 189 2024 245 Gazam,
2061 205 2137 257 per
2152 193 2243 253 ejus
2258 191 2331 242 ab·

230 249 432 305 sentiam,
470 246 641 296 invisere
656 246 768 313 proh
782 244 929 295 dolor!
967 267 1060 296 non
1083 245 1213 296 licuit.
1254 249 1451 300 Praeclara
1465 272 1756 301 nummorum
1778 262 1993 321 congeries
2014 262 2060 306 in
2079 258 2232 309 Museo
2259 268 2323 310 Fr.

230 321 391 384 Septalae
409 321 650 371 Canonici‚
689 314 714 362 εὶ
734 315 949 377 Manfredo
972 321 1058 378 ejus
1081 335 1233 383 patruo
1251 355 1265 375 ,
1305 325 1424 381 cujus
1446 327 1634 370 interitus
1657 342 1884 390 nunquam
1903 323 1991 372 satis
2005 325 2143 376 defleri
2156 332 2293 394 potest
2305 363 2321 388 ,

230 387 436 457 adquisita
452 391 662 453 reperitur.
690 383 765 449 Jo.
780 391 922 433 Maria
937 387 1105 434 Bidellus
1123 390 1201 453 JC.
1216 406 1365 436 amore
1383 399 1425 437 δε
1441 390 1582 438 studio
1597 391 1720 453 hujus
1735 397 1880 439 veteris
1897 400 2115 443 memoriae
2130 398 2320 448 maxime

228 455 573 506 commendatur.
615 459 653 501 A
669 454 867 521 J0.Bapt.
879 461 1010 503 Seccia
1025 456 1243 524 etiamJC.
1260 475 1356 505 ante
1369 477 1527 524 paucos
1540 479 1675 508 annos
1688 459 1917 518 defuneto,
1935 467 2138 523 Graecum
2152 483 2232 531 pro
2243 473 2327 516 La*

226 533 321 576 tino
334 532 594 575 Pertinacem
607 528 748 590 accepi
762 560 775 580 ,
801 530 943 591 Regio
958 523 1177 573 Thesauro
1194 525 1290 573 mest
1302 526 1401 574 cura
1414 528 1622 577 additum.
1650 535 1812 578 Genuae
1821 568 1834 586 ,
1850 529 2098 580 rariffimam
2111 532 2220 582 illius
2233 542 2321 583 Im-

227 600 447 663 peratoris,
474 597 695 642 Pertinacis
709 597 944 649 nimirum,
965 598 1185 643 Titianam
1204 614 1406 652 uxorem,
1431 596 1455 645 a
1468 604 1570 647 DD.
1587 605 1792 664 Lavagna
1812 598 2026 657 fratribus,
2054 601 2319 669 ampliffimis

221 665 408 721 civibus,
428 680 622 729 emptam
635 698 649 717 ,
668 679 790 710 tanto
806 659 996 711 Cimelio
1010 669 1139 711 etiam
1152 662 1296 725 adjeci.
1337 670 1513 723 Tui-ini,
1539 673 1801 716 SABAuDIAE
1826 686 1977 717 Duces
2005 675 2169 719 Gazam
2185 691 2318 720 num-

223 739 306 783 mis
319 729 683 782 exornatissimam
697 729 806 778 olim
819 733 1078 798 comparasse
1092 752 1141 780 ex
1153 732 1341 798 pretiofis
1355 754 1509 783 eorum
1523 735 1706 805 reliquiis
1720 742 1765 784 in
1779 736 1936 803 palatio
1951 737 2111 787 anobis
2126 739 2317 790 observa-

223 810 297 861 tis,
317 801 506 870 suspicari
517 798 637 848 facile
651 800 882 866 possumus.
925 801 1005 850 Sed
1018 820 1250 870 antequam
1264 822 1312 850 ex
1328 802 1444 852 Italia
1457 805 1740 872 egrediamur,
1756 804 1905 855 Musca
1918 813 1963 854 in
1977 805 2063 855 aliis
2078 810 2249 858 urbibus
2263 811 2316 858 ab

223 879 371 923 itinere
391 875 564 920 remotis
586 868 846 930 jamdudum
869 888 1003 937 nuper
1024 871 1208 938 inspecta
1230 872 1522 922 recenseamus.
1562 873 1774 941 Neapoli,
1802 881 1859 923 D.
1880 882 2083 942 Piquettus
2102 882 2147 925 in
2161 877 2246 926 hoc
2261 884 2319 927 rei

223 946 467 1010 antiquariae
480 958 629 1006 genere
642 956 819 1005 operam
836 949 879 988 &
893 938 1145 989 industriam
1160 939 1330 991 feliciter
1343 941 1584 992 collocavit.
1625 949 1794 1000 Oximi,
1819 943 1947 1006 Caesar
1964 948 2223 1011 Leompardus
2239 953 2317 996 Pa-

223 1017 361 1060 tricius
380 1005 743 1058 instruetiffimam
762 1025 1055 1058 nummorum
1074 1009 1378 1060 collectionem
1391 1011 1529 1061 habet.
1569 1012 1757 1080 Spoleti,
1782 1013 1855 1078 Jo.
1876 1022 1978 1062 Ant.
1995 1020 2217 1081 Luparinus
2236 1015 2316 1065 fre-

220 1080 448 1149 quentibus
469 1096 542 1145 per
565 1094 705 1126 totam
726 1077 891 1126 Italiam
914 1080 1322 1146 peregrinationibus
1344 1082 1654 1131 numifinatum
1673 1082 1890 1130 indefessus
1907 1082 2131 1141 scrutator,
2168 1083 2315 1133 rariffi-

219 1169 317 1198 mos
335 1145 547 1214 excerpsit.
586 1150 805 1204 Anconae,
830 1159 938 1198 Cam.
953 1150 1114 1196 Picchus
1135 1153 1284 1198 Graeca
1301 1150 1468 1218 aliquot
1481 1150 1660 1218 insignia
1673 1172 1723 1200 ex
1738 1157 1868 1218 Epiro
1882 1151 2023 1210 allata,
2062 1173 2165 1202 cum
2183 1153 2317 1221 pluri-

219 1223 300 1267 mis
315 1222 526 1268 Romanis
545 1215 774 1266 conservat.
814 1215 932 1273 Pisis,
950 1216 1099 1283 Jofi’ph
1109 1224 1319 1267 Gianottus
1333 1223 1466 1268 Do&
1480 1220 1678 1268 Medicus
1692 1240 1786 1268 non
1799 1226 2008 1288 integram
2021 1242 2314 1271 nummorum

214 1288 362 1337 seriem
371 1325 385 1344 ‚
401 1286 468 1335 sed
482 1284 694 1355 quosdam
709 1284 929 1353 praeclaros
942 1288 995 1335 ab
1007 1293 1206 1335 Armenis
1219 1289 1396 1337 Liburni
1410 1306 1579 1356 emptos
1592 1295 1858 1356 comparavit
1867 1328 1879 1347 ,
1895 1290 1918 1337 a
1930 1309 2022 1358 quo
2036 1291 2312 1340 Gordianum

215 1356 309 1406 Afr.
323 1362 544 1405 Seniorem
562 1360 766 1404 Graecum
781 1354 972 1404 Cimelio
987 1354 1387 1406 Cenomanenfium
1403 1364 1536 1407 Ducis
1549 1357 1572 1406 εἰ
1585 1360 1709 1407 nobis
1724 1358 1940 1421 adjectum
1953 1367 2207 1426 accepimus.

283 1424 463 1492 Anglia,
501 1423 599 1473 licet
620 1426 673 1473 ab
698 1423 816 1473 Italia
836 1444 1127 1474 nummorum
1141 1444 1311 1493 parente
1324 1425 1455 1495 longe
1471 1425 1606 1476 dissita
1617 1464 1632 1485 ‚
1656 1446 1808 1476 eorum
1824 1446 1969 1476 tamen
1984 1427 2149 1477 sedulos
2165 1429 2314 1479 habuit

215 1505 260 1544 &
274 1495 402 1544 habet
414 1492 663 1543 colledtores
684 1515 694 1541 :
734 1500 827 1544 Rex
854 1499 1092 1545 CAROLUS
1117 1501 1149 1544 Ι.
1176 1495 1255 1544 hac
1269 1501 1394 1544 omni
1416 1495 1719 1564 elegantiarum
1733 1496 1973 1564 supellectili
1986 1496 2228 1564 plurimum
2241 1498 2314 1547 de-

210 1563 383 1614 lestatus
393 1601 406 1620 ,
426 1562 611 1631 plurima
624 1561 884 1632 conquifivit
897 1563 1178 1621 numismata,
1198 1585 1247 1613 ex
1265 1566 1426 1634 quibus
1443 1584 1565 1614 aurea
1577 1566 1747 1615 tantum
1760 1571 1806 1614 in
1819 1565 2018 1614 ordinem
2031 1567 2196 1616 redatsta
2215 1574 2315 1617 CA-

210 1653 365 1684 ROLUS
393 1639 446 1682 11.
475 1631 675 1700 singulari
689 1634 948 1700 benignitate
962 1632 1077 1682 dedit
1090 1634 1199 1683 mihi
1214 1633 1380 1683 visenda
1401 1655 1410 1681 :
1448 1632 1515 1684 sed
1529 1641 1735 1684 omnium
1749 1641 1996 1702 congeriem
2015 1639 2230 1703 JAcoBUS
2256 1643 2309 1685 11.

209 1701 382 1752 feliciter
400 1722 577 1771 regnans
594 1708 640 1751 in
663 1701 830 1751 loculos
854 1712 897 1752 &
922 1703 1069 1752 scrinia
1091 1702 1278 1753 ordinari
1300 1710 1508 1772 praecepit.
1561 1711 1612 1753 In
1634 1723 1742 1773 quas
1768 1722 1921 1753 manus
1939 1706 2119 1754 abierint
2136 1712 2312 1756 nummi

208 1773 444 1840 Bukingami
458 1777 578 1821 Ducis
593 1782 637 1822 &
651 1774 858 1821 Arundelii
872 1778 1049 1830 Comitis,
1068 1772 1092 1821 a
1105 1775 1257 1821 nostris
1271 1776 1535 1841 Antiquariis
1548 1773 1690 1841 saepius
1704 1773 1902 1831 laudatiS,
1917 1774 2110 1841 detegere
2122 1795 2216 1824 non
2230 1794 2311 1842 po-

207 1847 283 1890 tui.
323 1840 647 1891 Colleffionem
660 1843 714 1891 ab
723 1848 914 1891 Oratore
927 1841 1156 1912 quondam
1169 1841 1284 1909 apud
1296 1849 1486 1893 Venetos
1500 1846 1722 1909 Dodington
1735 1862 2045 1910 comparatam,
2061 1844 2175 1912 apud
2186 1844 2313 1912 ipfius

205 1910 389 1960 haeredes
403 1911 600 1961 venalem
615 1911 837 1960 docemur.
867 1919 992 1961 Comes
1007 1913 1259 1978 Piterboroug
1277 1917 1440 1979 primus
1456 1918 1582 1978 Regis
1595 1911 1890 1960 Cubicularius
1904 1912 1957 1960 ad
1970 1912 2096 1961 suum
2108 1920 2167 1962 rei
2183 1933 2312 1963 nurn-

203 1985 352 2029 mariae
367 1977 570 2027 Museum
583 1984 629 2025 in
643 1977 885 2027 suburbano
898 1980 1056 2046 palatio
1074 1980 1322 2029 asservatum
1337 2017 1350 2037 ‚
1387 1999 1459 2028 me
1478 1979 1592 2048 prius
1605 1979 1737 2048 epulis
1751 1979 1994 2029 adhibitum
2008 1980 2185 2030 deduxit
2196 1987 2311 2032 invi-

202 2045 397 2096 fiendum.
435 2056 569 2094 Comes
583 2047 858 2094 clarendoniam
875 2055 1003 2095 omni
1016 2048 1149 2095 laudis
1162 2068 1313 2114 genere
1331 2048 1577 2114 spectandus
1586 2085 1600 2106 ,
1629 2066 1839 2098 nummos
1853 2055 2013 2097 eximio
2028 2051 2223 2118 quodam
2238 2051 2310 2100 de·

203 2114 318 2166 ledku
332 2113 580 2183 singulares,
620 2117 717 2179 post
740 2112 882 2181 epulas
905 2121 1035 2164 etiam
1056 2113 1322 2173 lautissimas,
1346 2116 1515 2165 summa
1529 2137 1632 2167 cum
1646 2122 1808 2185 ingenii
1829 2127 1872 2167 &
1886 2117 2135 2168 eruditionis
2150 2119 2310 2187 signis-‘1⁴

202 2191 374 2235 catione
393 2203 487 2234 non
500 2183 625 2232 semel
639 2184 829 2233 exhibuit
848 2205 858 2231 :
896 2183 950 2233 ad
963 2185 1043 2233 hos
1056 2202 1201 2234 autem
1214 2191 1438 2252 primarios
1451 2193 1564 2236 viros
1578 2188 1691 2236 mihi
1701 2192 1838 2254 patuit
1851 2186 1987 2239 aditus
2000 2207 2075 2256 per
2086 2188 2306 2238 eruditiffi-

204 2274 333 2304 mum
351 2259 483 2304 Doec.
501 2252 714 2316 Fraiserum
732 2272 826 2302 non
840 2253 982 2302 minus
996 2253 1020 2302 a
1035 2260 1152 2321 Rege
1165 2255 1301 2324 quam
1314 2257 1366 2304 ab
1382 2255 1540 2305 Aulicis
1555 2258 1803 2325 probatum.
1829 2261 1970 2326 Eques
1987 2265 2125 2325 Georg.
2138 2260 2307 2308 Weheler

204 2345 254 2373 ex
270 2324 376 2373 Afiae
398 2329 735 2392 peregrinatione
753 2342 963 2371 nummos
979 2323 1186 2392 elegantes
1202 2329 1376 2373 Graecos
1398 2325 1560 2383 attulit,
1598 2346 1792 2402 quorum
1810 2326 2143 2394 explicationem
2156 2348 2305 2377 verna-

204 2392 299 2442 cula
315 2393 462 2462 lingua
481 2392 624 2442 edidit.
665 2399 720 2443 D.
737 2394 946 2441 Chai-leton
957 2392 1159 2442 collecTtos
1172 2395 1365 2463 undique
1376 2397 1735 2462 praestantissimos
1749 2402 1794 2444 in
1810 2397 1965 2445 Museo
1981 2416 2121 2445 rerum
2138 2415 2304 2446 natura-

202 2461 311 2512 lium
325 2465 506 2512 affervat.
544 2461 741 2511 Pretiosas
753 2461 841 2512 illas
854 2467 1113 2532 antiquitatis
1130 2483 1288 2512 merces
1300 2466 1504 2514 Wlk’lmus
1513 2466 1700 2514 Falchner
1713 2485 1764 2514 ex
1775 2464 2067 2514 Orientalibus
2081 2464 2213 2533 plagis
2222 2503 2235 2523 ‚
2256 2472 2303 2516 in

200 2535 358 2601 quibus
380 2552 481 2582 eum
506 2531 693 2589 offendi,
730 2549 805 2599 per
822 2530 1055 2581 duodecim
1076 2552 1212 2582 annos
1235 2536 1455 2601 congestas
1471 2534 1725 2583 Londinum
1737 2534 1984 2602 asportavit,
2023 2556 2073 2583 ex
2091 2540 2138 2583 iis
2158 2553 2302 2585 autem

201 2601 388 2668 plurima
401 2600 587 2651 Cimelia
599 2600 872 2669 locupletavit
883 2639 896 2659 ,
916 2620 1011 2670 quae
1025 2621 1086 2650 res
1099 2601 1372 2652 occasionem
1385 2602 1462 2671 ipsi
1476 2606 1663 2671 praestitit
1674 2621 1884 2652 nummos
1897 2603 2123 2672 exquisitos
2138 2624 2187 2652 ex
2201 2603 2300 2653 Afia

202 2672 399 2725 emendi,
419 2669 534 2716 unde
549 2670 778 2734 stupendus
790 2670 859 2718 'ille
873 2677 1094 2720 Maximus
1111 2690 1329 2739 argenteus
1355 2678 1654 2722 Prisci-:Ninus
1664 2709 1678 2730 ,
1702 2693 1752 2722 ex
1771 2672 1941 2740 Aleppo
1956 2672 2008 2721 ad
2022 2692 2122 2721 eum
2141 2674 2296 2730 mistus,

203 2749 249 2788 δέ
271 2757 377 2786 mox
401 2755 579 2784 mecum
602 2744 950 2787 communicatus
973 2776 986 2796 ,
1023 2738 1270 2805 supremum
1300 2745 1347 2788 in
1385 2746 1419 2788 L
1430 2744 1476 2788 U
1488 2748 1530 2791 D
1541 2747 1586 2789 O
1599 2748 1642 2791 V
1654 2748 1671 2789 1
1684 2747 1752 2790 CI
1789 2747 1843 2790 M
1859 2749 1894 2788 Α
1909 2747 1950 2790 G
1963 2747 2007 2790 N
2023 2747 2041 2790 Ι
2077 2740 2297 2790 Thesauro

199 2806 352 2858 locum
373 2825 490 2854 nunc
512 2806 690 2863 obtinet.
729 2811 780 2853 In
795 2806 934 2854 Walia
951 2811 1010 2855 Ill.
1025 2807 1289 2873 Asaphapolu·
1303 2807 1505 2875 Episcopus·
1523 2828 1816 2859 nummorum
1837 2808 1976 2858 fautor
1996 2815 2209 2878 egregius,
2251 2822 2296 2860 &

232 2882 354 2926 eritus
369 2877 619 2932 aestimator,
657 2874 721 2923 liis
742 2873 988 2925 indubitatis
1009 2876 1192 2925 historiae
1214 2884 1512 2927 monumentis
1525 2884 1842 2947 Imperatorum
1859 2884 2168 2929 Romanorum
2182 2874 2296 2947 gesta

197 2945 371 2995 feliciter
383 2943 582 3001 illustrat,
609 2948 870 3012 Trajanique
888 2950 1021 2994 vitam
1036 2963 1117 3013 pro
1131 2945 1361 3013 specimine
1373 2946 1513 2996 videre
1526 2950 1653 2997 nobis
1666 2947 1817 2997 datum
1832 2950 1902 2997 est.
1943 2947 2025 2997 Sed
2037 2948 2108 2996 hic
2122 2955 2169 2995 D.
2183 2951 2293 2997 Gail—

193 3017 300 3065 hard
315 3013 535 3082 Anglum,
559 3020 635 3082 qui
649 3015 708 3062 ob
722 3020 1078 3082 peregrinationes
1090 3013 1331 3084 frequenter
1344 3023 1390 3065 in
1408 3015 1547 3067 Gallia
1559 3023 1719 3066 morari
1735 3017 1924 3074 videtur,
1950 3023 2055 3066 inter
2069 3015 2293 3067 ditiffimos

195 3084 323 3148 hujus
336 3086 506 3134 vetustae
522 3089 743 3132 memoriae
764 3084 1004 3150 possessores
1017 3104 1296 3134 annumerare
1317 3085 1448 3136 liceat.
1488 3086 1625 3155 Belgae
1641 3093 1832 3155 Spartam
1847 3086 1958 3135 hanc
1972 3091 2101 3134 etiam
2112 3106 2292 3136 exorna-

195 3173 309 3204 runt.
347 3153 588 3216 Arschotam‘
599 3161 724 3202 Ducis
736 3152 977 3203 Cimelium
991 3153 1015 3202 a
1027 3161 1083 3202 Io.
1094 3157 1310 3203 Hemelario
1328 3163 1441 3205 notis
1453 3154 1674 3205 luculentis
1687 3155 1958 3223 explicatum,
1971 3161 2015 3203 in
2029 3153 2173 3204 lucem
2186 3176 2290 3224 pro-

195 3223 285 3274 diit.
305 3229 494 3273 Laevinus
505 3228 726 3272 Torrentius
745 3221 975 3291 Episcopus
988 3223 1305 3292 Antuerpienfis
1320 3230 1575 3276 Suetonium
1587 3232 1781 3275 nummis
1794 3231 1973 3274 ornavit.
2001 3226 2185 3274 Goltzius
2198 3231 2288 3274 ic0⁴

192 3312 268 3343 nes
280 3292 618 3362 quamplurimas
635 3299 702 3340 M.
713 3297 881 3341 Laurini
900 3292 1030 3360 opera
1047 3292 1219 3362 collegit
1237 3293 1443 3345 &incidit
1455 3329 1469 3353 ,
1507 3315 1654 3344 earum
1672 3313 1857 3363 quatuor
1879 3311 2030 3343 tomos
2051 3296 2154 3345 Lud.
2171 3301 2285 3345 Non-

192 3368 278 3412 niws
291 3365 470 3411 Medicus
487 3368 808 3412 commentariis
828 3361 1078 3412 dostiffimis
1099 3368 1144 3413 in
1167 3363 1310 3411 lucem
1330 3369 1485 3414 iterum
1507 3371 1730 3414 revocavit.
1777 3365 1957 3412 Andreas
1980 3365 2163 3412 Schottm
2187 3370 2227 3412 S.
2243 3369 2282 3432 J.

194 3433 396 3482 Museum
406 3435 575 3482 Nicolai
587 3433 737 3480 Roccok
757 3438 919 3500 Equitis
935 3452 1036 3482 cum
1051 3439 1195 3482 iterata
1207 3432 1392 3483 editione
1406 3434 1668 3484 Arscliotana
1685 3433 1854 3481 eruditis
1871 3435 2284 3500 interpretationibus

191 3501 416 3570 evulgavit.
455 3502 617 3567 chifletii
633 3502 768 3550 ambo
786 3509 841 3549 Io.
854 3503 983 3551 Iacobi
1000 3502 1100 3560 filii,
1138 3504 1316 3550 Claudius
1332 3503 1508 3572 quidem
1529 3502 1581 3551 de
1598 3508 1778 3572 antiquo
1797 3501 2075 3558 numismate,
2090 3507 2282 3550 Henricus

192 3571 293 3622 verb
307 3571 359 3620 de
372 3570 563 3621 Othonis
577 3576 770 3620 nummis
783 3570 982 3639 scripsere.
1012 3577 1230 3621 Gevartius
1242 3575 1324 3641 JC.
1355 3578 1547 3641 Uterque
1561 3574 1749 3621 Rubenius
1764 3582 1807 3621 &
1824 3572 2058 3620 Schinkelius
2070 3590 2279 3619 nummos

189 3640 384 3709 undique
401 3659 715 3708 compararunt.
756 3646 946 3698 Batavia,
970 3640 1156 3703 ejusdem
1171 3640 1315 3709 gloriae
1329 3640 1505 3698 aemula,
1534 3641 1627 3690 suos
1639 3647 1788 3710 pariter
1801 3641 1955 3691 harum
1973 3645 2278 3707 antiquitatum

191 3709 376 3759 vindices
390 3710 506 3768 tulit,
545 3717 630 3758 Iac.
643 3708 803 3773 Ozflelius
821 3729 956 3778 nuper
974 3709 996 3759 ὲ
1011 3717 1115 3760 vivis
1132 3728 1295 3778 ereptus
1304 3747 1317 3768 ,
1337 3730 1544 3760 commen
1551 3717 1682 3768 ratiis,
1721 3718 1882 3776 Cuperus
1898 3720 1941 3759 ἅῑ
1955 3717 2036 3757 Iac.
2047 3713 2275 3757 Perizonius

191 3777 540 3829 dissertationibus
553 3799 763 3828 nummos
776 3779 1045 3829 illustrarunt.
1080 3781 1222 3829 Daniel
1230 3781 1405 3846 Heinsius
1417 3791 1459 3831 &
1475 3787 1530 3829 Io.
1543 3789 1729 3848 Georgius
1739 3785 1922 3829 Graevius
1931 3817 1943 3836 ‚
1965 3779 2097 3827 ambo
2110 3777 2260 3844 praecla
2269 3807 2280 3815 ›

191 3867 237 3897 ra
252 3855 483 3917 provinciae
501 3849 580 3900 suae
597 3848 764 3899 lumina
782 3884 795 3908 ,
832 3849 901 3899 ille
920 3868 1057 3918 nuper
1073 3867 1271 3899 mortuus
1287 3885 1301 3907 ,
1338 3856 1525 3918 antiquae
1545 3851 1670 3914 hujus
1687 3849 1902 3917 elegantiae
1920 3846 2058 3897 cultor
2076 3852 2276 3962 eximiilss,

1344 3921 1376 3955 *
1395 3920 1427 3955 *
1474 3940 1490 3980 3
2225 3919 2281 3963 llC
