2574 4214
903 113 936 155 P
1005 117 1040 157 R
1108 117 1167 158 AE
1234 119 1272 159 F
1333 122 1376 162 Α
1445 121 1481 162 T
1539 123 1561 162 Ι
1627 125 1673 163 Ο.

233 184 296 231 vit
315 187 359 226 ὃς
378 184 493 227 auxit
505 215 519 235 ‚
559 177 624 226 sex
642 176 777 226 millia
793 196 843 224 ex
862 184 989 227 omni
1002 178 1179 227 metallo
1193 182 1451 231 numismata
1466 183 1660 252 collegit,
1701 190 1766 247 cuj
1774 205 1818 234 us
1835 191 2024 245 Gazam,
2062 206 2137 257 per
2152 194 2243 254 ejus
2259 191 2331 242 ab·

230 249 432 305 sentiam,
471 246 642 296 invisere
656 246 769 313 proh
782 245 930 295 dolor!
967 267 1061 296 non
1083 246 1213 296 licuit.
1254 250 1452 300 Praeclara
1465 273 1756 302 nummorum
1778 262 1993 322 congeries
2015 263 2061 307 in
2079 259 2232 310 Museo
2259 269 2323 310 Fr.

230 321 391 384 Septalae
409 321 624 365 Canonici
636 352 650 372 ‚
689 314 714 363 εὶ
734 315 949 378 Manfrea'o
972 321 1058 379 ejus
1081 335 1233 383 patruo
1252 355 1265 375 ‚
1305 325 1424 382 cujus
1447 328 1634 371 interitus
1657 342 1884 391 nunquam
1903 324 1991 373 satis
2005 325 2143 377 defleri
2156 333 2293 394 potest
2305 364 2321 388 ,

230 387 436 457 adquisita
452 391 662 453 reperitur.
691 383 765 449 Jo.
780 391 922 433 Maria
937 387 1105 434 Bidellus
1123 391 1201 453 JC.
1217 406 1365 436 amore
1383 399 1426 438 ὃς
1441 390 1583 439 studio
1597 391 1721 453 hujus
1735 398 1880 440 veteris
1897 401 2115 443 memoriae
2131 399 2320 448 maxime

228 455 573 506 commendatur.
615 459 654 501 A
670 454 867 521 Jo.Bapt.
879 461 1010 503 Seccia
1025 456 1243 524 etiamJC.
1261 475 1356 505 ante
1369 477 1527 525 paucos
1540 480 1675 508 annos
1689 459 1917 519 defuneto,
1936 468 2138 524 Graecum
2152 484 2232 532 pro
2244 473 2327 517 La*

227 533 321 576 tino
334 532 594 575 Pertinacem
607 528 748 590 accepi
762 560 776 580 ,
802 530 943 591 Regio
958 523 1178 574 Thesauro
1194 526 1290 573 mea
1303 527 1401 575 cura
1415 528 1622 577 additum.
1650 535 1834 587 Genuae,
1850 530 2099 580 rarissimam
2112 533 2220 583 illius
2233 542 2321 584 Irn-

227 600 447 663 peratoris,
474 597 695 642 Pertinacis
709 597 944 649 nimirum,
965 598 1185 643 Titianam
1204 615 1406 653 uxorem,
1431 597 1455 645 a
1468 604 1570 647 DD.
1587 605 1792 665 Lavagna
1812 598 2026 658 fratribus,
2054 602 2320 670 ampliffimis

221 665 408 721 civibuS,
428 680 622 729 emptam
635 698 649 717 ,
668 679 790 710 tanto
806 659 996 711 Cimelio
1010 669 1139 711 etiam
1152 662 1296 725 adjeci.
1337 670 1514 724 Tutini,
1539 674 1801 717 SABAuDIAE
1826 687 1977 717 Duces
2005 676 2169 720 Gazam
2185 692 2318 721 num-

223 739 306 782 mis
319 729 683 782 exornatissimam
697 729 806 778 olim
819 733 1078 798 comparasse
1092 753 1141 780 ex
1153 732 1341 799 pretiosis
1355 755 1509 784 eorum
1523 736 1706 805 reliquiis
1720 743 1765 785 in
1779 736 1936 804 palatio
1951 738 2112 787 anobis
2127 740 2317 791 observa-

223 810 297 860 tis,
317 801 506 870 suspicari
517 798 637 848 facile
651 800 883 866 possumus.
925 801 1006 850 Sed
1018 820 1250 870 antequam
1264 823 1313 850 ex
1328 803 1444 853 Italia
1458 805 1740 872 egrediamur,
1756 805 1906 855 Musca
1919 813 1964 855 in
1977 806 2063 855 aliis
2078 811 2249 858 urbibus
2263 812 2316 859 ab

223 879 371 923 itinere
391 875 564 920 remotis
586 868 846 930 jamdudum
869 888 1003 937 nuper
1024 871 1208 939 inspecta
1230 872 1522 922 recenseamus.
1563 874 1774 942 Neapoli,
1803 881 1859 924 D.
1880 882 2083 942 Piquettus
2102 883 2147 926 in
2161 878 2246 926 1106
2261 885 2319 928 161

223 946 467 1010 antiquaria?
480 958 629 1006 genere
642 957 819 1005 operam
836 938 1145 989 &industriam
1160 940 1330 991 feliciter
1343 941 1585 992 collocavit.
1625 950 1794 1001 Oximi,
1819 944 1947 1007 Caesar
1965 949 2223 1012 Leompardus
2239 954 2317 996 Pa-

223 1017 361 1059 tricius
380 1006 743 1058 instrufflffimam
762 1025 1055 1058 nummorum
1074 1009 1378 1060 colleehonem
1391 1011 1529 1061 habet.
1569 1013 1757 1081 Spoleti,
1783 1014 1855 1078 Jo.
1876 1023 1978 1062 Ant.
1995 1021 2217 1081 Luparinus
2236 1015 2316 1066 fre-

220 1080 448 1149 quentibus
469 1096 542 1145 per
565 1094 705 1126 totam
726 1077 891 1126 Italiam
914 1081 1322 1146 peregrinationibus
1345 1082 1655 1132 numismatum
1673 1082 1890 1131 indefess'us
1908 1083 2131 1142 scrutator,
2168 1084 2315 1134 rariffi-

219 1169 317 1198 mos
335 1145 547 1214 excerpsit.
586 1150 782 1195 Anconae
792 1184 805 1204 ‚
830 1160 938 1198 Cam.
953 1150 1114 1196 Picchzu
1135 1153 1284 1198 Graeca
1302 1150 1468 1219 aliquot
1481 1150 1660 1219 insignia
1673 1172 1723 1200 ex
1739 1157 1868 1219 Epiro
1882 1151 2023 1211 allata,
2062 1173 2165 1203 cum
2182 1153 2317 1222 pluri·

219 1223 300 1267 mis
316 1222 526 1268 Romanis
545 1216 774 1266 conservat.
814 1215 932 1273 Pisis,
950 1217 1099 1284 Joseph
1110 1224 1319 1268 Giauottm
1333 1223 1466 1269 Dorst.
1480 1221 1678 1269 Medicus
1693 1241 1786 1269 non
1799 1227 2009 1289 integram
2022 1243 2314 1272 nummorum

214 1288 362 1337 seriem
371 1325 385 1344 ‚
401 1286 468 1335 sed
481 1284 694 1355 quosdam
709 1284 929 1353 praeclaros
942 1288 995 1335 ab
1008 1293 1206 1336 Armenis
1219 1290 1396 1337 Liburni
1410 1307 1579 1357 emptos
1592 1296 1879 1356 comparavit,
1895 1290 1918 1338 a
1930 1310 2022 1359 quo
2036 1292 2312 1341 Gordianum

215 1356 308 1406 Afr.
323 1362 544 1405 Seniorem
562 1361 766 1404 Graccum
781 1354 972 1404 Cimelio
987 1354 1387 1406 Cenomanenfium
1403 1364 1536 1407 Ducis
1549 1358 1572 1406 a
1585 1360 1709 1407 nobis
1724 1359 1940 1422 adieetum
1953 1368 2207 1427 accepimus.

283 1424 463 1492 Anglia,
501 1423 598 1473 licet
620 1426 673 1473 ab
698 1424 815 1473 Italia
836 1444 1127 1474 nummorum
1141 1445 1311 1493 parente
1324 1426 1455 1496 longe
1471 1426 1606 1476 dissita
1617 1465 1632 1486 ,
1656 1447 1808 1476 eorum
1824 1447 1968 1477 tamen
1984 1428 2149 1478 sedulos
2165 1430 2314 1479 habuit

215 1505 260 1544 &
274 1495 402 1544 habet
414 1492 663 1543 60116610163
684 1515 694 1541 :
734 1500 827 1544 Rex
854 1500 1092 1546 CAROLUS
1117 1501 1149 1544 1.
1176 1495 1256 1544 hac
1269 1502 1395 1544 omni
1415 1495 1719 1564 elegantiarum
1733 1496 1973 1564 supellectili
1986 1497 2228 1564 plurimum
2241 1499 2313 1547 de-

210 1562 383 1614 lestatus
393 1601 406 1620 ,
426 1562 611 1631 plurima
624 1562 884 1632 conquisivit
897 1564 1178 1621 numismata,
1198 1586 1246 1613 ex
1265 1567 1426 1634 quibus
1443 1585 1566 1614 aurea
1577 1567 1747 1615 tantum
1760 1572 1805 1614 in
1819 1566 2018 1615 ordinem
2031 1567 2196 1616 redatCta
2215 1575 2315 1617 CA-

210 1653 365 1684 Roms
393 1639 446 1682 11.
475 1631 675 1700 singulari
689 1634 948 1700 benignitate
961 1632 1077 1682 dedit
1090 1634 1199 1683 mihi
1213 1633 1380 1683 visenda
1401 1656 1410 1682 :
1448 1633 1515 1684 sed
1529 1641 1735 1684 omnium
1748 1642 1996 1703 congeriem
2015 1639 2229 1704 JAcossus
2256 1644 2308 1686 11.

209 1701 382 1752 feliciter
399 1722 577 1771 regnans
594 1708 640 1751 in
663 1702 830 1751 loculos
854 1713 897 1753 &
922 1703 1068 1752 scrinia
1091 1703 1278 1753 ordinari
1300 1711 1508 1772 praecepit.
1561 1712 1612 1754 In
1634 1723 1742 1774 quas
1768 1723 1921 1753 manus
1939 1707 2119 1754 abierint
2136 1712 2312 1756 nummi

208 1773 444 1840 Bukingami
458 1777 577 1821 Ducis
593 1782 636 1822 &
651 1774 858 1821 Arundelii
872 1779 1049 1830 Comitis,
1068 1773 1092 1821 a
1105 1775 1256 1821 nostris
1271 1777 1534 1842 Antiquariis
1547 1774 1689 1842 saepius
1703 1773 1878 1823 laudatis
1888 1811 1902 1832 ‚
1917 1774 2109 1841 detegere
2122 1796 2215 1824 non
2230 1795 2310 1843 po-

206 1847 283 1891 tui.
323 1840 646 1891 Collecstionem
660 1843 713 1891 ab
727 1848 913 1892 Oratore
927 1842 1156 1912 quondam
1169 1842 1283 1910 apud
1296 1849 1485 1893 Venetos
1500 1846 1722 1910 Dodington
1735 1862 2044 1911 comparatam,
2060 1845 2175 1913 apud
2186 1844 2312 1912 ipfius

205 1910 389 1960 haeredes
402 1911 600 1961 venalem
615 1911 837 1960 docemur.
867 1919 992 1961 Comes
1006 1913 1259 1978 Piterboroug
1276 1918 1439 1979 primus
1456 1919 1582 1979 Regis
1595 1912 1889 1960 Cubicularius
1904 1913 1957 1961 ad
1970 1913 2095 1961 suurn
2108 1920 2167 1963 rei
2182 1933 2312 1964 num-

203 1985 352 2029 mariae
367 1977 569 2027 Museum
583 1984 628 2026 in
642 1977 884 2027 suburbano
897 1981 1055 2046 palatio
1074 1980 1322 2029 asservatum
1337 2018 1350 2037 ,
1387 1999 1459 2028 me
1477 1980 1592 2048 prius
1605 1980 1736 2048 epulis
1750 1980 1993 2029 adhibitum
2008 1980 2185 2031 deduxit
2196 1988 2310 2033 invi-

202 2045 397 2096 sendum.
435 2056 568 2094 Comes
583 2047 857 2094 Clarendonius
875 2055 1002 2095 omni
1015 2048 1149 2095 laudis
1162 2068 1313 2114 genere
1330 2048 1577 2115 specstandus
1586 2085 1600 2107 ‚
1629 2067 1838 2098 nummos
1852 2055 2013 2098 eximio
2027 2051 2223 2119 quodam
2238 2051 2310 2101 de-

203 2114 318 2165 166111
332 2113 580 2183 singulares,
619 2117 717 2179 post
739 2112 882 2182 epulas
905 2121 1034 2164 etiam
1055 2114 1322 2173 lautiffimas,
1346 2117 1515 2166 summa
1529 2137 1632 2168 curn
1646 2123 1807 2185 ingenii
1828 2128 1872 2167 &
1886 2118 2134 2168 eruditionis
2149 2119 2309 2188 fignifi-

202 2191 374 2235 catione
393 2203 487 2234 non
499 2183 625 2232 semel
639 2184 828 2233 exhibuit
847 2205 857 2232 :
896 2183 950 2233 ad
963 2185 1043 2233 hos
1056 2203 1200 2234 autem
1214 2191 1437 2252 primarios
1451 2193 1563 2237 viros
1578 2188 1690 2236 mihi
1701 2193 1837 2255 patuit
1851 2186 1986 2239 aditus
2000 2208 2075 2256 per
2086 2189 2305 2239 eruditiffi-

203 2274 332 2304 mum
351 2259 483 2304 13061.
500 2252 713 2316 Fraifierum
731 2272 825 2302 non
839 2253 982 2302 minus
996 2254 1020 2302 a
1035 2261 1152 2322 Rege
1164 2256 1301 2324 quam
1314 2257 1366 2304 ab
1382 2255 1540 2306 Aulicis
1555 2258 1803 2326 probatum.
1829 2262 1969 2326 Eques
1987 2266 2124 2326 Georg-
2138 2261 2307 2309 Weheler

203 2345 254 2373 ex
269 2324 376 2373 Afiae
398 2329 735 2392 peregrinatione
752 2342 963 2372 nummos
978 2323 1186 2392 elegantes
1201 2329 1375 2374 Graecos
1398 2326 1559 2384 attulit,
1632 2346 1792 2376 uorum
1809 2327 2143 2394 explicationem
2156 2348 2305 2377 verna-

204 2392 298 2442 cula
315 2393 462 2462 lingua
481 2393 624 2442 edidit.
664 2399 720 2442 D.
736 2394 946 2441 Charleton
957 2392 1159 2442 collet‘stos
1172 2395 1365 2463 undique
1376 2347 1734 2463 praestantilllnnos
1749 2403 1793 2445 in
1809 2397 1965 2445 Museo
1980 2417 2120 2446 rerum
2137 2415 2304 2447 natura-

201 2461 311 2512 lium
324 2465 505 2512 affervat.
544 2461 741 2511 Pretiosas
752 2462 841 2512 ilias
854 2468 1113 2532 antiquitatis
1129 2483 1287 2513 merces
1300 2467 1504 2514 Wllelmus·
1512 2467 1699 2514 Falchner
1713 2485 1764 2514 ex
1775 2465 2066 2515 Orientalibus
2081 2465 2234 2534 plagis,
2255 2472 2303 2516 in

200 2535 358 2601 quibus
380 2552 481 2582 eum
505 2531 693 2589 offendi,
729 2550 804 2599 per
821 2531 1055 2581 duodecim
1076 2553 1212 2582 annos
1234 2536 1454 2601 congestas
1471 2535 1725 2584 Londinum
1737 2534 1983 2602 asportavit,
2023 2557 2072 2584 ex
2091 2541 2138 2584 iis
2157 2554 2301 2586 autem

201 2601 387 2668 plurima
401 2600 586 2650 Cimelia
598 2601 872 2669 locupletavit
882 2639 895 2659 ,
915 2620 1010 2670 quae
1024 2622 1086 2650 res
1099 2601 1371 2652 occasionem
1385 2602 1462 2671 ipfi
1475 2607 1662 2671 praestitit
1674 2623 1884 2653 nummos
1896 2603 2123 2673 exquisitos
2138 2625 2186 2652 ex
2200 2604 2300 2653 Afia

201 2672 398 2725 emendi,
419 2669 534 2716 unde
549 2670 778 2734 stupendus
789 2670 859 2718 ille
873 2677 1093 2720 Maximus
1110 2690 1329 2739 argenteus
1354 2678 1654 2722 PEscENNlus
1663 2709 1677 2730 ,
1702 2694 1751 2722 ex
1771 2673 1941 2740 Aleppo
1955 2673 2007 2722 ad
2021 2693 2122 2721 eum
2140 2674 2296 2731 missus,

203 2749 248 2787 &
271 2757 377 2786 mox
401 2755 577 2784 mecum
602 2744 949 2787 communicatus
973 2776 986 2796 ,
1023 2738 1270 2806 supremum
1300 2746 1346 2789 in
1385 2746 1418 2789 L
1429 2744 1475 2789 U
1487 2748 1530 2791 D
1541 2748 1586 2790 O
1599 2749 1641 2791 V
1653 2748 1670 2790 1
1683 2747 1752 2791 CI
1789 2747 1843 2791 M
1859 2750 1894 2789 Α
1908 2747 1949 2790 G
1963 2747 2007 2791 N
2023 2747 2040 2790 1
2076 2741 2296 2791 Thesauro

198 2806 352 2858 locum
372 2825 490 2854 nunc
511 2806 690 2863 obtinet.
728 2811 780 2853 In
794 2806 934 2854 Walia
950 2811 1009 2855 1ll.
1025 2807 1289 2874 Asaphapoluc
1302 2807 1505 2875 Episcopus*
1523 2828 1815 2859 nummorum
1836 2808 1976 2859 fautor
1996 2816 2208 2878 egregius,
2250 2822 2296 2877 ὃς,

231 2882 354 2926 eritus
369 2877 618 2932 aestimator,
657 2874 720 2923 his
741 2873 987 2925 indubitatis
1009 2877 1192 2925 historice
1214 2885 1511 2927 monumentis
1525 2885 1841 2947 Imperatorum
1858 2885 2168 2929 Romanorum
2182 2883 2296 2947 gesta

197 2945 371 2995 feliciter
383 2943 582 3001 illustrat,
609 2947 870 3012 Trajanique
887 2951 1020 2994 vitam
1035 2964 1117 3013 pro
1131 2945 1360 3014 specimine
1373 2946 1512 2997 videre
1526 2950 1653 2998 nobis
1666 2948 1817 2998 datum
1832 2950 1902 2998 est.
1943 2948 2024 2998 Sed
2036 2949 2107 2996 hic
2121 2956 2168 2996 D.
2183 2952 2293 2998 Gail-

192 3017 300 3065 hard
314 3013 534 3082 Anglum,
558 3020 634 3082 qui
649 3015 707 3062 ob
721 3020 1077 3082 peregrinationes
1090 3014 1330 3084 frequenter
1343 3023 1389 3066 in
1407 3015 1546 3067 Gallia
1559 3024 1718 3067 morari
1734 3017 1923 3075 videtur,
1949 3023 2054 3067 inter
2068 3015 2292 3068 ditiffimos

195 3084 322 3148 hujus
335 3086 505 3133 vetustae
521 3089 743 3133 memoriae
763 3084 1003 3151 poffeffores
1017 3104 1296 3134 annumerare
1316 3085 1447 3136 liceat.
1487 3086 1624 3155 Belgae
1640 3094 1831 3156 Spartam
1846 3087 1957 3136 hanc
1971 3092 2101 3135 etiam
2111 3107 2291 3137 exorna-

195 3172 308 3204 runt.
346 3153 587 3216 Arschotani
599 3160 723 3202 Ducis
736 3152 976 3203 Cimelium
990 3153 1014 3203 εἰ
1027 3161 1082 3202 Io.
1093 3158 1309 3204 Hemelario
1327 3163 1440 3206 notis
1453 3154 1673 3206 luculentis
1686 3156 1957 3224 explicatum,
1970 3162 2014 3204 in
2028 3154 2172 3204 lucem
2185 3177 2290 3224 pro-

194 3223 284 3274 diit.
304 3229 493 3273 Laevinus
505 3229 725 3272 Torrentius
745 3221 974 3291 Episcopus
987 3223 1304 3293 Antuerpienfis
1319 3230 1574 3276 Suetonium
1587 3233 1780 3276 nummis
1793 3231 1972 3274 ornavit.
2000 3227 2184 3274 Goltzius
2197 3232 2288 3275 ico-

191 3312 267 3343 nes
280 3292 618 3362 quamplurimas
634 3299 702 3341 M.
713 3298 880 3342 Laurini
899 3292 1029 3360 opera
1047 3292 1219 3362 collegit
1236 3293 1442 3345 &incidit
1454 3330 1468 3353 ,
1506 3315 1653 3345 earum
1671 3313 1856 3364 quatuor
1878 3312 2029 3344 tomos
2050 3297 2153 3347 Lud.
2170 3302 2285 3345 Non-

191 3368 277 3412 nius·
291 3365 469 3411 Medicus
486 3368 808 3412 commentariis
828 3361 1078 3412 dostiffimis
1099 3369 1143 3413 in
1167 3364 1309 3412 lucem
1329 3369 1484 3414 iterum
1507 3371 1730 3414 revocavit.
1776 3365 1956 3412 Andreas
1979 3366 2162 3413 Schotttos
2186 3370 2226 3413 S.
2242 3369 2281 3432 J.

193 3433 396 3482 Museum
406 3435 574 3482 Nic-olai
587 3433 736 3480 Roccok
756 3438 918 3500 Equitis
933 3452 1035 3482 cum
1050 3439 1194 3482 iterata
1206 3432 1392 3483 editione
1406 3434 1667 3485 Arschotana
1684 3433 1853 3482 eruditis
1870 3436 2283 3501 interpretationibus

191 3501 415 3570 evulgavit.
454 3502 616 3567 chifletii
633 3502 767 3550 ambo
785 3509 841 3549 Io.
853 3504 982 3552 iacobi
999 3502 1099 3560 filii,
1137 3505 1315 3551 Claudius
1331 3504 1508 3573 quidem
1528 3503 1580 3551 de
1597 3509 1777 3572 antiquo
1796 3502 2074 3559 numismate,
2089 3508 2281 3550 Henricus

191 3570 292 3622 verb
306 3571 358 3621 de
371 3570 562 3621 Othonis
576 3576 769 3620 nummis
783 3570 982 3639 scripsere.
1011 3577 1229 3621 Gevartius
1241 3575 1323 3641 JC.
1354 3579 1546 3641 Uterque
1560 3574 1748 3621 Rubenius
1764 3583 1806 3622 δε
1823 3573 2057 3620 Schinkelius
2069 3591 2278 3620 nummos

188 3640 384 3710 undique
400 3659 714 3708 compararunt.
755 3646 924 3690 Batavia
932 3677 946 3698 ,
969 3641 1155 3703 ejusdem
1170 3641 1314 3709 gloriae
1329 3641 1504 3698 aemula,
1533 3641 1626 3691 suos
1638 3648 1787 3710 pariter
1800 3641 1954 3691 harum
1972 3645 2277 3708 antiquitatum

190 3709 375 3759 vindices
389 3710 505 3768 tulit,
544 3717 629 3758 Iac.
643 3709 802 3773 Ozfizlius
821 3729 955 3778 nuper
973 3710 995 3759 ὲ
1010 3717 1114 3760 vivis
1131 3728 1294 3778 ereptus
1303 3747 1316 3768 ,
1336 3717 1681 3768 commentariis,
1721 3719 1881 3777 Cuperus
1897 3721 1940 3760 ἃ
1954 3717 2035 3758 Iac.
2046 3714 2274 3758 Perizonius

190 3777 538 3829 dissertationibus
553 3799 762 3829 nummos
775 3779 1044 3830 illustrarunt.
1079 3782 1222 3829 Daniel
1229 3781 1404 3846 Heinsius
1416 3791 1458 3832 &
1474 3788 1529 3829 Io.
1542 3789 1728 3848 Georgius
1738 3786 1921 3829 Graevius
1930 3817 1942 3836 ‚
1963 3780 2096 3839 ambo
2109 3778 2259 3845 praecla
2268 3808 2279 3816 -

190 3867 236 3897 ra
251 3855 482 3917 provinciae
500 3849 579 3900 suae
596 3848 763 3900 lumina
781 3884 794 3908 ,
831 3849 900 3900 ille
919 3868 1056 3918 nuper
1072 3867 1269 3900 mortuus
1286 3886 1300 3907 ,
1337 3856 1524 3919 antiquae
1544 3851 1669 3915 hujus
1687 3849 1901 3917 elegantiae
1919 3846 2057 3898 cultor
2075 3852 2275 3962 eximiilis,

1343 3921 1375 3955 >l<
1394 3921 1426 3956 ³0<
1473 3940 1489 3980 3
2220 3920 2280 3963 ,lic
