2491 4219
935 104 1572 157 GALLIENus.
2185 116 2282 173 24}

190 169 400 211 dedicavit.
442 167 574 223 Hujus
598 170 731 224 templi
747 170 906 226 figuram
932 183 1114 225 tanquam
1139 187 1238 226 opus
1262 175 1547 216 celeberrimum
1570 176 1681 230 Tyrii
1701 177 1739 216 in
1760 178 1837 218 hoc
1858 190 2018 218 nummo
2037 180 2275 232 repraesenta·

189 236 287 265 runt.
318 224 381 263 De
400 222 572 265 Viff'coria
591 225 778 266 columnae
796 225 972 280 impofita
990 240 1033 268 ut
1050 228 1100 268 de
1110 228 1238 269 Sileno
1256 243 1300 267 ac
1320 230 1541 284 Conchylio
1559 232 1658 272 urbis
1678 231 1849 285 symbolo
1870 231 2000 286 passim
2020 233 2201 274 diximus.
2271 231 2275 233 ’

241 301 408 358 Uterque
422 315 593 343 nummus
602 306 734 357 primae
749 305 1022 360 magnitudinis
1027 316 1101 361 pro
1117 320 1200 347 raro
1216 305 1417 346 habendus.

240 893 263 919 c
276 893 301 918 o
315 892 350 918 L.
382 890 407 916 τ
420 890 445 916 Y
460 890 490 917 R
502 890 542 916 o.
571 890 608 916 M
621 890 643 917 E
658 891 695 917 T.
725 876 879 917 Colonia
896 877 1012 932 Dros
1028 878 1261 935 Asletropolis.
1291 881 1431 937 Figura
1446 881 1564 924 virilis
1575 880 1678 923 nuda
1701 881 1864 924 extenfis
1882 882 2066 924 ambabus
2082 883 2192 939 supra
2207 884 2271 936 tri-j

292 947 456 978 remem,
482 932 522 971 in
537 946 623 972 area
638 933 913 986 Conchylium.
1828 959 1835 968 ,

232 1011 374 1065 Figura
391 1011 504 1051 virilis
524 1010 649 1057 nuda,
679 1010 866 1051 Hercules
882 1008 937 1051 est
951 1011 1094 1066 Tyrius
1111 1013 1219 1067 supra
1234 1015 1424 1057 triremem
1442 1015 1610 1071 positus,
1636 1029 1684 1056 an
1701 1026 1883 1070 tanquam
1906 1017 2115 1058 triremium
2132 1017 2269 1061 inveni

180 1077 262 1114 tor,
290 1080 384 1121 quas
402 1066 583 1106 fabricare
598 1066 739 1120 Tyrios
757 1066 926 1106 docuiss‘e
941 1079 1066 1108 narrat
1081 1068 1253 1110 Nonnus
1271 1071 1290 1109 l.
1312 1084 1376 1123 40.

518 1124 626 1166 Δι’ῷρον
640 1122 715 1156 dade
730 1120 845 1169 χεδῖζω
862 1121 1064 1162 nemim-mov,
1090 1123 1106 1161 ἢ
1120 1124 1184 1171 2132
1199 1125 1287 1159 πίντ3

516 1177 616 1213 ”specte
637 1171 780 1215 ὀχλίζειε.
1181 1215 1183 1218 ¹

519 1218 678 1257 Currum
693 1219 808 1257 maris
824 1219 1108 1273 extemporalem
1115 1220 1240 1274 primc)
1255 1223 1521 1278 nav4gantem,
1547 1224 1613 1278 qui
1622 1233 1690 1280 per
1696 1232 1857 1276 pontum

519 1273 597 1312 Vos
612 1281 773 1312 moveat.
1189 1320 1192 1324 Ι
1447 1298 1451 1300 -
1592 1299 1595 1302 <

178 1330 244 1370 Αη
268 1328 361 1368 vero
384 1328 437 1368 ob
460 1340 518 1367 res
543 1328 591 1367 ab
617 1341 666 1367 eo
685 1341 752 1381 per
766 1342 869 1368 mare
887 1328 1029 1382 gestas,
1058 1343 1139 1370 non
1160 1332 1281 1371 modo
1294 1345 1422 1375 autem
1439 1333 1648 1374 Herculem
1663 1332 1828 1387 Tyrium
1842 1333 1891 1373 ad
1910 1334 2044 1375 Gades
2061 1335 2273 1390 pervenisse

177 1384 291 1425 tradit
307 1382 537 1429 Clearchus,
565 1382 658 1423 teste
675 1383 813 1424 Isaacio
832 1383 1098 1437 Lycophronis
1113 1386 1341 1440 interprete,
1369 1389 1432 1429 sed
1450 1395 1489 1429 &
1507 1389 1686 1429 Arrianus
1702 1402 1864 1442 quoque
1882 1389 2064 1436 affirmat,
2094 1396 2148 1430 τὸν
2164 1396 2270 1437 τύφων

177 1447 328 1489 Ηῦικλὲα
341 1451 394 1478 we
411 1442 475 1478 a&
489 1443 526 1476 πὶ
545 1440 678 1487 solda&
693 1442 783 1478 τάπης
799 1443 998 1486 &nomam-
1028 1441 1180 1492 Tyrium
1197 1441 1399 1483 Herculem
1416 1445 1470 1484 ad
1481 1443 1558 1484 loca
1577 1442 1748 1483 Gadibus
1766 1445 1897 1483 vicina
1913 1442 2098 1498 acceffisse.
2120 1448 2272 1489 Hercu-

176 1496 231 1536 les
257 1494 408 1536 brachia
432 1495 604 1536 extendit
629 1507 809 1549 tanquam
833 1495 923 1534 hinc
947 1499 984 1534 ὃς
1006 1496 1098 1537 inde
1121 1497 1254 1537 itinera
1278 1498 1342 1537 sua
1368 1498 1596 1545 ostendens,
1623 1499 1682 1540 vel
1707 1499 1880 1553 undique
1897 1515 1965 1554 per
1981 1514 2083 1541 mare
2098 1504 2270 1546 eundum

176 1551 251 1592 effi:
265 1551 422 1592 docens.
452 1550 614 1602 Tyrium
632 1550 843 1590 Herculem
863 1550 1033 1591 Nonnus
1051 1552 1337 1606 Astrogitonem
1357 1554 1522 1607 appellat
1539 1575 1551 1601 3
1580 1555 1764 1595 Eusebius
1788 1554 1945 1607 Praepar.
1972 1555 2032 1595 lib.
2062 1569 2093 1596 1.
2114 1557 2272 1600 Phoeni·

174 1620 264 1647 cum
280 1607 409 1660 lingua
426 1604 569 1645 diuum
588 1604 696 1645 fuiss‘e
713 1606 838 1644 Alelec
858 1605 1028 1652 Cartha,
1056 1605 1118 1646 seu
1138 1607 1278 1661 Regem
1300 1610 1415 1649 urbis.
1444 1609 1555 1649 Illum
1576 1610 1704 1649 Minoi
1731 1612 1877 1663 mssaegovov
1899 1610 1989 1650 facit
2007 1611 2140 1652 Suidas
2163 1628 2171 1652 ε
2201 1627 2269 1653 Ave-

174 1661 260 1705 φαίνῃ
284 1661 304 1703 {5
326 1665 372 1693 ἐπὶ
394 1662 504 1695 Μίνωος
527 1664 670 1704 Ηξρικλῆς
693 1659 819 1701 Thy&
834 1683 844 1699 ‚
870 1660 897 1695 ἴς
920 1659 988 1707 όῖῗξε
1012 1659 1066 1694 vlu>
1088 1661 1211 1706 βαφῖα)
1231 1663 1259 1697 ‘1⁸
1281 1660 1447 1707 κωλεμῆύης
1467 1663 1612 1709 ΚοΓχόλης
1628 1689 1637 1703 ,
1662 1664 1721 1698 Son?
1743 1666 1820 1700 κυνός
1836 1664 2034 1709 αἱμαχθέντα
2056 1666 2107 1702 ‘zvis
2123 1667 2267 1712 σιαγόνας.

171 1707 363 1749 Inclaruit
388 1707 520 1746 Minoe
543 1717 723 1761 regnante
755 1708 940 1748 Hercules
968 1708 1120 1760 Urius,
1149 1712 1215 1764 qui
1235 1722 1409 1764 pitrpurae
1433 1714 1641 1752 tincturam
1665 1715 1837 1759 invenit,
1857 1714 2050 1767 post'quam
2075 1717 2180 1754 canis
2205 1717 2269 1766 fui

172 1762 354 1804 maxillas
372 1761 564 1808 Conchylti
568 1762 682 1813 sanie
707 1763 873 1812 infestas
896 1764 1122 1815 observaret.
1161 1765 1231 1806 Ob
1255 1767 1361 1806 usum
1386 1781 1563 1822 purpura:
1588 1769 1788 1809 inventum
1813 1768 1923 1821 Tyrii
1946 1768 2206 1824 Couchylium
2226 1772 2269 1813 in

174 1818 343 1860 nummis
357 1831 429 1871 pro
443 1817 544 1857 urbis
561 1819 635 1857 suae
651 1818 786 1872 infigni
800 1818 1067 1873 apposuerunt.

176 1904 180 1910 ·
226 1886 311 1928 Hic
326 1900 498 1929 nummus
512 1887 668 1944 majoris
673 1887 815 1942 formae
831 1891 931 1930 inter
935 1889 1215 1944 praestantiores
1231 1889 1483 1943 recensendus.

223 2501 246 2525 c
258 2499 283 2524 o
295 2499 333 2524 L.
363 2496 388 2522 τ
400 2496 426 2522 Y
441 2495 471 2522 R
481 2496 522 2521 o.
554 2495 591 2521 M
602 2495 626 2521 E
638 2495 676 2522 τ.
706 2479 860 2521 Colonia
879 2479 993 2535 Tyros
1010 2479 1244 2535 Metropolis.
1273 2477 1345 2521 Vir
1359 2480 1485 2521 nudus
1501 2479 1657 2522 brachio
1672 2478 1885 2536 strophium
1902 2495 2061 2537 gerens,
2087 2482 2181 2526 saxo
2197 2483 2269 2536 set·-¹

279 2550 436 2594 pentem
456 2548 588 2578 contra
605 2537 642 2577 se
657 2537 827 2578 ereetum
844 2537 996 2591 impetit
1013 2551 1020 2576 :
1049 2537 1088 2576 in
1104 2550 1189 2577 area
1205 2536 1478 2590 Conchylium.

214 2621 304 2675 Jam
330 2615 473 2671 prodiit
499 2615 626 2656 fimilis
648 2615 686 2654 in
717 2615 926 2668 Tyriorum
954 2615 1121 2655 nummis
1146 2613 1351 2655 Gordiano
1377 2615 1490 2656 tertio
1514 2614 1649 2655 dicatis
1676 2625 1816 2669 typus,
1846 2629 1963 2669 quem
1988 2616 2038 2658 ad
2059 2617 2264 2662 ,Cadmum

167 2674 359 2731 Agenoris
384 2671 481 2725 Tyri
507 2671 626 2726 Regis
656 2669 793 2717 filium,
821 2670 1027 2710 draconem
1056 2669 1146 2710 saxo
1170 2670 1414 2711 occidentem
1442 2670 1704 2711 revocavimus
1729 2686 1737 2709 :
1766 2670 2034 2713 dubitabamus
2052 2687 2100 2713 an
2117 2688 2197 2714 non
2214 2675 2265 2716 ad

165 2729 380 2771 Herculem
401 2727 566 2781 Tyrium
592 2725 774 2780 speuaret
795 2739 997 2772 nummus,
1027 2724 1091 2766 sed
1117 2726 1206 2766 cum
1233 2725 1354 2779 figura
1377 2725 1438 2765 illa
1461 2725 1575 2766 virilis
1603 2725 1643 2765 in
1669 2737 1835 2780 utroque
1862 2741 2023 2768 nummo
2050 2729 2263 2783 strophium

163 2787 263 2826 circa
279 2782 476 2824 brachium
496 2782 633 2821 laevum
649 2781 788 2821 habeat
805 2807 817 2827 ,
845 2785 884 2821 &
901 2781 1044 2821 Leonis
1060 2780 1221 2835 spolium
1240 2781 1407 2820 solemne
1428 2778 1472 2820 sit
1489 2781 1666 2821 Herculis
1684 2781 1849 2835 infigne,
1876 2783 2120 2836 proCadmo
2136 2785 2264 2838 statui·⁴

165 2854 272 2888 mus,
300 2838 394 2880 teste
411 2836 454 2877 N
457 2851 585 2884 onno,
613 2836 681 2891 qui
698 2836 894 2877 Cadmum
912 2835 1093 2890 serpentis
1108 2848 1225 2889 caput
1240 2835 1328 2876 saxo
1346 2835 1493 2890 fregiffi:
1510 2836 1672 2876 affirmat
1688 2836 1903 2890 Dionysiae.
1921 2838 1984 2878 lib.
2001 2851 2041 2890 4.

658 2891 746 2936 Aa&
761 2890 941 2937 ‹spemvrefow
953 2891 1088 2937 κοιρῆοιπς
1106 2891 1211 2925 ’ἔθλασε
1225 2894 1333 2935 πέτξῳ.
1972 2897 1977 2903 ’

657 2938 923 2980 Summitatem
939 2940 1113 2979 draconei
1131 2941 1269 2992 capitis
1274 2939 1402 2992 fregit
1407 2940 1521 2991 faxo.

162 2998 318 3041 Veritas
331 2996 447 3049 hujus
464 2995 599 3036 fabulae
617 2994 666 3034 fic
683 2995 718 3034 se
735 2995 870 3041 habet,
901 2995 995 3035 teste
1009 2994 1230 3048 Palaepbato
1247 2993 1297 3034 de
1312 2994 1345 3034 F
1347 2995 1394 3034 ab
1425 3005 1557 3035 narrat.
1578 2995 1640 3035 lib.
1664 3008 1697 3035 1.
1727 2995 1856 3035 Draco
1871 2994 2148 3036 Thebanorum
2165 2995 2257 3039 Rex‘

162 3065 244 3094 erat
259 3080 271 3099 ,
301 3052 439 3092 Martis
462 3051 558 3090 filius
574 3077 585 3096 ,
613 3064 730 3104 quem
748 3050 924 3091 Cadmus
943 3049 1084 3090 occidit
1099 3076 1111 3095 ,
1139 3049 1297 3102 ejusque
1315 3062 1474 3104 regnum
1492 3051 1695 3103 occupavit
1713 3070 1724 3096 ;
1757 3051 1924 3104 indeque
1944 3049 2133 3090 finxerunt
2152 3052 2258 3093 Cad-

161 3121 270 3149 mum
286 3105 511 3148 interfecisse
529 3106 765 3159 serpentem,
794 3118 836 3146 ut
851 3104 1025 3145 describit
1044 3104 1213 3143 Nonnus
1237 3104 1325 3143 loco
1351 3105 1480 3144 citato.
1525 3104 1634 3158 Tyrii
1651 3108 1743 3145 vero
1759 3105 1899 3145 Cadmi
1921 3104 2063 3144 fastum
2086 3105 2134 3144 ad
2159 3107 2255 3148 anti-

159 3164 348 3218 quitatem
368 3161 469 3201 urbis
485 3160 728 3201 indicandam
739 3187 751 3207 ,
769 3172 810 3200 ut
826 3160 919 3212 Syrii
931 3161 1125 3212 Europam
1142 3162 1224 3212 ejus
1239 3158 1408 3198 sororem
1423 3158 1641 3213 frequenter
1654 3160 1692 3199 in
1710 3161 1873 3200 nummis
1890 3160 1962 3199 suis
1979 3160 2255 3202 exhibuerunt:

162 3223 323 3272 Agenor
337 3217 440 3256 enim
461 3230 595 3256 eorum
614 3228 722 3270 pater
737 3215 834 3271 Tyri
849 3215 938 3255 Rex
955 3214 1026 3254 fuit
1044 3212 1334 3268 antiquissimus.
1372 3214 1476 3256 Vide
1490 3228 1692 3256 nummum
1708 3215 1869 3270 Aquilia:
1884 3216 2029 3256 Severa:
2049 3229 2138 3271 pag.
2162 3229 2251 3268 101,

160 3277 199 3314 &
216 3271 406 3312 Gordiani
423 3272 520 3313 tertii
536 3285 619 3326 pag.
643 3285 658 3311 1
671 3284 732 3322 50.

213 3339 297 3380 Hic
311 3353 483 3380 nummus
499 3339 799 3395 mqjorisformae
807 3349 877 3393 pro
895 3337 1072 3390 rarzffimo
1088 3336 1365 3378 numerandus.-

202 3923 304 3965 Tam.
333 3918 400 3962 II.
1616 3917 1697 3966 Hh
1728 3926 1752 3964 2'
