2491 4219
176 106 284 151 *2¹22*
849 101 1604 154 VOLUSJIANU&

212 168 403 230 »Caesarea
421 168 623 209 Paiaestinae
639 167 807 209 Colonia
823 169 845 207 a
861 167 1119 221 Vespasiano,
1149 182 1189 221 p(
1203 169 1367 223 ›stquam
1385 173 1618 228 illeJudaeos
1635 170 1862 224 domuisset,
1890 180 1930 220 δε
1945 178 2034 233 ipfis
2054 181 2214 238 vestigal
2229 185 2300 227 im-‘

181 224 384 279 posuisset,
413 224 577 265 dedu&a
593 225 669 270 est,
699 225 788 284 cum
807 223 887 263 haec
903 224 996 264 teste
1006 222 1184 277 Josepho
1221 223 1272 263 de
1294 225 1362 265 bel.
1374 227 1469 281 Jud.
1491 230 1513 268 l.
1535 243 1568 283 3.
1584 245 1614 270 c.
1631 237 1693 271 26.
1717 233 1903 285 majorem
1917 235 2128 277 incolarum
2147 253 2298 292 partem

182 281 342 320 Graecos
363 280 442 332 jam
469 279 626 320 haberet
641 306 653 325 ,
683 283 721 318 δε
740 278 930 333 mdigenae
950 279 1091 319 affeetu
1109 279 1295 333 quodam
1315 280 1520 324 Romanos
1539 285 1742 340 diligerent
1754 314 1767 334 ,
1793 288 1856 329 illa
1872 302 2000 330 autem
2018 305 2196 336 nummos
2211 296 2298 338 Vo-

180 334 328 383 lusiano
353 335 577 388 Imperatori
598 337 618 374 a
637 345 744 387 patre
768 334 961 388 appellato
983 334 1175 389 gratulans
1207 334 1401 388 percuffit„
1437 337 1579 393 Figura
1601 342 1704 382 nuda
1725 342 1839 383 radiis
1860 344 2039 393 inflatus,
2069 349 2214 402 Apollo
2232 352 2298 393 seu

182 389 342 444 Solesl'e
361 390 512 443 videtur
527 416 538 435 ,
568 390 674 441 Deus
696 389 796 429 urbis
816 388 998 429 Caesareae
1015 389 1184 430 tutelaris
1208 416 1222 436 ,
1252 402 1295 430 ut
1307 390 1388 444 jam
1403 391 1443 431 in
1464 396 1667 437 Antonino
1685 397 1755 439 Pio
1775 379 1957 441 diximus⁰
1954 416 1993 454 p.
2013 405 2102 444 168.
2127 406 2190 445 cui
2206 406 2298 447 allu-

181 444 282 499 dunt
298 444 544 499 Caesarienses
564 445 603 484 in
622 443 821 484 Volusiani
846 445 1004 499 gratiam
1022 472 1034 491 ,
1064 444 1174 496 cujus
1210 445 1324 485 etiam
1347 459 1464 500 caput
1486 449 1526 489 in
1550 452 1737 493 anteriore
1753 456 1902 496 nummi
1923 469 2030 510 parte
2053 458 2166 500 radiis
2181 475 2296 502 orna-

183 512 295 554 ruat,
324 511 507 555 tanquam
528 498 755 555 Volusianus
780 499 873 540 esset
897 499 987 553 ipsis
1012 500 1156 553 Apollo
1182 499 1258 540 sseu
1285 501 1351 542 Sol
1376 502 1497 551 alter,
1524 505 1711 548 incumbit
1731 509 1891 563 quidem
1910 512 2033 554 Leoni
2091 516 2180 555 cum
2201 515 2297 558 teste

184 555 307 618 Arato
323 553 589 651 insPhobenpm.
617 554 698 594 Hic
713 553 891 596 notabilis
909 553 956 598 <sy
972 557 1162 609 maximus
1181 553 1481 612 iinterszgnaffl.
1517 559 1582 601 Sol
1595 560 1742 605 hastam
1759 578 1896 619 puram
1914 568 2033 623 gerit,
2047 541 2217 612 'solenne
2233 571 2295 614 di-

183 622 365 665 vinitatis¹
384 624 447 664 ym
467 625 502 663 ⁴o
519 624 595 650 um.
2293 622 2297 625 ’

196 707 208 712 -
220 701 221 704 ’
235 688 320 728 Hic
338 698 509 751 nummns
529 690 676 728 minimi
700 689 838 730 moduli
860 691 960 730 inter
985 690 1142 729 rariore-s
1162 691 1444 744 computandas
1458 720 1471 740 ,
1498 694 1554 733 ad
1565 709 1673 750 quem
1685 700 1858 752 pertinet
1874 701 1939 742 ille
1954 703 1996 744 in
2011 703 2134 744 indice
2149 704 2295 746 Patina·

173 753 265 801 pag.
278 754 303 784 'z
311 749 348 784 6.
364 744 572 799 descrtptm
581 771 594 791 ,
622 742 669 789 ό
682 744 707 786 a
718 746 820 787 Com.
833 744 1078 786 Mediobarbo
1092 747 1204 785 inter*
1217 747 1365 787 incerta
1379 748 1585 799 translatus
1594 762 1686 808 pag.
1701 759 1793 809 363.
2290 756 2294 760 ⁴

975 826 1508 895 D'A‘Masc‘vs.

186 1497 205 1526 1
217 1498 252 1526 Μ
266 1498 298 1525 1².
331 1497 357 1524 G
372 1497 398 1524 A
411 1498 514 1526 LLo
544 1497 572 1524 v
584 1496 610 1522 o
624 1497 650 1524 L
663 1497 689 1523 o
703 1496 721 1524 s
736 1497 780 1524 st
794 1496 819 1523 A
831 1496 863 1523 N
875 1496 902 1522 o
936 1496 964 1522 A
978 1495 1005 1522 v
1019 1494 1060 1521 G.
1100 1481 1236 1535 Caput
1251 1477 1454 1521 Volusiani
1467 1479 1690 1522 laureatum.

208 1581 213 1586 ,
239 1555 274 1606 (Ξ
277 1554 302 1580 ο
312 1555 350 1580 L.
383 1552 409 1578 Δ
422 1555 447 1582 A
459 1554 546 1581 MA.
576 1552 615 1579 M
628 1553 651 1580 E
665 1555 690 1580 1-
704 1554 745 1581 R.
783 1539 939 1581 Colonia
955 1537 1180 1591 ‘Damafins
1198 1537 1435 1591 Metropolis.
1481 1536 1691 1592 Cypressus
1715 1536 1827 1577 arbor
1852 1535 1951 1578 inter
1977 1549 2122 1592 equum
2148 1541 2189 1581 ὃς
2211 1542 2295 1583 tau}

266 1605 268 1607 ’
297 1608 395 1635 rum.
431 1605 433 1607 ’
764 1608 773 1613 “·
819 1601 821 1604 ·

200 1710 203 1712 ,
234 1673 451 1728 Damascus
475 1674 564 1715 urbs
590 1672 809 1729 Coelesyriae
834 1686 1015 1714 nummos
1040 1683 1082 1713 ut
1097 1670 1352 1712 Treboniano
1375 1670 1471 1724 patri
1498 1670 1548 1711 sic
1567 1667 1782 1712 Volusiano
1799 1667 1984 1724 percussit.
2026 1672 2102 1714 Sed
2127 1672 2177 1714 ad
2196 1674 2296 1730 quid
2348 1678 2350 1681 ’

185 1730 378 1784 cypressus
393 1744 482 1771 cum
503 1744 608 1784 equo
628 1734 666 1769 δε
686 1740 795 1770 tauro
819 1730 858 1768 in
881 1742 1044 1769 nummo
1065 1727 1232 1783 signatur
1253 1731 1268 1768 ?
1296 1741 1343 1766 an
1361 1727 1585 1766 Damasceni
1604 1725 1837 1767 feracitatem
1858 1728 1935 1782 agri
1955 1727 2009 1767 sui
2030 1729 2297 1782 repraesentare

186 1785 416 1831 voluerunt,
444 1785 702 1840 cypressorum
726 1784 884 1839 quidem
910 1783 1198 1824 multitudinem
1221 1785 1258 1824 in
1281 1784 1495 1828 montanis,
1525 1783 1564 1821 in
1580 1782 1743 1821 convalli
1765 1783 1858 1822 vero
1878 1793 2028 1835 pratum
2048 1784 2159 1838 equis
2173 1787 2212 1825 ὃ(
2227 1787 2296 1826 bo-

185 1840 256 1896 b'us
283 1840 428 1881 alendis
455 1839 641 1891 idoneum
669 1840 926 1881 denotantes?
955 1838 1242 1893 Chrysorrhoas
1266 1839 1368 1879 enim
1389 1838 1510 1878 amnis
1529 1850 1653 1878 totum
1677 1851 1807 1893 agrum
1824 1838 2004 1893 irrigabat
2025 1853 2033 1878 :
2060 1853 2109 1879 an
2130 1840 2295 1883 vero—illi

184 1895 344 1950 mystice
359 1896 594 1951 cypressum,
623 1892 789 1949 equum,
819 1900 856 1935 &
876 1896 1017 1936 bovem
1035 1894 1289 1936 exhibuerunt
1304 1922 1314 1940 ‚
1340 1892 1531 1949 cypressus
1550 1892 1707 1947 quidem
1727 1893 1803 1934 Soli
1824 1892 1949 1934 dicata
1965 1894 2037 1941 est,
2068 1905 2112 1935 ut
2127 1895 2166 1935 in
2183 1909 2296 1937 num-

186 1952 258 2004 mis
277 1951 574 2006 Heliopolitanis
591 1952 781 1998 diximus,
808 1950 873 1992 Sol
891 1951 996 2006 apud
1011 1950 1097 1992 illos
1116 1951 1218 1991 idem
1240 1963 1319 1991 erat
1339 1949 1548 2004 acJupiter
1561 1977 1571 1995 ,
1599 1949 1677 1989 Soli
1698 1948 1858 2004 quidem
1878 1963 2003 2003 equus
2019 1949 2297 1993 sacrificabatur

186 2007 280 2060 teste
298 2008 482 2059 Strabone
499 2007 561 2048 lib.
586 2021 645 2048 11.
665 2021 703 2061 p.
722 2019 813 2061 513.
848 2012 965 2046 Θεενδὲ
984 2020 1069 2045 Ham
1085 2011 1168 2058 μόνον
1183 2013 1322 2058 ἤγςνπψ
1354 2010 1433 2056 virg«,
1459 2010 1492 2044 δὲ
1515 2007 1686 2053 tmoav'scn.
1717 2004 1839 2047 Solem
1850 2006 2002 2048 unicum
2013 2005 2150 2049 ‘Deum
2164 2007 2298 2063 agnqfi

187 2066 305 2115 rant,
333 2066 438 2118 eique
455 2067 588 2118 equum
592 2061 826 2116 sacrificant.
867 2064 1088 2106 Lastantius
1105 2065 1166 2106 lib.

197 2118 205 2126 '
225 2166 228 2168 Ι
557 2130 559 2132 ·
681 2117 844 2158 Celerem
861 2120 1017 2167 Deum,
1045 2120 1154 2161 celeri
1171 2120 1334 2161 viHima
1344 2119 1512 2174 placant.

241 2172 362 2216 Ovid.
380 2174 418 2212 in
435 2171 567 2213 Fastis.
653 2184 658 2188 ⁴
681 2170 830 2211 ‘Placat
846 2186 936 2227 equo
954 2174 1102 2221 Tafis,
1128 2175 1249 2213 radiis
1267 2176 1481 2226 Hyperiona
1499 2173 1675 2212 cinerum.
1714 2176 1717 2181 '

187 2223 414 2278 B‘os'autem
424 2227 518 2281 Jovi
534 2225 791 2272 mactabatur,
819 2225 870 2266 de
886 2242 968 2280 quo
987 2227 1167 2282 Virgilius
1183 2227 1340 2268 iAEneid.
1365 2242 1423 2267 10.
1450 2228 1558 2281 super
1578 2241 1622 2268 ea
1641 2226 1793 2268 Ascanii
1812 2225 1910 2269 fasta
1923 2226 2017 2280 Jovi
2033 2233 2139 2271 vota:

203 2291 208 2295 ·
682 2280 742 2320 Et
745 2279 921 2332 statuam
936 2290 1026 2322 ante
1041 2294 1132 2321 aras
1147 2290 1289 2321 aurata
1294 2282 1431 2334 fronte
1432 2283 1660 2337 juvencum.

183 2339 380 2400 Juvenalis
396 2338 490 2380 vero
508 2336 674 2392 Virgilio
690 2335 948 2390 adstipulatur.

201 2400 209 2407 ⁷
791 2389 891 2431 Duc
908 2394 949 2432 in
967 2390 1157 2445 Capitolia
1175 2404 1353 2447 magnum

684 2446 953 2503 cretatumque
967 2448 1107 2487 bovem.

188 2505 418 2549 Damasceni
433 2503 493 2544 his
510 2503 672 2544 viffimis
690 2502 992 2544 demonstrantes
1011 2503 1048 2542 se
1067 2502 1207 2543 bovem
1217 2502 1312 2556 Jovi
1330 2516 1402 2557 pro
1418 2502 1693 2555 Treboniam,
1720 2514 1867 2557 equum
1884 2501 1977 2541 vero
1992 2501 2070 2543 Soli
2088 2501 2151 2542 seu
2170 2502 2294 2557 Apol-

188 2563 256 2606 lini
277 2576 349 2617 pro
367 2559 580 2603 Volusiano
597 2557 810 2599 sacrificasse
822 2585 834 2604 ,
862 2559 1072 2600 alludentes
1091 2559 1189 2613 patri
1210 2562 1248 2597 &
1265 2557 1342 2599 filio
1361 2558 1661 2612 Imperatoribus
1677 2586 1689 2606 ,
1717 2558 1827 2612 quod
1846 2556 1991 2611 Apollo
2007 2558 2099 2599 esset
2114 2556 2212 2599 filius
2220 2558 2294 2613 Jo-

189 2618 247 2660 vTis
260 2645 272 2663 ‚
302 2616 456 2657 Gallum
473 2629 544 2670 pro
554 2614 656 2668 Jove
669 2640 680 2660 ,
696 2617 739 2668 ¹&
752 2612 1007 2654 Volusianum
1026 2627 1097 2668 pro
1117 2613 1298 2667 Apolline
1315 2627 1596 2655 venerarentur.
1633 2614 1828 2668 Syriorum
1847 2625 1975 2654 autem
1989 2613 2210 2670 Theologia
2219 2613 2293 2669 Jm

188 2677 276 2715 vem
294 2672 443 2714 tantum
461 2675 498 2721 ὅς
511 2670 733 2724 Apollinem
746 2668 853 2710 Deos
871 2669 1120 2725 agnoscebat,
1148 2669 1229 2709 imo
1246 2669 1330 2710 illos
1345 2670 1512 2711 eundem
1531 2669 1606 2711 esse
1625 2669 1872 2712 existimabat.

239 2751 327 2805 Hic
343 2763 513 2793 nummus
525 2748 705 2804 sccundae
723 2748 997 2805 magnitudinis
1015 2749 1115 2790 inter
1134 2747 1329 2800 rariffimos
1345 2748 1628 2806 computandus,

245 3377 304 3405 co
318 3376 355 3404 L.
385 3373 446 3403 ΔΑ
461 3375 497 3402 Μ
511 3375 551 3402 A.
582 3374 619 3401 M
632 3374 656 3400 E
667 3374 692 3401 T
707 3373 749 3400 R.
788 3355 943 3400 Colonia
963 3351 1186 3408 Damascus
1207 3351 1443 3408 Metropolis.
1482 3351 1679 3397 Vexillum
1702 3349 1743 3392 in
1765 3363 1847 3406 quo
1883 3364 1944 3392 ιε
1957 3364 1998 3393 G.
2030 3364 2048 3392 1
2066 3364 2083 3392 1
2102 3351 2137 3392 1:
2166 3364 2195 3393 G
2207 3351 2289 3394 AL]

304 3418 421 3472 Legio
437 3420 555 3458 tertia
574 3415 751 3457 Gallica:
780 3415 822 3456 in
839 3414 920 3455 imo
935 3412 1025 3455 hinc
1045 3416 1084 3453 &
1098 3409 1190 3453 inde
1205 3410 1360 3465 Aquila.

239 3496 329 3552 Jam
358 3497 499 3549 prodiit
529 3496 593 3536 hic
619 3495 659 3535 in
686 3491 862 3535 Damasci
887 3492 1066 3532 Coloniae
1090 3489 1257 3532 nummis
1278 3488 1397 3530 Treb.
1421 3487 1539 3528 Gallo
1557 3486 1691 3528 dicatis
1707 3497 1841 3541 typus,
1869 3497 1985 3540 quem
2004 3484 2054 3525 ad
2070 3484 2290 3528 Veteranos'

192 3551 424 3596 Damascum
446 3551 672 3592 transmissos
699 3549 865 3604 spestare
889 3547 1053 3588 diximus
1069 3573 1082 3594 ,
1116 3557 1160 3587 ut
1182 3544 1325 3585 indicat
1344 3543 1524 3585 vexillum
1543 3543 1582 3583 in
1606 3557 1687 3597 quo
1708 3543 1884 3597 Legionis
1901 3543 2024 3581 tertiae
2045 3540 2201 3580 Gallica
2217 3555 2290 3582 no-

195 3624 285 3651 men
305 3607 493 3652 scribitur,
521 3621 566 3647 ex
585 3621 660 3660 qua
679 3605 704 3645 ii
721 3606 760 3645 in
776 3603 984 3644 Coloniam
1002 3602 1159 3644 dedusti
1174 3600 1270 3642 sunt.
1312 3600 1353 3640 P.
1373 3598 1600 3640 Harduinus
1615 3613 1651 3651 p.
1675 3611 1763 3651 133.
1785 3608 1916 3638 contra
1934 3596 2109 3637 Patinum
2131 3597 2292 3650 Aquilas

193 3667 235 3706 in
254 3667 332 3705 imo
352 3661 477 3703 vexilli
500 3661 657 3716 signatas
679 3662 932 3714 Imperatores
949 3658 1242 3700 Trebonianum
1263 3660 1302 3697 &
1322 3654 1576 3698 Volusianum
1601 3653 1798 3748 desggnare
1820 3653 1953 3692 acriter
1971 3651 2195 3698 contendit,
2222 3650 2292 3692 sed

196 3721 246 3762 ad
264 3720 360 3776 quid
378 3718 428 3758 illi
448 3731 535 3767 cum
554 3718 688 3757 vexillo
707 3716 889 3772 Legionis
905 3743 918 3762 ,
947 3714 1056 3768 cujus
1072 3713 1210 3754 milites
1229 3714 1269 3753 in
1285 3711 1495 3753 Coloniam
1510 3724 1588 3750 non
1610 3709 1660 3749 de
1692 3720 1875 3754 uxerunt‚
1904 3721 2015 3762 nugae
2033 3721 2041 3746 ε
2069 3707 2158 3746 duae
2172 3707 2292 3762 igitur

193 3777 264 3817 illae
285 3775 433 3830 Aquilae
457 3774 496 3814 in
522 3773 600 3812 imo
625 3773 739 3813 labari
764 3773 813 3813 ad
840 3770 1018 3812 Coloniae
1041 3784 1088 3811 ex
1105 3768 1309 3811 Veteranis
1328 3769 1350 3807 a
1364 3766 1545 3820 Philippo
1561 3765 1717 3805 Seniore
1737 3763 1950 3805 constitutae
1968 3762 2155 3817 originem
2174 3762 2292 3816 perti·

195 3834 313 3877 n'cnt·‚
342 3831 425 3870 illos
449 3843 496 3870 ex
520 3828 665 3867 duabus
687 3827 919 3881 Legionibus
942 3826 1136 3866 traduetos
1157 3825 1393 3869 indicantes,
1422 3822 1516 3862 alios
1537 3821 1716 3860 nimirum
1735 3834 1782 3860 ex
1802 3818 1972 3873 Legione
1992 3818 2100 3858 tertia
2120 3817 2290 3865 Gallica,

195 3886 305 3940 cujus
324 3899 467 3928 nornen
480 3885 648 3926 labarum
668 3882 845 3931 exhibet,
871 3882 964 3925 alios
985 3882 1079 3925 vero
1095 3894 1144 3923 ex
1162 3879 1337 3938 Legione
1356 3878 1470 3922 Sexta
1483 3876 1517 3919 F
1519 3885 1639 3919 errata
1653 3902 1668 3924 ‚
1693 3874 1803 3929 cujus
1819 3887 1962 3916 nomen
1979 3874 2120 3929 pariter
2136 3873 2290 3926 inscrip-

2207 3938 2292 3974 tum
