2574 4214
328 177 389 222 76
983 156 1755 208 TIBERIUS.

328 245 423 271 mus.
463 229 712 270 Emeritenses
727 228 903 268 Coloniae
923 227 1135 268 fundatoris
1154 239 1344 266 memores
1360 252 1372 272 ,
1401 227 1491 267 cum
1508 223 1637 268 datam
1659 223 1680 262 a
1697 223 1838 265 Senatu
1854 218 2207 262 Tarraconensibus
2222 218 2418 263 condendi

330 287 416 340 post
437 285 595 339 Augusti
614 282 852 337 apotheosim
872 282 1002 336 templi
1022 281 1240 322 facultatem
1260 279 1544 325 intellexissent,
1571 291 1706 321 eorum
1725 277 1945 330 exemplum
1961 277 2117 322 imitati,
2146 276 2417 321 QAEternitati

331 340 508 392 Augullae
528 340 684 379 alterum
703 338 927 377 dedicarunt
943 363 954 382 ‚
974 336 1085 389 quod
1100 362 1113 383 ,
1141 347 1185 377 ut
1201 335 1348 378 Tiberii
1371 334 1438 376 filii
1458 332 1632 387 adoptivi
1657 332 1966 377 benevolentiam
1980 331 2050 372 fibi
2063 331 2349 381 conservarent,
2376 333 2418 374 in

330 395 425 434 illius
444 394 607 434 nummis
625 391 945 446 repraesentarunt.

386 470 466 510 Hic
481 483 649 511 nummus
654 468 832 521 sbcundae
850 466 1123 523 magnitudinis
1135 492 1147 511 ‚
1174 466 1276 504 inter
1293 466 1453 505 rariores
1469 464 1733 506 numerandus.

1116 557 1626 614 ERGAVIQA

333 1102 354 1128 τ
372 1103 396 1127 ι.
429 1104 451 1128 c
466 1102 489 1127 A
505 1102 527 1126 E
541 1101 559 1124 s
578 1101 598 1125 A
616 1100 644 1125 R
679 1100 704 1124 A
720 1099 745 1124 v
760 1100 784 1125 c,
798 1099 823 1124 v
838 1100 856 1124 s
872 1100 893 1125 T
910 1099 934 1125 v
950 1099 979 1124 s.
1019 1085 1153 1137 Caput
1168 1083 1318 1125 Tiberii
1333 1085 1559 1126 laureatumss

385 1158 407 1182 1:
420 1158 447 1182 n
461 1158 486 1182 G
500 1156 525 1181 A
542 1156 565 1180 v
584 1155 597 1180 1
614 1156 634 1180 c
650 1154 689 1180 A.
721 1141 765 1180 In
787 1155 929 1181 corona
950 1154 1126 1194 quercea.

383 1221 582 1274 Ergavica
596 1245 608 1264 ,
636 1219 724 1259 urbs
741 1219 1025 1260 Celtiberorum
1048 1219 1087 1258 in
1108 1218 1295 1273 Hispania
1308 1211 1588 1260 Tarraconenfi
1606 1245 1619 1266 ,
1647 1218 1746 1261 inter
1762 1218 1930 1260 celebres
1947 1219 1968 1260 a
1984 1218 2097 1260 Livio
2114 1217 2328 1260 recensetur
2343 1221 2426 1263 De·

329 1276 398 1314 cad
422 1289 453 1323 5.
472 1274 530 1313 lib.
556 1287 615 1312 10.
645 1274 844 1328 Ergavica
870 1275 957 1314 inde
983 1274 1115 1314 nobilis
1138 1273 1335 1328 &potens
1359 1277 1517 1316 civitas.
1553 1274 1622 1315 Illa
1645 1274 1686 1314 in
1709 1276 1876 1315 nummis
1901 1275 2158 1330 Municipium
2181 1274 2428 1330 perhibetur,

328 1330 392 1369 scd
415 1330 504 1370 cum
524 1328 787 1382 Ergaviccnses
808 1330 911 1383 apud
932 1330 1096 1370 Plinium
1117 1330 1178 1370 lib.
1201 1343 1236 1383 3.
1253 1345 1335 1385 cap.
1353 1343 1386 1384 3.
1414 1331 1514 1371 inter
1530 1329 1698 1385 populos
1719 1331 1945 1372 Latinorum
1961 1344 2135 1372 veterum
2152 1343 2427 1380 numerentur,

328 1385 586 1480 plunicipisum
614 1384 896 1480 finestsuffragio
923 1386 1057 1426 urbem
1083 1384 1192 1425 fuisse
1217 1384 1356 1428 fastam
1379 1385 1617 1440 suspicamur.
1659 1386 1821 1428 Corona
1844 1399 2009 1441 quercea
2031 1387 2084 1428 ob
2100 1387 2203 1428 cives
2223 1386 2246 1427 ὲ
2264 1385 2427 1431 Tiberio

344 1453 492 1480 CsVsstOS
530 1451 655 1494 ignata
672 1454 693 1480 C
730 1472 735 1478 .

381 1519 462 1559 Hic
480 1533 651 1560 nummus
666 1520 813 1558 minimi
834 1518 973 1558 moduli
985 1529 1054 1572 pro
1073 1531 1157 1564 raro
1175 1518 1458 1576 computandus.

329 2104 420 2132 mv.
453 2101 557 2130 Eae
573 2100 701 2131 avie
717 2100 755 2130 A,
787 2101 822 2129 c.
854 2099 915 2131 co
930 2096 1416 2133 a.1³1,oR0.,c.cA1÷:.
1447 2094 1556 2125 Anii
1571 2070 1684 2124 cruz.
1718 2095 1772 2122 11.
1802 2095 1914 2124 vnz.
1943 2080 2200 2137 Municzpt'um
2214 2079 2426 2139 Ergavica-1

442 2146 534 2187 Caio
549 2145 584 2184 C
582 2143 718 2186 omelia
732 2141 852 2186 Floro.
883 2143 975 2187 Caio
990 2141 1142 2186 Caecilia
1157 2138 1301 2183 Alacre
1319 2139 1574 2182 Duumviris.
1614 2139 1705 2179 Bos.
2397 2153 2401 2158 ·

385 2223 569 2278 Ergavica
586 2221 707 2263 modo
724 2235 812 2262 cum
829 2220 909 2262 solo
928 2221 1108 2268 nomine,
1137 2219 1259 2261 modo
1275 2232 1364 2260 cum
1381 2217 1591 2273 Municzpii
1610 2217 1722 2260 titulo
1738 2216 1971 2266 inscribitur3
1997 2217 2038 2258 in
2057 2216 2134 2258 hoc
2148 2218 2242 2259 vero
2261 2219 2425 2262 nummo*
2475 2269 2479 2272 ,

332 2283 370 2320 Sc
382 2279 619 2320 Duumviros
636 2278 721 2320 suos
738 2277 878 2334 signat,
906 2292 1011 2332 quos
1022 2278 1084 2323 alii
1101 2276 1325 2330 Municipes
1340 2274 1569 2317 Latinorum
1585 2286 1759 2317 veterum
1774 2275 1796 2315 a
1808 2273 1932 2315 Plinio
1947 2273 2119 2315 recensiti
2130 2287 2210 2314 non
2222 2273 2428 2322 exhibent,

333 2336 374 2376 hi
392 2349 527 2376 omnes
546 2334 834 2380 Cascantenses,
858 2333 1146 2388 Ergavicenses,
1167 2331 1455 2378 Graccuritani,
1483 2330 1758 2378 Leonicenses,
1785 2329 2075 2377 Oficerdenses,
2104 2329 2428 2384 Caesaraugustam*

333 2402 545 2431 conventus
566 2391 659 2430 sunt.
691 2390 863 2430 Cornelia
884 2403 976 2443 gens
995 2390 1033 2429 in
1052 2389 1173 2430 varias
1190 2388 1321 2442 stirpes
1336 2387 1452 2428 divisa
1468 2387 1542 2434 est,
1569 2386 1752 2440 nullaque
1771 2386 1882 2427 latius
1898 2385 2026 2440 sparsa.
2063 2384 2217 2432 Florus,
2245 2386 2266 2424 a
2284 2384 2427 2426 florum

334 2446 460 2486 studio
480 2456 646 2485 vocatus.
684 2445 747 2484 De
765 2444 918 2486 Caecilia
937 2445 1080 2485 dictum
1101 2445 1167 2486 est.
1203 2443 1346 2485 Alacer
1357 2467 1370 2490 ,
1399 2443 1421 2482 a
1439 2442 1613 2483 sensuum
1631 2442 1891 2483 universorum
1911 2442 2045 2497 vigore
2061 2452 2316 2496 nuncupatus.
2345 2441 2427 2482 Bos

336 2501 639 2555 Municipiorum
657 2500 801 2555 insigne
816 2500 882 2541 est.

390 2579 468 2618 llic
485 2593 653 2619 nummus
662 2580 839 2631 ficut-ldae
859 2579 1129 2637 magnitncfinis
1148 2579 1248 2618 inter
1269 2590 1373 2630 raros
1391 2585 1620 2617 numeratur.

1099 2679 1655 2725 GRACCURIS..

342 3309 409 3336 τι.
444 3307 652 3334 CAESAR
681 3307 802 3334 Divi
838 3305 950 3333 Avo.
984 3305 1020 3332 Ρ.
1054 3302 1320 3332 Avovsrvs.
1362 3287 1494 3342 Caput
1510 3285 1657 3327 Tiberii
1677 3284 1895 3328 laureatum.

395 3362 643 3389 MVNICIP.
674 3361 1008 3390 GRAccvius.
1049 3347 1127 3389 Bos
1146 3346 1299 3389 vittatus
1316 3343 1516 3385 seumfula
1534 3355 1701 3384 ornatus.

393 3427 593 3467 (irascaris
604 3453 614 3471 ,
641 3427 827 3480 oppidum
846 3426 1037 3481 Hispaniae
1048 3423 1342 3467 Tar1·aconenfis
1356 3451 1366 3470 ‚
1396 3435 1540 3463 nomen
1557 3421 1673 3463 habet
1692 3423 1713 3462 a
1724 3420 1814 3461 Tib.
1828 3419 2056 3475 Sempronio
2075 3414 2256 3462 Graccho
2270 3421 2418 3477 Scipio:

341 3485 396 3524 nis
420 3481 585 3522 Africani
604 3495 764 3534 genero,
792 3482 874 3535 ejus
891 3481 1071 3522 citerioris
1090 3479 1318 3520 Proconsule
1336 3480 1433 3519 circa
1450 3491 1592 3518 annum
1615 3479 1665 3518 U.
1685 3477 1735 3518 C.
1757 3489 1843 3528 574.
1864 3488 1952 3516 ante
1967 3475 2189 3516 CHristum.
2213 3490 2300 3528 179.
2325 3480 2415 3519 etim

341 3541 428 3579 ante=
446 3536 592 3576 lllttrcfis
610 3536 876 3588 appelluetur,
895 3550 936 3579 ut
954 3536 1066 3576 tradit
1080 3536 1213 3576 Sextus
1226 3534 1442 3588 Pompeius.
1473 3535 1699 3579 Graccum,
1711 3533 1846 3572 Iberiae
1861 3533 2020 3585 regionis
2034 3530 2123 3570 urbs
2139 3531 2243 3571 dista
2260 3532 2284 3572 ax
2297 3533 2418 3574 Grac-·

341 3595 408 3633 clo
428 3592 634 3644 Sempronio
651 3617 661 3635 ,
686 3604 765 3644 quae
788 3601 899 3630 antea
922 3591 1070 3630 illurn&
1087 3589 1351 3645 appellabatur.
1389 3589 1456 3629 llle
1480 3600 1609 3629 autem
1624 3587 1826 3629 Celtiberis
1845 3587 1952 3626 victis
1973 3601 2017 3626 ac
2035 3586 2174 3627 deditis
2193 3587 2294 3641 leges
2310 3589 2414 3642 pacis

338 3648 465 3693 dedit,
493 3650 528 3684 &
547 3645 764 3684 Graccurim
783 3647 914 3685 urbem
934 3647 971 3685 in
985 3646 1168 3698 Hispania
1184 3645 1396 3690 constituit,
1426 3657 1512 3697 quae
1527 3644 1622 3684 fasta
1639 3644 1693 3683 est
1705 3641 1987 3696 Municipium,
2017 3644 2056 3681 &
2072 3641 2231 3695 quidem
2250 3642 2328 3685 fine
2339 3643 2415 3684 suf-

340 3703 479 3755 fragio,
499 3703 585 3740 cum
604 3700 699 3739 iuter
712 3700 928 3739 Latinorum
947 3712 1117 3740 veterum
1132 3701 1298 3753 populos
1307 3700 1572 3739 Graccuritani
1589 3700 1610 3738 a
1625 3698 1750 3738 Plinio
1767 3697 1827 3737 lib.
1843 3710 1968 3750 3.cap.
1983 3709 2018 3758 3.
2031 3697 2302 3738 recenseantur.
2331 3699 2414 3738 La-

339 3761 501 3797 tinorum
517 3765 684 3794 veterum
697 3754 962 3805 Cascantenfi‘s
972 3782 983 3800 ,
1004 3755 1280 3808 Erga-vicenles
1290 3782 1300 3801 ,
1315 3755 1627 3800 Graccuritanos,
1643 3752 1905 3804 Leonicenses,
1922 3752 2180 3804 Oszcerdensks.
2209 3751 2289 3794 Bos
2304 3754 2413 3796 vitta-

340 3826 400 3853 tus
418 3810 588 3851 sacrificia
605 3822 675 3863 pro
688 3810 954 3848 decennalibus
962 3809 1107 3851 Tiberii
1118 3835 1128 3853 ,
1159 3809 1218 3848 vel
1238 3811 1289 3849 ob
1306 3810 1490 3850 sublatum
1507 3810 1684 3862 Seianum
1701 3819 1915 3862 perpetrata
1929 3807 2098 3848 denotat.

390 3890 470 3929 Hic
484 3901 651 3928 nummus
667 3886 857 3926 mediocris
867 3886 1005 3939 formae
1024 3888 1122 3926 inter
1140 3888 1297 3925 rariores
1316 3886 1590 3938 adscribendus.
