2574 4214
305 191 395 244 158
873 167 1804 238 HADR1ANU‘S.

302 249 494 290 rinthiacis
508 263 592 305 pag.
610 263 675 304 93.
703 255 851 290 Ανελὲέσι
867 256 899 289 δὲ
920 260 946 292 ἐς
961 257 980 289 2}
997 256 1224 301 Ακροκέωθον,
1250 256 1315 293 ναός
1330 262 1383 295 {sau
1399 260 1579 306 Αφςοὸίτης.
1610 255 1709 308 Jam
1720 258 1762 296 in
1772 254 1849 311 zpsb
1865 253 1921 295 ad
1927 256 2245 298 Acrocorinthum
2257 258 2389 308 aditu,

300 303 495 345 delubrum
507 305 557 357 est
570 306 733 346 Veneris.
765 307 960 347 Corinthii
975 320 1104 348 autem
1119 308 1312 363 quidquid
1329 312 1514 352 memoria
1530 311 1692 366 dignum
1703 312 1908 358 haberent,
1920 312 1960 352 in
1975 312 2141 353 nummis
2157 312 2362 369 fignarunt.

356 381 440 423 Hic
455 397 627 426 nummus
642 383 969 439 minimaeformae,
997 384 1133 426 obvius
1153 383 1202 429 (ἐν
1221 389 1342 428 tritus
1363 387 1424 440 cst.

297 948 313 977 1
329 950 360 976 M
371 950 406 976 ι’.
439 951 463 977 c
479 950 503 976 A
517 950 540 976 E
554 950 585 976 s.
618 950 645 976 n
660 949 686 976 A
700 950 726 976 D
738 950 782 977 R.
815 951 843 977 A
858 950 884 977 v
897 950 936 977 G.
966 934 1099 992 Caput
1119 935 1307 978 Hadriani
1321 936 1549 979 laureatum:

329 1005 333 1007 ’
350 1007 373 1033 c
385 1006 411 1032 o
425 1007 463 1032 L.
494 1008 520 1032 1,
534 1007 559 1032 A
575 1006 602 1032 v
615 1006 647 1032 S.
681 1006 696 1032 1
709 1007 735 1032 v
746 1008 785 1034 L.
817 1007 844 1032 A
859 1008 884 1033 v
898 1007 937 1033 G.
969 1007 991 1033 c
1004 1006 1030 1033 o
1042 1008 1081 1034 R.
1112 993 1268 1034 Colonia
1282 992 1393 1033 Laus
1406 992 1525 1045 Julia
1540 992 1712 1049 Augusta
1734 992 1948 1034 Corinthus.
2004 994 2130 1036 Arcus
2145 994 2255 1051 supra
2271 1007 2389 1052 quem

405 1047 618 1102 Imperator
633 1048 673 1088 in
691 1047 907 1105 quadrigis,
934 1043 1024 1088 hinc
1046 1048 1192 1090 &inde
1215 1047 1443 1104 trophaeum.

349 1125 547 1166 Tristanus
564 1138 657 1167 tom.
681 1141 712 1167 1.
736 1141 825 1183 pag.
850 1130 938 1179 184.
956 1132 1160 1167 nummum
1179 1126 1283 1168 hunc
1297 1125 1514 1182 descripsit,
1542 1127 1582 1167 in
1604 1126 1714 1181 cujus
1733 1126 1859 1168 aversa
1878 1139 1985 1182 parte
2004 1127 2219 1183 porticum,
2247 1126 2307 1171 vel
2324 1144 2390 1172 an-

294 1183 472 1224 teriorem
502 1182 633 1237 templi
657 1194 831 1236 partem,
857 1183 917 1223 vel
938 1181 1041 1223 forte
1067 1196 1196 1224 arcum
1221 1183 1488 1238 triumphalem
1517 1183 1697 1224 Corinthi
1724 1184 1765 1224 in
1785 1184 1972 1227 Hadriani
1989 1184 2180 1226 honorem
2196 1186 2390 1235 ere&um,

292 1236 409 1278 inesse
431 1236 570 1276 dubius
586 1238 755 1291 protulit.
812 1238 968 1278 Patinus
985 1252 1071 1294 pag.
1096 1251 1184 1289 195.
1207 1238 1395 1292 templum
1413 1238 1628 1286 existimat,
1657 1253 1705 1279 an
1721 1253 1814 1280 num
1836 1239 1968 1294 potius
1993 1240 2212 1281 balnearum
2238 1240 2390 1284 fontem

293 1292 467 1345 fiispicari
484 1291 713 1339 debeamus,
741 1307 837 1346 quas
852 1293 1068 1347 Imperator
1083 1293 1264 1348 impenfis
1279 1293 1352 1334 suis
1361 1293 1545 1335 Corinthi
1563 1292 1644 1334 fieri
1659 1295 1824 1342 curavit,
1842 1295 1934 1336 teste
1945 1295 2126 1336 Pausania
2143 1296 2205 1337 lib.
2219 1310 2254 1336 2.
2273 1310 2311 1352 p.
2321 1299 2390 1348 96.

293 1346 404 1392 Aut-592
429 1348 461 1381 δὲ
491 1346 531 1383 ἐ’ςι
558 1343 612 1391 ,tl-2⁴>
641 1353 774 1394 πνὶλαχὲ
800 1349 962 1390 Κοωνθίοις
982 1372 992 1389 ,
1022 1348 1071 1394 ζμ),
1096 1348 1197 1389 ἅὶλοι,
1228 1349 1265 1383 πὶ
1295 1348 1348 1394 pilia)
1368 1348 1430 1384 >²713
1452 1353 1490 1383 τξὶ
1522 1353 1626 1388 amvi,
1657 1350 1685 1383 ἐὖ
1707 1351 1739 1384 δ”ε
1763 1351 1913 1392 βασιλέως
1935 1352 2074 1391 Αδρμονέ
2096 1350 2387 1390 ›emendantium-roc.

290 1395 446 1438 Balneae
463 1394 552 1435 verb
564 1395 696 1449 paffim
714 1395 948 1443 Corinthiis,
976 1396 1024 1441 ὁ·
1041 1397 1126 1437 aliae
1145 1396 1165 1436 ἑ
1176 1397 1335 1452 publica
1345 1399 1506 1452 pecunia
1524 1400 1711 1438 extrutJJae
1721 1427 1733 1446 ,
1762 1398 1808 1442 ἐν
1836 1412 1933 1454 quas·
1956 1401 2119 1453 impensa
2125 1399 2202 1450 fita
2216 1399 2391 1442 Hadria-

291 1464 363 1491 nus
382 1451 592 1504 Imperator
606 1450 874 1505 exaedificavit.
931 1452 1041 1507 Saepe
1056 1452 1159 1493 enim
1176 1452 1336 1494 aedificia
1354 1453 1635 1508 Imperatorum
1651 1453 1909 1496 munificentia
1926 1455 2083 1496 condita
2098 1456 2137 1496 in
2157 1456 2323 1498 nummis
2330 1470 2389 1498 re-

292 1504 625 1559 praesentabantur.

343 1582 428 1623 Hic
443 1597 615 1624 nummus
637 1582 757 1634 infimi
774 1582 934 1632 moduli,
959 1587 1000 1626 in
1014 1586 1197 1626 rariorum
1202 1585 1304 1639 sbrie
1319 1587 1602 1641 computandus.

1021 1688 1645 1732 HELIOPOLIS.

294 2273 309 2303 ι
319 2273 355 2301 Μ
367 2272 400 2299 P.
431 2272 455 2299 c
467 2273 496 2299 A
509 2272 533 2299 E
547 2270 578 2299 s.
608 2272 638 2300 n
652 2271 678 2299 A
691 2272 718 2299 D
731 2270 761 2299 R
774 2270 790 2297 1
803 2270 831 2297 A
846 2270 877 2298 N
888 2270 915 2299 v
928 2270 948 2299 s
981 2270 1008 2298 A
1023 2269 1061 2297 v.
1091 2253 1225 2310 Caput
1238 2251 1429 2296 Hadriani
1445 2253 1668 2297 laureatum]
2091 2308 2094 2309 ⁷

344 2331 370 2357 c
381 2330 406 2355 o
418 2330 457 2355 L.
488 2330 527 2355 H.
557 2331 584 2355 L
596 2329 619 2355 E
632 2329 668 2355 c.
701 2328 742 2355 H.
774 2313 930 2354 Colonia
957 2311 1176 2367 Heliopolu.
1215 2310 1333 2367 Legio
1352 2309 1573 2365 Heliopolis.
1612 2311 1714 2351 Duae
1736 2308 1916 2351 Fortunae
1938 2308 2077 2351 stantes
2087 2335 2101 2358 ,
2127 2308 2203 2351 sese
2222 2307 2385 2353 brachiis

399 2370 679 2425 amplexantes,
706 2369 768 2410 illa
783 2369 921 2411 dextra
940 2379 1159 2416 temonem,
1185 2366 1449 2417 hae'c'alterum
1469 2366 1562 2408 laeva
1583 2377 1696 2414 tenet.

342 2447 408 2490 Ad
425 2448 665 2503 Heliopolim
682 2447 893 2502 Caelesyriae
917 2447 1125 2488 Coloniam
1141 2447 1307 2502 pertinet
1326 2445 1388 2486 hic
1405 2456 1586 2486 nummus
1603 2464 1615 2491 ;
1643 2459 1714 2486 nec
1730 2443 1910 2486 audiendi
1926 2443 2126 2485 Tristanus
2142 2446 2182 2484 &
2202 2443 2385 2493 Patinus,'

288 2505 356 2558 qui
381 2518 560 2545 nummos
585 2518 672 2544 cum
697 2502 804 2543 simili
820 2503 1030 2558 epigraphe
1052 2518 1075 2543 c
1087 2517 1112 2542 0
1129 2518 1165 2543 L.
1197 2517 1226 2542 n
1237 2517 1260 2542 E
1273 2517 1310 2542 L.
1339 2501 1389 2541 de
1406 2501 1575 2541 Colonia
1591 2500 1733 2541 Helvia
1752 2501 1791 2540 in
1805 2500 1987 2543 Picenum
2006 2500 2028 2540 a
2044 2499 2243 2540 Pertinace
2257 2500 2382 2540 dedu-

287 2561 347 2600 &a
364 2560 665 2613 interpretantur.
695 2558 916 2613 Heliopolis
933 2559 954 2598 a
963 2558 989 2611 J
993 2558 1071 2598 ulio
1087 2557 1256 2598 Colonia
1271 2556 1476 2604 constituta
1498 2556 1573 2603 est,
1601 2559 1641 2595 &
1656 2556 1704 2596 ab
1725 2556 1902 2610 Augusto
1918 2555 1957 2607 in
1977 2569 2062 2596 eam
2080 2554 2274 2596 transmissi
2295 2554 2382 2597 sunt

286 2614 338 2654 ad
353 2614 530 2654 Coloniae
548 2614 854 2668 supplementum
870 2613 1054 2654 Veterani
1069 2612 1210 2654 eodem
1220 2624 1393 2666 tempore
1410 2625 1492 2665 quo
1510 2612 1691 2666 Berytum
1708 2625 1742 2650 v.
1762 2610 2028 2651 Macedonicae
2046 2615 2084 2650 ὃ(
2107 2624 2151 2650 vl
2163 2624 2178 2651 1
2192 2625 2223 2651 1.
2240 2611 2296 2651 Le
2325 2612 2380 2651 io-

285 2684 380 2710 num
396 2669 532 2709 milites
557 2669 720 2709 traduffi
737 2669 867 2714 fuere,
897 2680 941 2708 ut
965 2668 1110 2709 indicat
1133 2682 1305 2722 perrarus
1329 2666 1458 2708 noster
1481 2666 1649 2721 Philippi
1673 2666 1828 2707 senioris
1854 2679 2056 2712 nummus,
2085 2665 2135 2706 de
2152 2680 2234 2720 quo
2253 2666 2292 2706 in
2329 2666 2350 2707 a
2370 2680 2381 2706 :

284 2725 377 2772 ideo
404 2724 455 2764 ad
485 2724 673 2779 originem
697 2723 875 2764 Coloniae
900 2722 1235 2763 demonstrandam
1265 2737 1376 2764 cot„
1407 2735 1519 2762 ΗΕΒ.
1551 2736 1665 2763 LEG.
1697 2736 1734 2762 H.
1765 2721 1918 2762 Colonia
1942 2720 2171 2774 Heliopolv's,
2200 2724 2239 2761 δε
2259 2721 2379 2776 Legio

284 2779 513 2833 Heliopolis,
542 2779 712 2820 visuntur
726 2780 765 2818 in
785 2792 946 2819 nummo
962 2779 1135 2834 fignatae,
1163 2776 1274 2832 quod
1290 2778 1457 2819 nostram
1474 2777 1525 2818 de
1539 2777 1720 2832 bipartito
1736 2776 2000 2823 Colonorum‚
2028 2776 2171 2817 civium
2186 2779 2379 2830 nempe&

284 2847 573 2880 veteranorum,
600 2834 814 2874 discrimine
833 2834 1058 2874 sententiam
1079 2833 1292 2874 confirmat.
1322 2833 1399 2873 Hae
1414 2833 1509 2873 vero
1532 2832 1662 2888 figurae
1676 2832 1752 2874 sese
1766 2834 1904 2873 mutuo
1919 2831 2204 2886 amplexantes,
2233 2843 2379 2872 utrum·

283 2903 363 2945 que
387 2889 464 2928 hoc
491 2888 737 2928 Colonorum
761 2902 883 2942 genus
899 2899 1120 2942 exponunt,
1149 2892 1186 2927 ὃ(
1205 2888 1366 2941 quidem
1384 2886 1453 2927 sub
1472 2888 1634 2941 geminae
1652 2884 1833 2928 Fortunae
1853 2885 2000 2942 effigie,
2030 2900 2116 2940 quae
2133 2900 2205 2941 pro
2219 2886 2294 2926 loci
2309 2900 2377 2941 ge-

282 2946 348 2984 nio
366 2944 462 2998 saepe
482 2944 520 2983 in
539 2943 706 2983 nummis
723 2943 931 2983 exhibetur.
961 2943 1098 2997 Itaque
1121 2941 1403 2996 Heliopolitani
1419 2942 1576 2997 originis
1593 2942 1666 2983 suae
1680 2956 1894 2989 memores,
1922 2942 2094 2983 Genium
2106 2941 2302 2989 Coloniae‚
2337 2944 2378 2982 &z

283 3000 456 3039 Genium
473 2998 655 3053 Legionis
676 2997 878 3038 Hadriano
898 2998 937 3037 in
955 2998 1059 3051 Syria
1076 2997 1240 3037 moranti
1257 2996 1495 3037 dedicarunt.

335 3077 418 3119 Hic
432 3091 604 3119 nummus
621 3076 758 3129 infimae
773 3075 1066 3131 magnitudinum
1096 3074 1201 3116 nobis
1223 3073 1356 3114 Romae
1378 3071 1402 3113 ὰ
1428 3074 1474 3115 V.
1495 3073 1554 3115 Cl.
1577 3075 1787 3130 Augustino
1811 3075 1928 3117 Scilla
1946 3076 2031 3116 cive
2047 3073 2376 3129 Mcffanenfidom

282 3133 416 3182 datus,
443 3135 593 3175 eximiae
611 3134 789 3174 raritatis
802 3130 1003 3173 habendus.
1039 3133 1044 3138 '

285 3805 313 3832 n
326 3803 353 3830 A
366 3803 392 3828 D
402 3800 431 3827 R
443 3800 459 3826 1
473 3799 498 3828 A
511 3798 540 3826 N
553 3798 579 3825 v
592 3797 611 3824 s
646 3797 673 3823 A
688 3796 713 3822 v
725 3798 761 3823 G.
792 3798 814 3824 c
826 3798 852 3823 ο
865 3778 899 3825 ε’.
929 3797 945 3824 1
958 3797 972 3823 1
985 3796 1013 3823 1.
1044 3796 1079 3822 P.
1101 3795 1136 3822 P.
1174 3778 1309 3837 Caput
1323 3780 1514 3822 Hadriani
1528 3778 1746 3833 laureatum.
1796 3777 1800 3780 ’

314 3869 317 3872 >
338 3860 361 3884 c
372 3857 398 3882 o
411 3857 449 3882 L.
483 3855 524 3880 A.
558 3854 599 3879 A.
632 3852 652 3877 1²
665 3852 691 3878 A
706 3852 730 3877 T
744 3852 774 3878 R
787 3853 810 3878 E
823 3853 853 3878 N
864 3854 896 3878 s.
932 3837 1145 3891 Templum
1160 3837 1222 3877 sex
1241 3838 1524 3891 columnarum,
1548 3835 1592 3889 vin
1609 3847 1690 3888 quo
1699 3830 1856 3887 Jupiter
1867 3830 2014 3873 sedens.

307 3931 315 3938 f
337 3908 511 3949 Colonia·
521 3905 725 3950 Patrensis,
755 3905 929 3958 primaria
942 3903 1097 3945 Achaiae
1110 3904 1272 3956 propriae
1288 3903 1420 3943 civitas
1431 3928 1443 3948 ,
1472 3902 1525 3942 ob
1541 3898 1731 3942 Hadriani
1746 3901 1785 3940 in
1803 3901 2037 3954 provinciam
2057 3900 2265 3946 adventum
2281 3906 2364 3960 ἕως

279 3963 487 4009 tulabunda
497 3989 509 4009 ,
529 3974 708 4002 nummos
723 3959 759 4000 ei
775 3958 977 4000 consecrat.
1013 3958 1231 4011 Spartianus
1247 3958 1390 4010 inquit:
1401 3956 1494 4013 Post
1509 3955 1579 3997 hoc
1581 3966 1654 4009 per
1664 3954 1811 4007 Astam,
1831 3954 1880 4001 (γ’
1890 3957 1933 3997 in
1943 3955 2361 4022 lnsulasadAchaiant
2381 3996 2383 3999 .

2140 4023 2360 4069 navgravtt.
