2491 4219
738 126 1392 181 GORDIANUS
1463 131 1570 181 III.¹
2113 139 2212 187 '149

119 202 296 245 adversus
315 202 416 243 hanc
432 203 687 245 neceffitatem
709 200 915 242 subsidium
936 199 1129 252 accipere,
1159 199 1251 239 teste
1270 197 1478 238 Ammiano
1492 198 1556 238 lib.
1575 210 1638 237 20.
1668 197 1853 253 Alioquin
1870 210 2057 252 nunquam
2073 196 2216 236 labenti

116 259 309 311 Singarae‚
337 258 407 297 vel
425 259 649 313 temporibus
664 255 802 312 prtscis
827 254 1023 311 quisquam
1034 253 1142 305 ferre
1156 253 1346 293 auxilium
1351 255 1484 306 potuit
1503 265 1688 308 aquarum
1697 256 1881 307 penuria,
1909 253 2055 293 czmffiis
2075 254 2215 293 circum

119 314 316 353 arentibus
328 313 428 352 locas.

171 390 255 430 Hic
278 404 448 433 nummus
469 392 588 447 primi
610 388 750 431 moduli
775 389 801 428 cz
823 387 982 443 Seguino
1011 387 1138 428 editus
1153 397 1245 443 pag.
1275 390 1364 440 176.
1388 386 1490 426 inter
1513 385 1709 438 rarg'ffimos
1730 385 1778 430 ἄν
1796 385 2077 441 elegantiffi'mos
2092 397 2216 437 nume-3

117 446 268 488 raudus.
1014 462 1032 488 ρ

918 527 1424 572 SINOPE.

118 1148 226 1176 1MP.
259 1152 283 1178 G
297 1150 323 1176 ο
337 1151 362 1176 R
377 1151 403 1176 D
416 1149 431 1176 1
443 1149 469 1175 A
484 1149 514 1175 N
527 1149 553 1175 v
567 1149 586 1175 s
620 1150 647 1176 A
660 1149 686 1175 v
699 1150 735 1176 G.
767 1134 900 1190 Caput
916 1136 1109 1177 Gordiani
1126 1136 1345 1178 laureatum.

170 1207 207 1232 c.
240 1206 282 1233 R.
313 1206 340 1232 1.
376 1207 414 1233 F.
446 1206 478 1230 s.
512 1206 538 1231 A
555 1204 598 1232 N.
631 1206 653 1231 c
666 1206 688 1232 c
700 1206 722 1232 c
735 1206 761 1232 v
774 1205 790 1231 1
802 1205 817 1231 1
830 1205 857 1232 1.
886 1192 1040 1232 Colonia
1058 1193 1234 1232 Romana
1249 1192 1366 1245 Julia
1380 1192 1493 1234 Felix
1511 1192 1668 1249 Smope,
1695 1192 1757 1234 vel
1772 1191 1987 1248 St‘nopenst's.
2004 1205 2107 1234 anno
2124 1193 2215 1248 3083

182 1273 185 1276 -
225 1248 360 1302 Caput
374 1247 563 1301 Serapidis
580 1247 810 1294 laureatum,
837 1249 877 1287 δε
893 1247 1044 1288 calatho
1061 1260 1250 1289 ornatum.

168 1325 368 1367 Nummus
386 1326 435 1366 ad
452 1327 622 1380 Sinopen
640 1325 754 1367 Ponti
772 1324 924 1366 Afiatici
942 1326 1075 1367 urbem
1090 1326 1256 1380 spe&at,
1283 1327 1393 1380 cujus
1409 1340 1525 1368 voces
1543 1342 1578 1368 c.
1609 1341 1652 1368 R.
1677 1340 1707 1367 1.
1727 1341 1766 1367 F.
1785 1340 1816 1366 s.
1831 1327 1947 1382 longe
1963 1338 2052 1367 ante
2069 1327 2217 1368 editum

115 1384 155 1424 P.
174 1382 367 1422 Harduini
383 1382 521 1422 librum
538 1396 610 1422 nos
629 1380 739 1421 fuisse
755 1381 1044 1436 interpretatos,
1073 1393 1216 1422 norunt
1235 1395 1370 1422 omnes
1391 1383 1628 1437 Antiquarii‚
1659 1382 1825 1422 nostram
1844 1382 1906 1422 ille
1923 1382 2217 1434 explicationem

115 1453 162 1479 ex
188 1439 364 1491 catalogo
390 1438 521 1492 Regio
548 1436 791 1491 transcripsit,
819 1438 974 1491 majoris
997 1437 1100 1478 enirn
1128 1438 1317 1478 momenti
1339 1450 1456 1491 opera
1478 1451 1564 1491 quae
1581 1438 1622 1478 in
1643 1437 1768 1478 lucem
1784 1437 1928 1483 emisit,
1957 1438 2018 1477 vel
2036 1450 2122 1491 quae
2139 1449 2216 1491 prae

111 1494 289 1534 manibus
306 1494 423 1533 habet
439 1492 718 1533 Eruditissimus
734 1493 864 1540 Pater,
893 1506 1045 1547 tempus
1061 1494 1100 1532 in
1118 1491 1384 1546 perquirendis
1400 1493 1567 1534 nummis
1583 1507 1673 1534 eum
1690 1504 1812 1534 terere
1827 1507 1908 1533 non
1925 1491 2050 1533 finunt
2065 1512 2077 1538 ς
2093 1504 2216 1533 unum

114 1549 274 1602 quidem
292 1550 339 1589 ab
354 1549 584 1589 Auctoribus
601 1548 797 1603 vulgatum
808 1550 857 1588 ad
870 1548 1161 1603 Geographiam
1171 1548 1281 1588 Plinii
1295 1548 1549 1589 illustrandam
1563 1548 1742 1603 protulit,
1771 1562 1871 1602 quos
1884 1550 1977 1589 vero
1993 1561 2039 1588 ex
2054 1547 2215 1588 aliorum

112 1605 256 1658 scriptis
272 1617 338 1644 aut
353 1604 643 1644 collectionibus
661 1603 867 1657 excerpsit,
894 1604 996 1658 ipsos
1011 1604 1050 1644 in
1068 1604 1235 1644 nummis
1252 1604 1489 1658 populorum
1506 1608 1544 1644 &
1563 1605 1713 1644 urbium
1728 1603 1944 1658 descripsit,
1962 1603 2061 1643 nulla
2076 1615 2212 1643 eorum

111 1661 151 1700 in
167 1660 289 1700 Notis
305 1660 356 1699 ad
372 1659 537 1700 Plinium
558 1659 655 1699 saffra
673 1660 883 1700 mentione.
922 1658 1111 1713 Serapidis
1128 1671 1242 1714 typus
1256 1659 1336 1712 jam
1353 1659 1498 1713 prodiit
1517 1660 1556 1700 in
1574 1659 1843 1713 Sinopensium
1863 1660 2029 1700 nummis
2047 1658 2213 1698 Hadria-

110 1729 166 1755 no
181 1714 299 1760 cufis,
328 1716 368 1755 in
386 1729 468 1769 quo
484 1716 573 1755 anni
590 1729 671 1755 :crae
688 1717 873 1769 temporis
895 1715 1031 1768 injurii
1050 1714 1142 1755 erafi
1160 1727 1270 1756 erant
1282 1742 1293 1762 ,
1322 1715 1406 1758 illos
1426 1729 1545 1768 porro
1567 1716 1607 1755 in
1626 1716 1686 1755 M.
1709 1715 1868 1755 Aurelio
1884 1718 1923 1754 &
1941 1713 2134 1754 Caracalla
2154 1727 2214 1754 re-

110 1771 378 1825 cuperavimus
395 1798 406 1817 ,
434 1770 499 1811 sed
519 1772 663 1824 Sinope
689 1771 880 1824 epocham
900 1771 941 1810 in
964 1771 1008 1811 iis
1032 1771 1079 1810 ab
1103 1785 1207 1811 anno
1227 1771 1280 1811 U.
1299 1771 1348 1811 C.
1367 1774 1457 1822 706.
1480 1785 1561 1825 quo
1578 1770 1861 1825 ColoniaJulio
1878 1770 2026 1810 Caesare
2044 1768 2212 1809 deduffita

110 1826 166 1866 est
184 1853 195 1872 ‚
226 1827 383 1866 exhibet
399 1841 407 1866 :
435 1826 497 1866 hic
514 1828 606 1866 vero
627 1840 806 1867 nummus
821 1826 1079 1880 antiquiorem
1095 1837 1320 1881 computat,
1350 1826 1500 1867 Luculli
1516 1826 1654 1867 scilicet
1672 1840 1778 1873 aevo,
1809 1840 1890 1880 quo
1907 1825 1968 1865 ille
1984 1824 2213 1865 Mithridate

109 1881 268 1935 expulso
287 1882 387 1922 hanc
406 1881 521 1935 ipsius
540 1883 682 1937 regiam
701 1882 969 1935 pronunciavit
987 1882 1142 1922 liberam
1167 1881 1270 1936 apud
1288 1882 1514 1936 Appianum
1530 1910 1542 1930 ,
1571 1885 1609 1921 δε
1628 1881 1655 1921 fi
1673 1880 1770 1921 fides
1785 1894 1946 1921 nummo
1964 1907 1976 1927 ,
2003 1880 2214 1920 Coloniam

109 1937 327 1984 constituit,
354 1936 445 1977 ideo
467 1937 504 1977 se
526 1938 671 1991 Sinope
690 1938 911 1978 Romanam
935 1950 1023 1978 ante
1040 1937 1153 1991 Juliae
1177 1951 1322 1977 nornen
1346 1938 1512 1992 appellat
1529 1965 1541 1984 ‚
1571 1940 1609 1976 &
1631 1936 1805 1977 omnium
1825 1934 2108 1977 vetustiffimam
2130 1934 2215 1975 Ro-

108 2005 312 2032 manorum
330 1993 370 2032 in
389 1992 476 2032 Asia
492 1993 703 2034 Coloniam
722 1993 798 2034 effe
813 1993 995 2049 gloriatur
1014 2008 1021 2033 :
1051 2007 1122 2033 nec
1142 2006 1313 2034 moretur
1329 1992 1474 2033 diversa
1491 1993 1554 2033 illa
1573 2006 1730 2033 aerarum
1748 1992 1853 2046 apud
1869 1990 2096 2044 Sinopenses
2110 2003 2216 2030 corn-

106 2048 260 2104 putatio
276 2076 288 2094 ‚
318 2048 602 2090 Antiochenses
626 2049 730 2088 suam
751 2049 873 2089 modo
893 2049 1030 2103 aJulio
1045 2076 1058 2096 ,
1087 2048 1210 2090 modo
1233 2049 1281 2089 ab
1303 2048 1483 2103 Augusto
1507 2048 1810 2089 dinumerarunt.
1847 2047 1912 2087 De
1928 2045 2109 2098 Serapide
2125 2044 2215 2092 vide

99 2116 197 2159 quae
216 2104 257 2143 in
272 2104 476 2145 Hadriano
491 2119 579 2160 pag.
604 2110 691 2145 161.
710 2104 888 2145 diximus.

118 2219 121 2221 ,
161 2181 246 2222 Hic
264 2171 436 2223 nummus
438 2181 618 2234 sbcundae
636 2182 914 2236 magnitudinis
929 2179 1115 2233 Thesauri
1131 2182 1270 2235 Regii,
1302 2179 1327 2220 ιὶ
1343 2179 1386 2220 T
1378 2179 1515 2234 ristano
1527 2190 1618 2237 pag.
1639 2183 1732 2234 508.
1750 2178 1799 2225 ὅτ
1816 2179 1842 2220 ic
1860 2179 2010 2222 Patina
2029 2190 2121 2234 377.
2140 2177 2219 2229 edif

61 2256 63 2261 ·
105 2245 192 2284 lus,
219 2240 322 2281 inter
336 2237 618 2294 elegantiffimos
633 2237 835 2281 habendus.

109 2940 125 2967 1
137 2940 172 2966 M
186 2940 220 2965 P.
251 2938 299 2964 M.
333 2938 359 2963 A
372 2937 402 2964 N
417 2936 452 2963 τ.
485 2937 511 2963 G
525 2937 551 2963 o
566 2937 596 2964 R
607 2938 634 2963 D
646 2937 661 2962 1
675 2937 701 2963 A
713 2937 744 2963 N
758 2938 783 2963 v
797 2937 830 2964 s.
868 2924 1003 2978 Caput
1019 2923 1210 2966 Gordiani
1227 2924 1449 2965 laureatum.

161 2995 186 3022 c
196 2996 222 3022 o
232 2995 271 3020 L.
307 2994 331 3019 A
345 2993 371 3019 ν
385 2993 424 3020 G.
458 2992 482 3018 τ
495 2993 526 3018 R
539 2993 565 3018 o
581 2993 605 3018 A
619 2993 660 3019 D.
698 2979 854 3020 Colonia
869 2980 1045 3036 Augusta
1061 2980 1290 3034 Troadensts.
1327 2980 1476 3036 Apollo
1490 2980 1667 3022 muliebri
1684 2979 1819 3022 habitu
1836 2980 1935 3022 stans
1951 3006 1964 3028 ‚
1992 2979 2126 3021 dextri
2143 2993 2210 3035 pas¹

215 3048 334 3094 tenram
344 3062 357 3082 ,
384 3035 477 3075 laeva
493 3047 632 3075 arcum.

155 3114 282 3155 Troas
301 3113 466 3155 dedusta
485 3113 534 3154 ab
552 3115 730 3170 Augusto
746 3114 916 3156 Colonia
932 3141 944 3161 ‚
973 3118 1012 3154 &
1032 3115 1116 3169 ejus
1132 3129 1276 3156 nomen
1293 3115 1463 3163 habens,
1492 3117 1582 3158 cum
1598 3115 1730 3170 templi
1747 3115 1816 3170 ipfi
1837 3114 2030 3157 condendi
2050 3113 2206 3164 facultass

0 3179 14 3217 :1
22 3195 23 3198 =
101 3178 180 3212 tem
206 3183 286 3210 non
310 3168 520 3217 habuisset,
548 3169 614 3210 sed
637 3170 826 3226 Pergamo
845 3169 1019 3211 concessa
1035 3197 1046 3216 ‚
1076 3171 1222 3225 legatos
1243 3182 1369 3212 tamen
1394 3184 1467 3225 pro
1489 3172 1610 3214 altero
1624 3172 1784 3212 Tiberio
1801 3170 2014 3212 extruendo
2030 3170 2204 3218 Romam

0 3221 22 3260 „⁶
83 3226 202 3266 'misit
217 3254 228 3273 ‚
257 3227 278 3265 a
294 3224 425 3265 senatu
442 3224 556 3265 etiarn
571 3227 812 3279 praetermissa
831 3225 885 3267 est
902 3252 915 3272 ,
942 3224 1037 3266 teste
1053 3225 1194 3267 Tacito
1217 3226 1356 3266 Annal.
1373 3239 1409 3277 4.
1448 3226 1516 3268 Ne
1532 3227 1689 3277 Ilienses
1707 3227 1880 3282 quidem,
1908 3226 1992 3265 ciam
2002 3235 2202 3279 parentem

99 3283 205 3322 urbis
222 3281 352 3321 Romae
370 3280 523 3331 Trojam
542 3281 716 3333 refhrent.
760 3281 965 3321 Gordiano
986 3280 1046 3319 illa
1069 3295 1250 3322 nummos
1275 3281 1450 3329 dedicat,
1478 3282 1528 3323 ad
1547 3282 1852 3323 benevolentiam
1872 3281 2116 3335 Imperatoris
2133 3282 2201 3326 fibi

98 3335 389 3378 conciliandam.
426 3335 472 3375 In
491 3335 568 3376 hoc
585 3349 664 3376 non
682 3336 848 3392 signatus
867 3336 920 3376 est
937 3335 1082 3389 Jupiter
1100 3348 1167 3377 aut
1185 3336 1418 3391 Neptunus,
1438 3349 1482 3378 ut
1498 3335 1886 3378 existimavitPatinus
1904 3337 1944 3376 in
1959 3335 2092 3378 Indice
2108 3352 2198 3394 pag.

100 3406 161 3443 24..
191 3392 255 3433 sed
275 3391 418 3445 Apollo
435 3390 602 3432 tutelaris
617 3391 751 3445 Trojae
776 3392 884 3431 Deus
909 3390 1022 3431 toties
1041 3392 1062 3430 a
1079 3392 1190 3433 nobis
1206 3403 1450 3433 memoratus.
1492 3393 1663 3433 Pateram
1684 3391 1745 3430 ille
1763 3390 1900 3431 dextr-:1
1919 3402 2046 3438 tenet,
2073 3393 2125 3434 ob
2142 3394 2196 3445 sa«,

97 3447 234 3488 crificia
250 3447 320 3502 ipsi
336 3458 573 3502 perpetrata,
603 3460 733 3486 arcum
752 3447 844 3486 vero
865 3444 1047 3499 tauquam
1062 3446 1231 3502 infigne,
1260 3447 1311 3487 de
1330 3460 1413 3500 quo
1431 3447 1628 3488 Homerus
1645 3446 1706 3486 lib.
1728 3459 1760 3486 1.
1775 3445 1885 3486 Iliad.
1902 3446 1994 3487 vers
2007 3459 2072 3500 37.

663 3515 760 3552 Κλῧθῖ
774 3514 827 3560 ,ιόζυ
841 3515 1014 3562 οἰςγυρέπξζ

652 3564 762 3604 Audi
777 3578 835 3603 me
843 3573 1059 3618 argenteum
1075 3578 1203 3604 arcum
1218 3563 1372 3605 habens.

151 3642 236 3684 Hic
252 3657 422 3686 nummus
437 3644 585 3685 minimi
603 3642 761 3689 moduli,
791 3641 814 3683 ὰ
833 3642 982 3683 Patino
993 3651 1082 3697 pag.
1099 3654 1190 3696 370.
1207 3656 1304 3683 num.
1318 3654 1354 3696 4.
1371 3640 1554 3697 vaggatus
1566 3668 1579 3688 ,
1605 3641 1705 3680 inter
1720 3637 1852 3679 obvios
1867 3637 2128 3688 numerandus.

1405 3952 1498 4007 ,ΓΞ
