2491 4219
844 139 1629 196 HOSTILIANU‘S.
2179 154 2270 201 ‘2¹09

177 221 1057 254 r.o†AA.0c1·1A1ANoc1<Y1Nroc
1096 228 1286 255 KECAP.
1317 215 1451 268 Caput
1469 213 1852 255 Hostssianinudum.

230 281 300 306 AN
318 281 564 307 ΤΙΟΧΕΩΝ
609 282 805 308 murno,
845 282 1041 310 ΚΟΛΩΝ.
1079 276 1234 316 Ανποχέων
1253 273 1461 310 Μκκοπόλεως
1474 280 1634 308 Remum.
1674 270 1717 309 In
1745 284 1827 310 area
1853 280 1954 310 notae
1983 282 2014 308 s.
2041 282 2077 308 c.
2106 270 2144 307 &
2169 281 2206 308 Δ.
2234 272 2278 308 Εἰ

284 321 430 362 Mulier
447 323 612 362 inlidcns
629 325 786 376 rupibus
804 324 840 362 in
863 324 1006 377 templo
1026 325 1238 378 tetrastyli),
1265 336 1337 376 pro
1351 323 1514 376 pedibus
1534 324 1674 364 fluvius
1696 337 1906 379 emergens.

228 399 508 444 Antiochenlcs
525 401 634 453 Syrii
660 415 834 440 nummos
855 401 979 441 Decio
999 429 1011 448 ‚
1040 401 1242 443 Etruscillae
1266 401 1350 449 eius
1376 401 1512 447 uxori,
1542 403 1579 440 ὃ(
1610 401 1895 455 QHerennio
1923 400 2002 440 filio
2028 399 2276 446 dedicarunt5⁴

171 454 356 507 huncque
383 455 571 494 honorem
604 455 841 502 Hostilium,
869 471 985 510 quem
1013 458 1225 511 adoptione
1252 457 1395 497 Decius
1422 457 1611 497 Caesarem
1635 457 1918 511 appellaverat,
1949 456 2189 502 tribuerunt,
2225 456 2276 495 de

127 560 130 563 Ι
172 522 254 551 tota
274 512 519 563 imper-,itum
541 510 677 550 familia
693 512 769 563 jam
794 514 890 551 bene
909 513 1050 557 meriti,
1078 512 1188 565 quod
1206 513 1248 552 L.
1268 511 1395 551 Prisco
1412 511 1575 566 Philippi
1595 511 1717 559 fratri,
1745 513 1971 566 Imperatori
1988 512 2027 552 in
2047 512 2151 566 Syria
2169 526 2189 550 a
2206 512 2277 551 mi-

170 566 300 606 litibus
319 566 533 619 appellato,
563 566 788 618 obsequium
812 567 915 606 haud
937 567 1195 621 praestitill'ent.
1226 566 1437 619 Templum
1456 581 1494 606 in
1515 581 1674 608 nummo
1697 568 1905 623 lignatum,
1934 568 2052 608 Genii
2080 567 2181 606 urbis
2199 567 2277 612 est,

170 621 281 674 quod
300 620 510 674 speciosum
529 621 690 674 appellat
716 625 938 661 Ammianus
960 623 982 660 l.
1006 636 1067 674 23.
1091 633 1132 661 ut
1149 621 1259 674 suprii
1278 622 1453 661 diximus.
1485 624 1633 664 Genius
1650 625 1728 678 ipse
1745 624 1785 664 in
1804 624 1910 664 aditu
1937 624 2069 677 templi
2090 621 2277 675 conspici-

171 688 252 721 tur,
282 689 398 730 prout
415 678 450 714 in
471 677 635 715 nummis
657 675 835 727 frequens
853 677 1016 717 occurrit
1034 696 1044 722 3
1074 676 1238 717 turribus
1256 691 1413 718 ornatus
1432 677 1506 723 est,
1534 679 1645 733 quod
1665 681 1753 719 urbs
1772 679 1815 719 fit
1834 680 2069 733 Metropolis
2090 681 2128 717 &
2148 677 2277 717 firmis-

171 731 272 770 fimis
289 732 402 770 muris
419 731 648 770 circumdata
669 750 680 776 ς
710 731 846 771 inlidet
865 732 1097 778 monticulis,
1128 731 1443 772 adiudicandum
1463 734 1502 772 in
1519 735 1619 774 clivo
1640 735 1781 775 montis
1802 735 1908 789 Silpii
1935 735 2111 774 nimirum
2129 733 2211 786 ejus
2234 732 2276 773 ss*

169 798 274 831 tum,
305 800 347 827 ut
375 786 490 826 habet
515 787 731 827 Eu¹lathius
757 789 794 825 in
824 787 980 841 Dionys
1023 787 1084 827 Ea
1110 785 1198 826 verb
1224 788 1342 836 juxta
1368 787 1526 839 Silpiam
1550 799 1708 830 montem
1730 790 1884 842 estst'ta.
1923 789 2096 830 Orontes
2122 803 2169 828 ex
2193 789 2274 829 imo

168 845 349 894 emergit,
379 841 519 880 eodem
539 842 631 881 telle
649 841 848 881 Eustathio
867 857 875 881 ε
904 843 1066 882 Orontes
1083 873 1165 882 .....
1185 841 1359 896 delapsus
1380 845 1435 896 ad
1455 845 1726 892 Antiochiam,
1756 847 1917 886 mediam
1936 845 2105 900 persbcat
2133 847 2277 897 Antio-¹

167 897 351 944 chensium
369 906 507 935 terram
524 911 536 933 .·
566 910 638 937 non
654 897 802 952 qmdcm
817 897 1122 952 quemadmodum
1141 895 1176 938 'C
1164 897 1291 949 ydnus
1297 910 1369 952 per
1381 901 1417 940 T
1413 894 1552 952 arsum,
1558 901 1637 952 fid
1647 897 1887 958 qubdpafftes
1902 902 1988 944 zllas
1997 898 2255 956 praeteffluati

220 975 306 1018 Hic
322 988 494 1016 nummus
503 964 859 1030 primaefirmaepro
877 974 1052 1025 rariffi'mo
1069 975 1356 1030 computandus.

832 1080 869 1119 c
893 1078 986 1128 ωε
1013 1068 1045 1120 S
1068 1079 1113 1120 A
1139 1079 1180 1120 R
1208 1072 1250 1123 Ε
1276 1072 1323 1122 A'
1375 1079 1606 1135 Palaestm-ae.

159 1606 298 1657 uos}
314 1625 395 1655 11,1
409 1617 516 1653 ANb
549 1617 760 1664 qemi-ro
791 1626 815 1651 A
830 1614 911 1652 vc.
939 1605 1076 1666 Caput
1092 1598 1298 1653 Hostiliam
1315 1612 1538 1655 laureatum,
1736 1662 1738 1665 v
2197 1659 2200 1662 ⁴

216 1685 275 1710 co
288 1685 325 1709 L.
360 1684 380 1708 P
393 1683 434 1709 R.
469 1683 492 1708 F
508 1683 545 1708 L.
578 1683 602 1707 A
618 1682 644 1707 v
657 1683 695 1708 G.
730 1684 752 1708 c
768 1682 792 1706 A
808 1683 830 1708 E
843 1682 877 1707 s.
908 1681 943 1706 M
958 1682 978 1706 ε
992 1683 1028 1707 τ.
1060 1669 1214 1708 Colonia
1228 1680 1353 1720 przma
1373 1667 1517 1710 Flavia
1534 1667 1708 1725 Augusta
1724 1668 1897 1723 Caefitrea
1912 1666 2149 1722 Metropolis·
2184 1665 2267 1712 Va*

269 1726 334 1764 riae
353 1726 438 1765 lunt
455 1723 685 1778 epigraphae.
726 1725 859 1777 Caput
879 1724 1061 1763 muliebre
1077 1723 1261 1763 turritum.

212 1801 386 1843 Caesarea
411 1802 613 1841 Palaestinae
637 1802 746 1848 urbs,
775 1801 939 1842 Colonia
967 1802 988 1840 a
1012 1801 1146 1841 Flavio
1165 1801 1401 1856 Vespasiano
1423 1802 1650 1849 constituta,
1678 1817 1821 1844 nomen
1849 1803 1869 1842 ὲ
1894 1802 2023 1843 Flavia
2046 1803 2129 1854 ejus
2148 1813 2265 1857 gente

157 1859 266 1904 tulit,
297 1857 387 1898 inde
407 1857 639 1908 Metropolis
660 1858 884 1912 dignitatem
902 1857 1015 1910 Syriae
1028 1856 1169 1897 scilicet
1184 1857 1388 1898 Palaesti‘nae
1409 1859 1577 1899 obtinuit
1601 1858 1667 1898 sub
1696 1859 1803 1898 Alex.
1829 1859 1991 1904 Severo,
2019 1859 2264 1911 quandoqui-

156 1915 249 1954 dem
268 1914 372 1952 hunc
390 1912 541 1953 titulum
561 1912 626 1952 sub
648 1913 724 1952 hoc
744 1912 977 1966 Imperatore
1003 1913 1171 1966 primum
1200 1926 1284 1953 eam
1313 1913 1458 1968 geffiffe
1474 1915 1718 1955 observamus
1739 1934 1749 1960 ·,
1778 1914 1838 1954 illa
1867 1914 1977 1955 Decii
2002 1912 2262 1954 studioiillima

154 1969 342 2025 plurimos
365 1970 399 2007 ei
425 1981 606 2007 nummos
632 1967 829 2021 percuslit,
858 1973 895 2008 ὃ(
924 1968 1027 2008 hunc
1049 1969 1243 2022 praecipue
1267 1969 1489 2010 Hostiliano
1514 1970 1668 2011 dedicat
1686 1984 1774 2010 curn
1804 1970 1965 2024 Augusti
1985 1969 2262 2022 appellatione,

154 2038 273 2078 quam
292 2025 327 2064 ei
347 2024 489 2063 Decius
505 2024 800 2064 communicasse
821 2023 972 2064 videtur
989 2022 1081 2065 ficut
1101 2024 1309 2077 Herennio?
1324 2025 1504 2070 Etrusco,
1534 2025 1695 2080 quando
1713 2025 1816 2064 hunc
1837 2024 1962 2064 secum
1988 2024 2026 2062 in
2048 2024 2261 2075 expeditio-

153 2094 205 2121 ne
221 2092 353 2119 contra
376 2079 562 2119 Barbaros
579 2079 710 2125 duxit,
738 2080 842 2119 illum
863 2081 956 2119 vero
978 2079 1117 2120 Romae
1134 2080 1183 2120 ad
1198 2094 1258 2120 res
1276 2079 1595 2122 administrandas
1611 2081 1784 2132 reliquit,
1814 2080 1875 2118 vel
1895 2078 2096 2132 postquam
2117 2079 2259 2118 Decius

153 2139 196 2175 &
213 2131 508 2187 QHerennius
525 2134 562 2173 in
582 2133 661 2173 solo
680 2135 873 2181 barbarico
883 2135 1046 2188 ‘extlnffi
1067 2135 1162 2174 sunt.
1195 2135 1330 2187 Caput
1348 2136 1536 2174 muliebre
1552 2135 1731 2175 turritum
1760 2134 1894 2175 urbem
1911 2132 2171 2189 repraesentat,
2197 2132 2258 2175 vel

153 2191 306 2232 Genius
325 2190 379 2229 est
396 2190 517 2233 urbis,
548 2188 730 2241 frequens
748 2188 964 2242 principum
975 2184 1179 2228 civitatum
1197 2189 1360 2242 infigne.

205 2267 290 2309 Hic
304 2280 475 2308 nummus
492 2267 639 2308 minimi
657 2265 797 2306 moduli
815 2269 917 2306 inter
931 2266 1093 2303 rariores
1107 2263 1377 2302 numerandas.

986 2353 1416 2406 DACI'A.

151 2942 190 2970 c.
219 2938 380 2967 ovAL.
411 2935 734 2967 HosTILIAN.
767 2936 884 2966 Ave.
915 2920 1049 2979 Caput
1070 2916 1287 2968 Hostiliani.
1458 2975 1461 2979 ,
1747 2974 1749 2976 ,

206 2997 229 3024 P
241 2997 271 3023 R
284 2997 310 3022 o
325 2997 350 3022 v
366 2996 380 3021 1
398 2996 423 3020 u
441 2996 463 3020 c
479 2995 492 3020 1
509 2996 535 3020 A
570 2995 593 3020 D
607 2995 633 3020 A
647 2995 670 3021 e
685 2993 699 3020 1
718 2995 756 3020 A.
788 2996 815 3021 A
830 2994 872 3020 N.
904 2995 931 3019 v
947 2996 959 3021 1
979 2996 1011 3022 1.
1040 2984 1155 3023 Anno
1162 2984 1339 3037 septimo.
1376 2980 1520 3024 Mulier
1537 2982 1635 3025 stans
1655 2984 1780 3038 patrio
1795 2986 1931 3027 vestitu
1954 2996 2086 3029 ornata
2102 3013 2115 3035 2
2141 2992 2244 3034 utra}

258 3052 336 3092 que
356 3050 470 3077 manu
491 3036 639 3092 lignum
657 3036 833 3083 militare,
862 3050 935 3091 pro
955 3037 1117 3092 pedibus
1137 3040 1220 3091 ejus
1240 3038 1330 3078 hinc
1349 3039 1511 3094 Aquila,
1539 3039 1628 3080 inde
1644 3041 1735 3081 Leo.

199 3117 322 3157 Dacia
341 3116 455 3155 libera
476 3115 542 3155 sub
559 3115 740 3169 Philippo
760 3117 1010 3168 pronunciata
1031 3130 1140 3156 aeram
1158 3116 1208 3156 ad
1226 3127 1402 3156 aeternam
1424 3117 1599 3158 beneficii
1625 3119 1848 3160 memoriam
1876 3119 1915 3158 in
1933 3122 2096 3161 nummis
2116 3137 2237 3178 appo-

143 3173 236 3217 suit,
264 3172 445 3224 illamque
469 3170 536 3210 sub
552 3185 600 3210 eo
615 3183 759 3210 annum
781 3172 933 3210 tertium
955 3171 1110 3226 fignaffe
1129 3171 1316 3218 diximus,
1344 3171 1408 3212 sed
1425 3185 1603 3226 quartum
1622 3174 1736 3214 etiam
1763 3174 1957 3214 inchoasse
1983 3175 2236 3229 suspicamur,

143 3227 254 3282 quod
273 3227 376 3266 idem
397 3239 518 3265 annus
541 3239 589 3264 vi
605 3240 633 3265 1.
653 3226 690 3265 in
709 3226 928 3266 Hostiliano
944 3230 982 3266 &
1003 3226 1212 3266 AEmiliano
1228 3228 1433 3280 reperiatur
1459 3243 1467 3266 :
1496 3228 1577 3268 haec
1594 3240 1720 3269 autem
1739 3230 1933 3282 provincia
1951 3241 2062 3272 tertio
2082 3233 2235 3289 Imperii

139 3283 311 3336 Philippi
326 3295 428 3321 anno
441 3308 452 3327 ‚
486 3281 602 3320 Urbis
618 3282 711 3320 vero
727 3295 820 3330 999.
841 3281 955 3321 libera
971 3281 1020 3320 ab
1039 3296 1088 3322 eo
1108 3281 1205 3322 fasta
1223 3282 1391 3328 videtur,
1422 3281 1448 3321 fi
1469 3282 1628 3337 quidem
1654 3284 1713 3323 ille
1735 3284 1785 3323 U.
1804 3285 1852 3324 C.
1880 3299 1994 3325 1002.
2011 3287 2232 3332 interfectus

139 3341 216 3385 est,
245 3340 284 3377 in
301 3352 382 3391 quo
399 3349 556 3388 quartus
573 3350 654 3375 aerae
673 3336 799 3376 Daciae
814 3350 935 3376 annus
954 3336 1028 3377 esse
1045 3337 1199 3384 debuit,
1228 3338 1294 3392 qui
1320 3337 1458 3391 pariter
1476 3352 1634 3392 quartus
1660 3340 1698 3378 in
1724 3339 1848 3378 Decio
1872 3354 2026 3381 notatur
2042 3363 2053 3388 ;
2085 3344 2229 3387 Decius

137 3407 267 3436 autem
285 3391 428 3434 occisus
446 3392 543 3431 circa
562 3392 728 3431 mensem
751 3392 932 3431 Martium
946 3418 958 3438 ,
988 3392 1040 3432 U.
1060 3393 1106 3432 C.
1130 3406 1243 3444 1004..
1263 3406 1344 3432 aerae
1359 3406 1500 3433 annum
1526 3395 1704 3447 quintum
1730 3394 1857 3434 Daciae
1877 3395 2053 3444 absolvit,
2081 3403 2120 3439 &
2144 3405 2229 3441 lex-

137 3461 221 3491 tum
238 3445 431 3489 inchoasse
448 3446 618 3492 videtur,
648 3446 884 3486 Hostilianus
902 3447 937 3486 ei
952 3445 1133 3501 superstes
1148 3447 1220 3489 fuit
1236 3447 1354 3501 usque
1369 3448 1418 3487 ad
1434 3463 1576 3489 annum
1599 3450 1649 3488 U.
1669 3451 1717 3490 C.
1742 3456 1854 3489 1006.
1878 3451 1916 3490 in
1933 3466 2014 3505 quo
2029 3456 2224 3507 provincia

137 3513 281 3545 annum
298 3503 500 3557 septimum
518 3502 777 3554 computavit,
807 3502 866 3541 ille
883 3502 984 3541 enim
1001 3515 1090 3542 cum
1110 3503 1225 3544 Gallo
1239 3504 1459 3556 imperavit,
1489 3504 1516 3544 si
1544 3503 1638 3545 fides
1665 3507 1752 3544 Aur.
1780 3504 1929 3545 Vi&ori
1946 3511 1984 3547 δε
2004 3509 2191 3562 Eutropio
2207 3532 2221 3558 ς

136 3561 188 3601 fic
211 3573 339 3600 autem
375 3558 491 3597 habet
519 3557 655 3597 vietor
677 3571 685 3596 :
732 3556 831 3595 Haec
860 3557 926 3596 ubi
953 3557 1098 3596 ‘Patres
1122 3569 1323 3612 comperere
1338 3584 1350 3604 ‚
1390 3558 1501 3598 Gallo
1529 3559 1809 3615 Hostilianoque
1835 3563 2006 3616 Augusta
2036 3566 2221 3616 Imperia,

137 3614 372 3666 Volusianum
390 3611 500 3652 Gallo
517 3612 659 3652 editum
677 3611 860 3662 Caesarem
879 3612 1090 3651 decernunt.
1120 3613 1327 3668 Eutropius
1344 3616 1437 3653 vero
1454 3628 1462 3653 :
1491 3614 1591 3653 Mox
1610 3616 1854 3669 imperatores
1879 3619 2105 3666 creati-fimt
2127 3620 2221 3658 Gal-

134 3672 217 3714 lus,
248 3668 483 3716 Hosttlianus
506 3666 553 3711 &
570 3667 676 3707 Galli
688 3667 791 3714 filius
813 3667 1039 3715 Volustanus.
1071 3666 1212 3708 Mulier
1229 3666 1377 3709 Genius
1393 3670 1600 3723 provinciae
1617 3669 1698 3710 duo
1719 3683 1823 3711 tenet
1839 3670 1942 3726 ligna
1960 3672 2148 3719 militaria,
2176 3676 2216 3717 in

136 3726 277 3779 quibus
292 3725 447 3764 nomina
465 3723 550 3763 sunt
566 3723 779 3778 Legionum
797 3723 847 3762 ad
866 3722 992 3762 Dacia:
1008 3722 1216 3763 custodiam
1232 3723 1449 3778 positarum.
1480 3724 1640 3778 Aquila,
1666 3726 1878 3780 symbolum
1895 3728 1947 3768 est
1963 3728 2117 3781 Imperii
2131 3729 2218 3770 Ro-

135 3781 238 3825 mani
257 3799 269 3826 3
297 3779 404 3825 Leo,
431 3774 576 3833 insigne
592 3777 804 3832 provinciae.

190 3857 273 3899 Hic
289 3869 460 3897 nummus
463 3856 641 3909 ficundae
656 3854 931 3910 magnitudinis
947 3857 1049 3896 inter
1067 3856 1265 3908 rariffimos
1283 3856 1529 3898 collocandus.

248 3966 351 4010 Tom.
381 3964 449 4006 ΙΙ.
1530 3966 1571 4009 D
1584 3966 1613 4010 d
