2574 4214
273 207 375 247 <144

407 1142 447 1183 R
461 1157 484 1182 E
501 1156 527 1182 v
543 1155 567 1181 E
599 1138 756 1197 Imperii
783 1142 926 1205 Nerva:
949 1154 1104 1199 tempus
1121 1173 1134 1193 ,
1170 1149 1210 1188 δ’(
1226 1145 1388 1202 quidem
1412 1147 1667 1203 procellosum
1685 1176 1698 1197 ,
1726 1149 1776 1191 ad
1796 1150 1983 1192 Colonias
1999 1150 2245 1195 deducendas
2267 1150 2374 1196 haud

268 1158 391 1288 B
405 1208 672 1259 opportunum
698 1198 985 1261 fuissem-detur
1001 1200 1151 1263 gil-lum
1171 1214 1302 1244 tamen
1321 1216 1448 1246 narrat
1467 1204 1675 1246 Frontinus
1687 1206 1841 1247 Verulae
1860 1208 1900 1247 in
1918 1208 2030 1250 Latio
2046 1209 2223 1251 Coloniae
2238 1223 2372 1266 agrum

404 1253 587 1294 {mutibus
608 1254 845 1296 Gracchanis
867 1270 906 1296 1n
927 1257 1146 1298 nommibus
1164 1258 1411 1315 affignatum‚
1441 1260 1606 1303 Colonis
1625 1260 1839 1302 reddidisse.

317 1330 364 1371 N
376 1346 398 1371 E
412 1345 442 1375 R
454 1345 481 1376 v
493 1347 531 1374 ΑΞ
555 1336 699 1375 nummi
713 1337 864 1377 eximia
878 1335 1112 1381 raritatis&
1125 1337 1426 1394 elegantiaeficnt
1435 1359 1450 1386 ,·
1459 1341 1739 1396 primaesormae
1749 1369 1762 1389 ,
1782 1331 1966 1385 hactenus
1976 1356 2050 1385 non
2060 1338 2316 1396 obfirva'ntur-

262 1944 293 1972 N
306 1945 329 1971 E
342 1944 373 1970 R
384 1943 411 1969 v
425 1943 464 1969 A.
496 1942 519 1969 c
531 1943 558 1969 A
570 1943 594 1969 E
606 1943 641 1969 s.
676 1943 701 1971 A
716 1942 744 1969 v
757 1941 796 1968 G.
835 1927 969 1984 Caput
985 1928 1130 1971 Nervae
1146 1931 1367 1972 laureatum.

316 2001 340 2028 c
353 2000 378 2025 o
392 2000 431 2026 L.
463 1999 479 2024 1
491 1999 518 2025 v
531 2000 566 2025 L.
597 1999 625 2026 A
640 1999 667 2025 v
680 1998 720 2025 G.
753 1999 778 2025 F
791 1998 812 2024 E
822 1999 861 2025 1,v
894 2000 916 2027 B
928 2000 950 2025 E
963 1999 1007 2026 R.
1045 1987 1201 2027 Colonia
1218 1986 1338 2040 Julia
1355 1982 1532 2042 Augusta
1547 1980 1661 2028 Felix·
1676 1986 1850 2040 Berytus.
1877 1984 2059 2028 Colonus
2075 2000 2193 2044 agens
2209 1985 2342 2028 boves.

313 2062 541 2118 Berytenses
556 2062 767 2104 Phoeniciae
783 2062 882 2104 inter
891 2064 1070 2104 Colonos
1086 2065 1260 2106 Romani
1275 2066 1433 2119 Imperii
1449 2065 1494 2105 N
1496 2078 1595 2105 ervae
1611 2066 1725 2119 primi
1741 2078 1922 2106 nummos
1938 2064 2185 2113 dedicarunt,
2201 2063 2270 2120 ipfi
2285 2076 2375 2121 gra-

258 2120 423 2163 tulantes
438 2146 449 2166 ‚
479 2118 588 2172 quod
608 2120 778 2162 extine‘co
795 2119 941 2159 crudeli
956 2119 1196 2173 Imperatore
1213 2146 1225 2165 ‚
1254 2120 1381 2160 bonus
1401 2120 1659 2174 gubernacula
1679 2120 1881 2176 susceperit
1898 2136 1907 2161 ε
1934 2135 2024 2162 nam
2041 2147 2054 2168 ‚
2082 2133 2127 2162 ut
2144 2121 2273 2176 inquit
2292 2121 2372 2162 Eu-

258 2175 408 2229 tropius
423 2174 486 2214 lib.
506 2177 540 2215 8.
571 2173 801 2230 Respublica
821 2174 878 2214 ad
881 2174 1168 2230 prosperrimum
1174 2174 1327 2227 statum
1345 2175 1483 2222 rediit,
1512 2174 1619 2216 bonis
1637 2174 1889 2230 Principibus
1904 2178 2053 2231 ingenti
2058 2176 2258 2231 felicitate
2272 2189 2369 2217 com-

257 2230 366 2284 miffa
382 2246 395 2269 .·
424 2230 658 2271 Domitiano
684 2231 784 2272 enim
811 2229 970 2271 exitiali
993 2239 1153 2282 tyranno
1173 2228 1315 2271 Nerva
1328 2229 1506 2282 succfft
1515 2250 1529 2277 ς
1559 2232 1626 2271 vir
1643 2232 1685 2271 in
1694 2234 1861 2286 privata
1878 2234 1967 2272 vita
1982 2232 2196 2272 moderatus
2212 2231 2370 2284 &stre-

258 2300 380 2335 nuus,
408 2285 624 2328 nobilitatis
639 2286 771 2327 mediae
782 2313 795 2334 ,
823 2285 1019 2342 quifi’nex
1037 2286 1249 2342 Imperator
1252 2286 1415 2341 fat't'us,
1434 2286 1725 2342 aequiffi'mumse
1733 2288 1923 2342 praebuit;
1949 2291 2070 2343 magis
2085 2288 2211 2328 adhuc
2217 2284 2369 2343 populas⁴

258 2342 301 2384 T
293 2344 425 2398 rajani
438 2342 639 2396 adoptione
647 2351 803 2399 gratus.
841 2343 1020 2384 Colonus
1031 2369 1043 2390 ‚
1072 2342 1121 2384 ad
1137 2343 1329 2398 originem
1347 2342 1525 2383 deduetae
1541 2342 1720 2384 Coloniae
1737 2343 1982 2385 indicandam
1999 2344 2166 2400 fignatus
2183 2344 2246 2385 est.

314 2423 398 2465 Hic
411 2437 585 2466 nummus
597 2421 872 2478 mediaeformae
886 2423 988 2464 inter
1004 2422 1201 2475 rariffi'mos
1217 2421 1454 2477 reponendus.

998 2519 1035 2560 C
1059 2518 1106 2559 A
1129 2517 1162 2560 S
1187 2517 1220 2559 S
1242 2518 1291 2559 A
1313 2516 1364 2559 N
1388 2516 1440 2558 D
1469 2516 1511 2558 R
1539 2516 1569 2557 I
1589 2516 1645 2558 A.

262 3072 324 3100 1M
339 3072 371 3098 ι’.
403 3066 434 3098 N
448 3071 470 3097 E
483 3070 524 3097 R.
555 3070 578 3096 c
591 3068 617 3094 A
632 3068 654 3094 E
669 3067 701 3092 s.
735 3066 761 3091 A
776 3065 802 3091 v
815 3064 855 3091 G.
894 3051 1029 3103 Caput
1046 3045 1191 3087 Nervae
1212 3045 1434 3085 laureatum.
2004 3087 2007 3090 y
2219 3094 2226 3101 ,

317 3129 340 3155 c
353 3128 378 3154 o
391 3129 429 3154 L.
460 3127 476 3152 1
488 3126 514 3153 v
528 3126 567 3152 L.
597 3125 626 3150 A
639 3124 666 3150 v
677 3123 718 3148 G.
749 3122 773 3148 c
785 3121 811 3147 A
826 3120 844 3145 s
860 3119 879 3148 s
894 3118 921 3144 A
936 3118 964 3144 N
978 3119 1002 3144 n
1014 3117 1040 3143 R
1055 3117 1078 3142 r:
1089 3115 1135 3143 N.
1170 3100 1328 3141 Colonia
1344 3097 1462 3151 Julia
1482 3093 1656 3152 Augusta
1673 3091 1958 3148 Caffandrenfis.
1990 3085 2247 3149 Caputjovis
2266 3093 2362 3135 Am..

374 3169 512 3209 monis.

317 3246 539 3288 Cassandria
555 3241 800 3286 Macedoniae
815 3239 904 3280 urbs
919 3239 974 3279 est
991 3264 1003 3284 ‚
1030 3235 1080 3277 de
1097 3234 1230 3290 quain
1247 3231 1418 3275 Claudio
1435 3258 1447 3278 ‚
1476 3229 1639 3272 Nerone
1657 3253 1669 3276 3
1699 3232 1737 3270 &
1754 3225 1990 3282 Vespafiano
2008 3226 2155 3268 diuum
2168 3226 2224 3268 est
2236 3251 2249 3274 ‚
2272 3227 2360 3281 ejus

264 3302 379 3343 etiam
403 3301 577 3341 meminit
591 3300 762 3355 justinus
782 3297 843 3336 lib.
863 3308 925 3346 24.
954 3292 1052 3333 ultro
1073 3294 1201 3331 virum
1226 3291 1268 3330 in
1293 3287 1420 3329 urbem
1436 3283 1553 3340 suam
1578 3285 1844 3339 Caffandream
1866 3287 2028 3344 invitat.
2064 3283 2361 3344 Caffinndrenies

264 3357 408 3398 Nervae
425 3355 709 3411 gratulabundi,
737 3364 918 3392 nummos
934 3347 1215 3404 percusserunt,
1245 3343 1355 3400 quod
1371 3343 1584 3398 Imperator
1601 3341 1693 3382 ess‘et
1709 3341 1849 3381 elestus
1863 3341 2089 3380 Dommano
2101 3338 2247 3385 occiso,
2270 3352 2360 3400 qur,

264 3424 309 3453 ut
325 3411 439 3451 refert
456 3411 659 3463 Eutropius
676 3409 738 3449 lib.
754 3421 789 3460 7.
820 3407 892 3446 Aa
902 3405 1072 3460 ingentia
1088 3403 1193 3442 vitia
1203 3398 1431 3455 progreffus,
1458 3398 1649 3444 libidinis,
1678 3395 1906 3442 iracundiae,
1933 3394 2195 3440 crudelitatis,
2216 3405 2357 3455 'avare-

265 3470 352 3513 tiae‚
380 3474 531 3505 tantum
545 3467 585 3504 in
600 3466 639 3515 fe
656 3464 781 3505 odium
801 3462 1013 3501 concitavit
1026 3486 1037 3506 ‚
1067 3466 1112 3498 ut
1128 3458 1264 3497 merita
1285 3454 1468 3508 &patris
1489 3451 1692 3507 &fratris
1706 3451 1882 3491 aboleret.
1920 3449 2120 3503 Frequens
2139 3449 2193 3509 est
2212 3462 2250 3487 m
2267 3445 2360 3509 Cas·

266 3519 522 3563 sandrenfium
545 3533 702 3559 nummo
721 3517 924 3558 Ammonis
941 3526 1057 3570 caput
1074 3541 1085 3560 ‚
1113 3512 1222 3565 cujus
1242 3525 1288 3551 ex
1305 3510 1484 3566 AEgypto
1508 3509 1632 3550 cultus
1651 3508 1692 3547 in
1708 3506 1897 3548 Graeciam
1913 3505 2045 3545 allatus
2062 3504 2117 3544 est
2133 3523 2145 3550 ⁵
2173 3503 2235 3543 ille
2254 3514 2357 3545 emm

265 3576 444 3634 proJove
458 3575 498 3614 in
515 3574 634 3627 Libya
649 3575 881 3619 habebatur,
909 3572 960 3612 de
978 3584 1060 3625 quo
1076 3569 1255 3609 Lucanus
1272 3566 1293 3606 1.
1310 3580 1345 3620 3.
1444 3623 1450 3628 .

696 3629 778 3668 Pro
798 3627 905 3680 Jove
925 3637 963 3667 te
980 3625 1117 3678 Libyci
1135 3623 1329 3663 coluerunt
1347 3634 1514 3676 corniger
1528 3620 1704 3659 Ammon.
2062 3667 2068 3673 ι

268 3686 496 3729 Monendus
521 3685 670 3724 interim
695 3683 857 3729 Lestor,
885 3696 934 3722 ne
953 3692 1156 3721 nummum
1179 3678 1323 3718 Nervae
1349 3678 1454 3731 apud
1479 3676 1661 3715 Erizzum
1684 3684 1770 3732 pag.
1789 3680 1877 3722 170.
1898 3681 1986 3709 cum
2007 3667 2215 3730 epigraphe
2244 3682 2267 3708 c
2281 3679 2355 3708 οι.

271 3758 287 3783 1
298 3758 321 3783 v
334 3758 371 3782 L.
404 3757 427 3781 c
441 3756 466 3781 o
479 3753 496 3778 s
513 3755 530 3779 s
545 3753 570 3777 A
590 3766 601 3783 ‚
631 3742 667 3776 Sc
689 3738 890 3777 Ammonis
910 3737 1035 3790 capite
1052 3762 1064 3781 ,
1092 3735 1141 3774 ad
1161 3733 1318 3774 Coss‘am
1334 3731 1527 3774 Hetruriae
1544 3739 1701 3769 revocet
1717 3754 1729 3773 ,
1756 3725 1818 3765 ille
1837 3724 1892 3764 est
1903 3723 2035 3784 .¹¹⁰ste¹f
2053 3721 2357 3784 Cassandrenfis,

267 3799 308 3838 in
329 3811 408 3849 quo
427 3808 503 3836 vox
533 3809 559 3833 A
571 3808 595 3831 v
607 3807 646 3831 G.
676 3792 791 3831 exaesa
807 3793 881 3837 est,
911 3795 950 3831 ὃς
979 3805 1001 3830 c
1013 3803 1039 3829 o
1051 3803 1068 3829 s
1085 3803 1103 3828 s
1119 3803 1146 3828 A
1178 3803 1252 3842 pro
1280 3803 1303 3828 c
1319 3802 1344 3827 A
1359 3801 1377 3826 s
1393 3801 1411 3826 ε
1426 3800 1452 3826 A
1467 3798 1496 3826 N
1508 3800 1534 3824 D
1547 3798 1590 3824 R.
1619 3792 1820 3836 perperam
1837 3778 1927 3833 legit
1943 3779 2210 3838 Annquanus,
2239 3788 2358 3832 quem

269 3865 433 3893 errorem
451 3849 573 3889 haufit
590 3847 702 3887 Occo
722 3861 807 3900 pag.
827 3850 913 3893 189.
936 3849 973 3885 ὃς
991 3846 1038 3884 ab
1054 3858 1102 3884 eo
1119 3843 1319 3883 Tristanus
1336 3853 1430 3883 tom.
1452 3854 1486 3881 1.
1504 3853 1588 3894 pag.
1608 3842 1701 3892 365.
1733 3836 1782 3876 ab
1808 3833 1886 3875 hoc
1909 3833 2056 3874 Comes
2079 3832 2357 3874 Mediobarbus

268 3921 354 3962 pag.
375 3910 462 3956 146.
480 3916 522 3944 ut
541 3908 577 3942 δε
591 3916 713 3956 nuper
729 3901 767 3941 P.
782 3902 1007 3941 Harduinus
1023 3913 1110 3953 pag.
1126 3910 1214 3948 127.

317 3984 400 4024 Hic
418 3995 585 4023 nummus
604 3980 752 4021 minimi
766 3978 904 4020 moduli
919 3981 1018 4019 inter
1035 3976 1279 4029 elegantiores
1297 3979 1524 4015 numeratur.

2253 4012 2361 4058 PA-
