2574 4214
0 1780 13 2236 —-—-——---—-q-
0 1627 11 1775 ——ut-—v—
4 1540 11 1621 m,
7 1522 9 1526 .

2181 177 2266 232 123

177 782 214 812 c.
244 781 279 808 r».
310 780 325 806 1
336 779 363 808 v
375 779 397 805 P
410 778 425 805 1
438 778 462 805 τ
475 779 498 804 E
510 778 539 806 R
570 778 596 806 L
608 779 624 805 1
636 779 658 805 Β
668 779 692 804 E
704 778 734 806 R
747 778 773 805 A
788 778 812 805 r
825 779 851 805 o
864 779 908 805 R.
949 761 1105 806 Colonia
1130 764 1327 817 Patrensis
1341 792 1355 813 ,
1381 764 1542 821 Jupiter
1568 767 1778 809 Liberator.
1811 767 1966 822 Jupiter
1991 769 2118 811 nudus
2144 769 2243 814 stans
2252 797 2269 825 ³

284 821 416 862 dextra
432 820 596 874 aquilam
607 847 619 867 ,
647 820 740 862 laeva
755 820 911 861 hastam.

226 899 420 942 Patrenses
434 898 531 938 hanc
549 898 634 951 Jovi
651 898 861 940 Liberatori
880 898 1039 940 statuam
1057 899 1266 954 posuerunt
1285 899 1338 940 ob
1357 901 1563 954 provinciae
1582 902 1795 944 libertatem
1813 902 1987 944 Neronis
2004 904 2192 947 beneficio
2207 921 2266 948 re-

172 967 389 1010 cuperatam
399 981 411 1000 ,
427 967 544 1007 quam
559 953 649 994 ideo
661 954 699 993 in
713 955 796 1006 ejus
804 954 970 995 nummis
981 955 1183 1008 signarunt.
1213 956 1274 995 Sic
1293 959 1366 997 2⁶05
1381 960 1566 1004 amica&
1579 959 1626 998 ab
1637 958 1932 999 Atheniensibus
1945 960 2067 1000 cultus
2078 962 2145 1007 est,
2155 963 2266 1016 quod

171 1024 240 1051 eos
255 1011 277 1050 a
293 1009 422 1050 Medis
438 1008 640 1050 liberasset:
670 1008 720 1049 fic
731 1009 940 1056 Platenses,
957 1011 1068 1064 quod
1081 1010 1208 1050 Graeci
1219 1010 1347 1051 Persas
1363 1011 1608 1060 delevissent,
1630 1013 1721 1067 Jovi
1734 1014 1954 1054 Eleutherio
1971 1016 2158 1069 templum
2174 1032 2267 1058 con-

170 1065 391 1106 struxerunt.
418 1064 480 1104 De
492 1064 662 1105 libertate
672 1065 829 1105 Graeciae
842 1066 862 1105 a
872 1065 1036 1105 Nerone
1044 1065 1217 1106 concessa
1227 1066 1452 1120 loquentem
1465 1068 1597 1110 audias
1606 1068 1826 1109 Pausaniam
1839 1070 1879 1109 in
1890 1069 2066 1110 Achaicis
2079 1086 2217 1125 pag-42
2228 1076 2265 1114 8.

171 1119 264 1169 Χςόνῳ
288 1119 307 1164 ’3
328 1119 418 1165 fist-pov
441 1123 466 1155 ἐς
488 1121 606 1165 Νέρωνι
627 1122 644 1159 ἡ
666 1118 817 1161 βασιλέα
839 1120 974 1163 facecia&
993 1123 1010 1159 ἦ
1026 1119 1182 1166 Ρωμαίων,
1206 1119 1253 1164 ³451)
1271 1121 1414 1167 ἑλόῦᾓερον
1431 1124 1444 1156 ὁ
1463 1125 1555 1169 Νέρων
1571 1127 1691 1166 ἀφίησιν
1708 1124 1845 1159 οἱπυίντων
1862 1149 1872 1165 ,
1897 1124 1974 1158 α’)λσέ
1991 1126 2057 1171 yla)
2073 1127 2153 1168 περὶ·
2169 1129 2262 1173 δῆμον

168 1168 349 1215 ωιηπίμᾏιος
363 1173 389 1205 ‘³1²
405 1169 540 1216 Ῥωμαίων
556 1193 567 1209 ,
592 1170 704 1219 ΣικςὸωΧ
717 1171 748 1215 ὣ
765 1169 819 1206 erlo>
834 1174 909 1210 νῆπν
926 1176 951 1207 ἐς
965 1172 1002 1205 ’τοὶ
1017 1172 1133 1219 μοίλιςα
1149 1173 1316 1219 ἄν’ἒαίμοναι
1336 1175 1400 1210 aim-i
1419 1176 1541 1212 Εὶλοὲὃος
1557 1180 1658 1222 σφίσιν
1674 1179 1845 1213 ἀντέδωκεν.
1884 1173 2119 1228 splllltbsposl‘
2134 1178 2266 1215 ael'ati-

168 1223 239 1265 bus·
257 1221 342 1262 cum
356 1221 412 1261 ad
424 1221 614 1262 Neronem
632 1224 884 1263 Romanorum
899 1224 1100 1278 Imperium
1109 1223 1360 1278 perveniffiet,
1388 1226 1425 1264 ὼ
1440 1225 1616 1272 Graeciae,
1623 1227 1705 1278 stne
1718 1227 1884 1267 Romani
1896 1230 2049 1283 Imperii
2064 1231 2265 1271 detrimen-

167 1287 228 1325 to,
244 1279 361 1328 suam
378 1277 545 1317 reddidit
560 1277 775 1319 libertatem
786 1293 798 1317 :
817 1289 889 1333 pro
905 1294 949 1320 ea
967 1281 1066 1319 enim
1086 1279 1304 1319 Sardiniam
1312 1279 1560 1332 praedivitem
1576 1283 1737 1333 infidam
1754 1285 1795 1323 in
1804 1286 2012 1336 provincia>
2024 1284 2187 1337 formam
2206 1301 2262 1326 re-

166 1331 278 1387 dgit.
301 1332 455 1387 Jupiter
472 1332 574 1374 varie
590 1333 827 1389 depingitur,
855 1333 978 1375 modo
992 1334 1140 1381 nudus,
1167 1334 1290 1375 modo
1304 1334 1419 1388 pallio
1438 1337 1580 1384 tectus,
1607 1338 1729 1378 modo
1745 1339 1848 1380 veste
1865 1350 2020 1381 ornatus
2031 1367 2044 1388 ,
2069 1341 2180 1393 juxta
2196 1355 2262 1382 va-

166 1388 220 1430 ria
233 1387 316 1442 ejus
337 1389 515 1429 attributa
532 1391 572 1428 ὃ(
587 1389 755 1430 nomina.

208 1465 302 1563 lflic
323 1480 494 1508 nummus
517 1467 712 1509 mediocris
735 1467 1009 1526 magnitudinis
1026 1493 1040 1516 2
1068 1466 1092 1508 ἁ
1111 1467 1286 1510 Morellio
1310 1470 1352 1511 in
1377 1467 1530 1524 Specim.
1555 1480 1642 1524 pag,
1660 1484 1722 1524 53.
1747 1471 1929 1526 vulgatus
1943 1499 1954 1519 ‚
1982 1473 2079 1513 inter
2101 1474 2261 1516 rariores

165 1534 208 1563 co
234 1529 376 1562 ocatur.

159 2081 195 2126 μ
205 2084 231 2114 n
244 2083 303 2113 Ro
331 2082 355 2111 c
366 2082 392 2111 ι,
406 2083 433 2110 A
447 2083 475 2110 v
486 2083 525 2111 o.
555 2083 580 2111 c
592 2083 618 2110 A
631 2083 655 2111 E
669 2082 688 2110 s
702 2083 728 2109 A
742 2083 784 2110 a.
816 2084 844 2110 A
857 2083 886 2109 v
897 2083 936 2110 G.
966 2084 992 2110 c
1005 2084 1029 2110 E
1041 2085 1073 2111 R
1085 2083 1130 2111 Μ.
1167 2071 1301 2124 Caput
1322 2068 1495 2110 Neronis
1513 2068 1733 2111 laureatum.

213 2141 251 2169 c.
280 2140 315 2168 P.
345 2140 374 2168 n
386 2140 408 2166 ε
420 2139 450 2167 a
462 2140 485 2166 c
497 2139 523 2167 v
535 2140 561 2167 L
573 2139 589 2165 1
620 2139 646 2165 A
660 2139 685 2165 v
698 2139 724 2164 G
736 2139 764 2165 v
778 2139 797 2165 s
812 2139 835 2164 T
849 2138 886 2164 o.
925 2124 1081 2165 Colonia
1099 2123 1317 2174 ‘Patrensts‚
1344 2124 1506 2166 Herculi
1527 2124 1707 2180 Augusto.
1754 2120 1944 2166 Hercules
1966 2121 2067 2166 stans
2082 2149 2095 2171 ,
2121 2123 2256 2170 dextra

267 2182 419 2224 innixus
434 2180 538 2222 clava
548 2207 560 2228 ‚
589 2180 683 2221 laeva
697 2180 815 2235 spolia
831 2180 964 2221 leonis.

210 2259 324 2303 Nero
345 2260 384 2301 in
407 2260 573 2300 nummis
592 2257 913 2300 senatusconsulto
933 2258 1114 2313 percuffis
1131 2268 1176 2300 ut
1192 2257 1337 2312 Apollo
1350 2257 1533 2300 citharam
1551 2257 1702 2313 pulsans
1720 2256 1908 2312 fignatur:
1936 2257 1977 2299 in
1995 2257 2071 2299 hoc
2088 2256 2256 2302 Patrenfi

156 2326 201 2358 ut
223 2315 412 2358 Hercules
436 2315 543 2369 quasi
568 2315 743 2356 omnium
766 2315 1016 2356 certaminum
1040 2316 1170 2356 vietor.
1207 2314 1287 2355 Hic
1304 2314 1396 2354 vero
1419 2327 1600 2354 nummus
1621 2313 1758 2354 Dionis
1781 2314 1911 2354 locum
1932 2313 1982 2354 de
2004 2328 2149 2368 pompa
2168 2314 2255 2355 Ne-

155 2371 260 2415 ronis
276 2370 494 2425 triumphali
515 2370 773 2425 percelebrem
793 2385 874 2412 non
891 2384 1027 2424 parum
1044 2371 1221 2415 illustrat,
1250 2370 1339 2410 cum
1359 2369 1420 2410 ille
1442 2370 1464 2409 ὲ
1483 2370 1634 2410 Graecia
1649 2369 1819 2410 reversus
1835 2396 1848 2416 ,
1876 2370 1916 2410 in
1938 2369 2174 2424 Capitolium
2192 2381 2253 2411 to-

156 2427 196 2469 ta
222 2427 316 2468 urbe
343 2427 526 2468 coronata
541 2452 554 2472 ,
590 2425 814 2480 lychnisque
841 2439 885 2466 ac
909 2425 1132 2466 suffimentis
1158 2426 1271 2479 plena
1294 2424 1524 2465 ascenderet.
1566 2428 1688 2462 Πάντων
1712 2427 1732 2473 5*
1759 2432 1785 2463 ’ἓ
1807 2427 1974 2475 ἀνθρώπων
1989 2451 1999 2467 ,
2031 2426 2080 2473 χρὴ
2104 2429 2199 2462 ἀυτῶν
2223 2431 2250 2463 3

156 2481 312 2526 βελόῧτων
322 2508 329 2518 ,
345 2480 387 2517 δ”η
402 2481 517 2528 ydrum
531 2481 719 2527 συμζοώντων
729 2504 739 2520 ,
756 2484 965 2526 Ολυμπτονίκω
981 2480 1039 2519 ἔω,
1056 2484 1216 2517 Πυθτονίκοι
1230 2479 1288 2520 ἔοι,
1305 2479 1419 2525 Λῧγκςε
1431 2507 1438 2518 ,
1450 2479 1562 2525 Αῧγεςε
1573 2506 1582 2518 ,
1600 2482 1704 2526 Νέρωνι
1719 2485 1762 2526 τῷ
1772 2483 1918 2525 Ηρᾒεκλεῖί,
1930 2483 2034 2526 Νέρωνι
2049 2483 2091 2525 τῷ
2104 2478 2250 2514 Λπίὶλωνι.

155 2529 437 2572 Acclamabant
455 2543 580 2570 omnes
595 2529 643 2574 (ἐφ’
664 2529 862 2570 Senatores
871 2531 1030 2583 primis,
1060 2530 1151 2569 Ova
1169 2526 1447 2583 Olympionica,
1467 2530 1560 2568 Ova
1574 2528 1830 2579 Pythionica‚
1860 2528 2048 2583 Auguste,
2070 2529 2252 2582 Auguste,

155 2583 304 2626 Neroni
330 2585 519 2630 Herculi,
547 2584 696 2624 Neroni
720 2584 900 2638 Apollini.
939 2584 1129 2624 Hercules
1147 2596 1276 2625 autem
1300 2584 1551 2625 certaminum
1568 2583 1844 2638 Olympiorum
1869 2584 2060 2624 institutor
2077 2584 2253 2637 perhibe-

154 2651 237 2686 tur,
264 2638 331 2680 etsi
351 2639 462 2679 variae
482 2638 550 2678 fint
569 2639 619 2678 de
636 2640 681 2678 iis
696 2639 887 2680 sententiae
900 2667 912 2685 ‚
939 2640 1059 2692 magis
1076 2651 1204 2679 tamen
1221 2650 1374 2692 recepta
1390 2639 1430 2679 in
1447 2652 1536 2679 eum
1554 2638 1734 2679 refertur:
1762 2653 1839 2692 qua
1857 2639 1907 2679 de
1924 2652 1963 2678 re
1980 2639 2019 2678 in
2037 2639 2250 2678 Commen-

155 2694 256 2736 tariis
276 2694 315 2734 in
333 2693 487 2734 Pindari
501 2692 687 2747 Olympia
711 2695 872 2747 copiose
891 2695 1014 2747 agitur
1030 2720 1042 2739 ,
1070 2697 1107 2733 ὃ(
1131 2694 1178 2733 ab
1197 2693 1338 2733 Isaacio
1363 2694 1403 2733 in
1422 2693 1735 2746 Lycophronem.
1780 2693 1952 2744 Qidam
1973 2692 2251 2744 Philosophum

154 2748 365 2792 Herculem
383 2759 565 2802 putavere
577 2775 589 2794 ‚
615 2752 654 2787 &
672 2748 815 2789 idcirco
834 2749 888 2787 illi
902 2746 1249 2803 clavam,asfignant
1263 2774 1275 2793 ‚
1303 2761 1372 2800 per
1390 2761 1508 2800 quam
1526 2748 1773 2801 Philosophia
1796 2746 2046 2801 fignificatur5
2074 2750 2112 2787 &
2128 2747 2250 2788 leonis

152 2804 293 2862 pellem
308 2831 321 2850 ‚
349 2817 418 2858 per
438 2817 555 2858 quam
579 2803 782 2859 prudentia
797 2824 810 2851 5
838 2803 978 2858 quibus
999 2804 1112 2844 rebus
1138 2801 1328 2843 Hercules
1355 2801 1474 2842 animi
1496 2802 1662 2844 monstra
1688 2802 1864 2844 edomuit
1879 2829 1891 2850 ,
1922 2806 1961 2844 &
1978 2816 2093 2844 vanas
2107 2803 2247 2858 cogita=

155 2871 289 2902 tiones.

208 2929 290 2970 Hic
307 2942 480 2970 nummus
498 2929 694 2971 mediocris
696 2929 836 2985 formae
853 2931 955 2971 inter
972 2926 1250 2986 elegantiffimos
1268 2927 1501 2982 reponendus,

149 3500 168 3534 κ
178 3501 214 3530 Μ
225 3501 259 3528 1².
289 3500 319 3530 N
332 3501 356 3528 E
367 3501 397 3529 R
409 3501 436 3528 o
467 3501 490 3529 c
504 3500 531 3527 A
544 3501 568 3527 E
581 3501 599 3527 s
614 3501 640 3527 A
656 3501 700 3529 R.
735 3487 868 3542 Caput
884 3485 1055 3528 Neronis
1072 3487 1291 3530 laureatum.

202 3557 230 3586 D
241 3556 256 3583 1
268 3556 294 3583 A
307 3556 338 3584 N
351 3557 379 3584 A
409 3557 436 3583 L
451 3557 476 3584 A
491 3557 512 3583 P
524 3557 553 3583 H
566 3557 596 3584 R
609 3557 624 3583 1
638 3557 678 3584 A.
716 3543 841 3584 Diana
856 3543 1028 3584 venatrix
1046 3544 1144 3583 stans
1154 3570 1166 3590 ,
1194 3544 1336 3583 finistra
1352 3542 1479 3584 innixa
1493 3554 1592 3582 arcu.

205 3619 282 3661 Etfi
300 3634 478 3662 nummus
497 3619 601 3661 urbis
626 3635 769 3662 nomen
794 3635 873 3661 non
894 3620 1090 3674 praeferat,
1119 3620 1168 3660 ad
1192 3621 1386 3661 Patrenses
1412 3632 1539 3659 tamen
1566 3619 1669 3659 illum
1696 3617 1884 3672 pertinere
1906 3614 2042 3658 Dianae
2060 3614 2235 3670 Laphriae

148 3688 295 3719 nomen
317 3677 463 3731 arguit,
492 3677 514 3715 a
530 3676 700 3728 Laphrio
725 3678 808 3717 viro
831 3675 1016 3716 Phocenfi
1032 3703 1044 3722 ,
1073 3676 1142 3728 qui
1166 3676 1266 3715 illam
1291 3679 1328 3715 in
1347 3674 1550 3727 Calydone
1569 3686 1758 3720 erexerat,
1788 3674 1822 3713 ei
1842 3674 2017 3714 inditum.
2055 3674 2149 3712 Sunt
2167 3673 2234 3725 qui

148 3742 326 3772 vocatam
351 3731 482 3771 malint
504 3731 711 3784 Laphriam
724 3760 736 3780 ‚
766 3731 875 3785 quod
894 3730 1009 3784 ipfius
1029 3730 1111 3770 deae
1126 3730 1178 3770 ira
1198 3730 1377 3769 adversus
1397 3731 1574 3770 Ceneum
1597 3728 1746 3783 singulis
1769 3730 1875 3768 annis
1895 3735 2087 3779 ἑλωφςοτέςρι
2108 3727 2234 3774 fieret,

147 3784 190 3828 id
206 3784 261 3825 est
276 3785 394 3826 levior
409 3801 453 3827 ac
466 3785 631 3826 facilior:
659 3788 720 3827 alii
737 3801 815 3828 non
831 3788 852 3826 a
866 3786 1034 3839 Laphrio
1049 3785 1334 3826 denominatam
1348 3785 1520 3832 tradunt,
1540 3784 1604 3824 sed
1618 3798 1685 3838 per
1696 3784 1887 3837 syncopen
1898 3810 1909 3830 ‚
1930 3783 2032 3836 quali
2049 3785 2235 3830 λαφηελοω,

150 3838 261 3903 quod
277 3839 335 3880 illa
355 3841 452 3882 ferat
466 3841 589 3894 capita
606 3845 645 3882 &
660 3842 823 3883 ferarum
840 3842 965 3894 spolia.
1004 3841 1126 3880 Diana
1146 3840 1310 3894 Laphria
1330 3839 1448 3879 Patris
1465 3854 1503 3879 1n
1523 3854 1607 3880 arce
1627 3839 1756 3879 fanum
1774 3839 1936 3879 habebat
1953 3866 1963 3883 ‚
1992 3839 2030 3877 in
2050 3852 2131 3891 quo
2151 3837 2234 3889 ejus

150 3898 301 3951 iignum
317 3894 460 3938 AEtolis
476 3907 652 3952 ereptum
662 3924 676 3947 ‚
706 3898 754 3940 ab
770 3897 948 3954 Augusto
967 3897 1056 3938 cum
1072 3895 1290 3938 Patrensem
1308 3895 1498 3936 coloniam
1516 3895 1576 3936 ille
1591 3895 1775 3942 deduxit,
1803 3893 2042 3941 concessum,
2070 3904 2112 3933 ut
2127 3892 2239 3931 tradit

207 3947 248 3990 T
241 3961 307 3990 om.
335 3950 367 3992 I.
1418 3950 1509 4004 Qz
2109 3945 2243 3987 Pausa-
