2574 4214
283 220 371 262 118
1101 212 1152 275 N
1255 211 1290 258 E
1395 211 1439 260 R
1537 211 1603 276 0¹:

277 836 308 865 N
320 839 343 865 Ε
354 838 384 865 R
397 838 423 864 o
456 839 479 866 c
491 839 517 865 n
529 838 555 864 A
571 839 598 865 v
611 839 647 864 n.
678 838 702 864 c
715 838 740 864 A
753 838 777 864 E
788 838 818 865 s.
849 838 876 864 A
890 837 915 864 v
928 836 969 863 G.
1009 821 1143 877 Caput
1158 822 1332 865 Neronis
1346 822 1566 863 laureatum.

329 895 353 920 c
365 894 391 920 o
403 894 447 921 R.
480 894 505 920 T
518 894 545 920 1.
578 895 600 920 c
613 894 639 919 L
652 893 679 918 A
693 894 719 919 v
731 894 758 920 D
770 894 785 920 1
796 894 822 920 o
851 893 876 918 o
891 893 910 918 P
924 893 948 918 T
964 890 989 917 A
1004 892 1027 918 1·
1041 892 1067 917 o
1103 892 1118 917 1
1132 892 1160 918 1.
1191 892 1217 918 v
1231 892 1247 918 1
1257 891 1297 917 R.
1329 877 1528 924 Corinthi,
1545 876 1695 918 Tiberio
1705 877 1862 920 Claudio
1873 877 2018 933 Optato
2027 875 2262 920 Duumviro.
2291 879 2374 923 Co-

384 950 543 976 ronacx
561 935 676 990 apio,
705 935 743 975 in
763 949 842 990 qua
869 947 1131 974 ISTHMIA.

328 1014 390 1054 En
412 1014 505 1055 alter
528 1027 709 1054 nummus
733 1013 801 1053 sub
825 1012 965 1054 eodem
985 1011 1047 1052 Ti.
1069 1011 1237 1052 Claudio
1253 1010 1408 1066 Optato
1433 1011 1653 1052 Duumviro
1673 1011 1826 1054 Neroni
1845 1012 1992 1054 dicatus
2011 1027 2099 1054 cum
2124 1011 2285 1068 Augusti
2304 1017 2376 1056 nod
2396 1038 2401 1043 ·

273 1069 379 1110 mine
394 1097 406 1116 ,
434 1069 596 1124 ipsoque
618 1069 744 1108 laurea
769 1068 930 1124 infigni5
960 1067 1064 1108 unde
1085 1068 1175 1108 cum
1199 1067 1304 1108 idem
1328 1068 1521 1108 Duumvir
1545 1067 1714 1108 Claudio
1739 1069 1966 1121 Imperatori
1990 1072 2027 1109 &
2051 1069 2204 1109 Neroni
2235 1068 2376 1111 Caesari

272 1125 416 1166 deinde
434 1125 612 1181 Augusto
629 1138 811 1165 nummos
828 1123 1072 1178 percusserit,
1101 1137 1191 1169 eum
1207 1123 1389 1164 Corinthi
1405 1123 1863 1180 Duumviratumgessiss‘e
1882 1138 1984 1164 anno
2007 1125 2059 1165 U.
2074 1125 2123 1165 C.
2146 1127 2237 1176 805.
2253 1124 2377 1179 conji-

272 1182 414 1227 cimus,
444 1194 525 1235 quo
543 1179 731 1220 Claudius
747 1179 940 1235 regnavit,
968 1180 1057 1219 curn
1074 1178 1119 1219 N
1122 1192 1188 1234 ero
1203 1179 1333 1221 Caesar
1350 1179 1464 1226 estet,
1492 1178 1662 1219 Claudio
1678 1182 1770 1220 vero
1790 1195 1803 1220 1
1817 1193 1831 1220 1
1844 1193 1877 1220 1.
1895 1179 1988 1221 Idus
2004 1179 2188 1220 Ostobris
2204 1193 2376 1228 mortuo,
2416 1197 2427 1208 ·

272 1236 388 1278 Nero
406 1235 616 1291 Imperium
636 1234 824 1290 adeptus,
853 1235 1050 1290 Augustus
1074 1234 1285 1289 appellatus
1309 1235 1374 1276 est.
1420 1234 1583 1275 Corona
1605 1234 1667 1275 illa
1690 1248 1737 1275 ex
1756 1236 1846 1289 apio
1866 1247 2043 1276 contexta
2057 1262 2069 1281 ,
2099 1235 2139 1274 in
2159 1235 2268 1288 cujus
2287 1249 2376 1277 area

272 1292 356 1334 haec
373 1305 450 1332 vox
479 1305 495 1332 1
508 1305 527 1331 s
542 1305 567 1331 T
580 1304 658 1331 ΗΜ
671 1305 686 1330 1
699 1305 725 1331 A
738 1318 751 1338 ,
780 1292 986 1332 certamina
1001 1290 1180 1331 Isthmia
1201 1291 1341 1345 quinto
1360 1303 1523 1344 quoque
1543 1304 1646 1330 anno
1670 1291 1855 1332 celebrata
1872 1316 1884 1337 ,
1913 1290 1990 1331 hoc
2007 1304 2112 1331 anno
2131 1290 2300 1332 exhibita
2318 1304 2377 1332 ar·-

271 1348 356 1402 guit
372 1374 384 1393 ,
413 1361 582 1402 quorum
601 1347 800 1402 praemium
823 1358 903 1387 erat
923 1360 971 1386 ex
995 1347 1085 1401 apio
1108 1346 1242 1393 arido,
1269 1348 1358 1388 cum
1376 1347 1480 1401 prius
1503 1345 1758 1387 Isthmionicae
1780 1347 1874 1400 pinu
1895 1358 2192 1393 coronarentur;
2221 1346 2272 1386 de
2290 1359 2375 1400 quo

271 1402 460 1443 Pindarus
476 1403 558 1443 Od.
575 1417 609 1444 2.
631 1402 754 1457 Epod.
780 1418 812 1443 1.
840 1409 875 1441 ιν·
893 1410 924 1442 ἀ
939 1409 1038 1453 οεγῶπ
1054 1407 1232 1453 βαρυκτόπε
1246 1407 1366 1451 &virano-e
1382 1406 1546 1450 κομνθίοις
1560 1410 1689 1445 miron.
1717 1403 1810 1459 Qo
1820 1402 1935 1458 paolo
1948 1404 1990 1444 in
2006 1403 2210 1444 certamine
2221 1400 2375 1458 Neptu-

273 1473 345 1500 nus
364 1460 562 1499 decoratus
567 1458 700 1513 fuerit
715 1460 973 1501 Corinthiam
986 1462 1094 1516 apios.

278 1540 283 1543 “
330 1537 414 1580 Hic
433 1552 606 1580 nummus
622 1538 930 1594 minimaeformae
940 1550 1010 1595 pro
1025 1554 1110 1581 raro
1126 1539 1332 1581 habendus.

278 2088 309 2150 i<
321 2112 346 2139 E
360 2110 390 2140 R
402 2109 430 2137 o
461 2109 484 2137 c
496 2109 522 2136 L
536 2109 563 2136 A
577 2109 603 2136 ν
613 2109 651 2135 D.
683 2107 707 2135 c
719 2107 746 2134 A
761 2106 786 2132 E
798 2104 832 2133 s.
864 2104 894 2132 A
906 2098 934 2133 v
945 2104 986 2132 o.
1025 2090 1161 2146 Caput
1177 2090 1351 2132 Neronis
1364 2089 1592 2133 laureatum:
2332 2135 2335 2138 ¹

330 2167 392 2195 co
404 2167 450 2192 R.
480 2166 516 2192 c.
549 2165 565 2190 1
581 2165 608 2190 v
621 2165 647 2190 L
662 2163 678 2190 1
693 2163 720 2189 o
751 2163 773 2189 P
786 2162 812 2188 o
825 2161 851 2187 L
864 2160 890 2186 Y
904 2160 932 2186 A
945 2162 968 2186 E
980 2159 1012 2186 N
1024 2159 1064 2186 0.
1102 2161 1117 2186 1
1136 2160 1169 2186 1.
1201 2159 1256 2187 v1
1267 2159 1310 2186 R.
1351 2146 1527 2186 Corinthi
1546 2171 1561 2193 ,
1588 2144 1679 2186 Caio
1696 2141 1809 2198 Julio
1827 2142 2006 2196 Polyaeno
2021 2138 2260 2186 Duumviro,
2293 2144 2381 2189 Co-

387 2221 485 2248 rona
503 2219 550 2247 ex
569 2207 685 2260 apio,
712 2204 751 2245 in
775 2216 853 2258 qua
883 2214 1152 2242 ISTHMIA.

308 2273 316 2282 '⁴
330 2287 391 2328 Ex
411 2285 545 2326 iisdem
562 2283 731 2337 nummis
750 2281 905 2322 Neroni
920 2279 1060 2322 Caeiari
1073 2307 1086 2328 ,
1114 2279 1256 2320 deinde
1273 2279 1451 2335 Augusto
1470 2305 1483 2326 ,
1510 2290 1593 2320 turn
1613 2278 1682 2320 sub
1696 2277 1786 2319 Tib.
1800 2277 1970 2319 Claudio
1987 2277 2139 2333 Optato
2159 2279 2198 2319 δε
2215 2277 2381 2334 C.Julio

275 2342 462 2396 Polyaeno
477 2353 567 2382 cum
584 2340 766 2380 fimilibus
786 2338 888 2392 typis
904 2335 1106 2392 percussis,
1133 2335 1216 2376 illos
1234 2334 1341 2376 fimul
1363 2334 1585 2389 eodemque
1602 2348 1705 2375 anno
1722 2334 1904 2375 Corinthi
1921 2335 2218 2376 Duumviratum
2233 2333 2380 2390 geffissh

276 2400 511 2440 arbitramur.
542 2396 701 2446 Isthmia
716 2393 923 2437 certamina
941 2393 1028 2434 sunt
1044 2391 1260 2446 appellata,
1286 2392 1377 2446 quia
1392 2391 1432 2430 in
1447 2390 1594 2431 Isthmo
1611 2391 1786 2444 quinque
1802 2392 1949 2431 tantum
1966 2390 2126 2431 millium
2142 2390 2285 2444 spatio,
2313 2389 2381 2432 ubi

275 2453 493 2495 Corinthus
510 2463 591 2493 erat
611 2451 678 2492 fita
689 2478 702 2498 ‚
726 2452 765 2491 in
784 2449 976 2490 honorem
994 2447 1175 2502 Neptuni
1194 2446 1481 2488 celebrabantur
1497 2473 1509 2492 ,
1540 2458 1584 2487 ut
1598 2446 1804 2486 Plutarcho
1821 2445 1973 2487 videtur
1991 2446 2030 2485 in
2047 2445 2202 2486 Theseo
2219 2465 2231 2492 ς
2258 2445 2319 2486 vel
2338 2445 2381 2487 in

276 2509 505 2550 Palaemonis
532 2509 723 2548 honorem
737 2533 748 2551 ,
777 2516 821 2546 ut
836 2518 885 2545 ex
903 2503 1056 2544 Archiae
1073 2503 1205 2544 Poetae
1221 2503 1363 2543 Graeco
1380 2502 1656 2556 epigrammate
1672 2502 1885 2556 colligitur,
1912 2502 2019 2555 quod
2040 2502 2152 2542 etiam
2172 2501 2291 2542 hodie
2311 2513 2380 2542 ex-

278 2578 334 2607 tat
351 2566 390 2605 in
412 2563 650 2618 Anthologia
670 2577 678 2602 :
704 2562 771 2602 ista
790 2563 885 2601 vero
905 2559 1111 2601 certamina
1130 2557 1199 2599 sub
1216 2558 1276 2599 his
1292 2557 1516 2598 Duumviris
1536 2557 1720 2598 celebrata
1740 2556 1940 2604 videntur,
1969 2558 2056 2597 cnm
2079 2557 2190 2597 Nero
2209 2557 2248 2596 in
2271 2555 2380 2597 Grae-

276 2622 375 2662 ciam
395 2619 591 2674 profeQus
612 2618 678 2659 est.
725 2616 929 2669 Polyaenus
954 2627 1175 2670 cognomen
1202 2613 1241 2654 in
1270 2613 1419 2654 Graecia
1442 2612 1609 2668 vulgare,
1650 2612 1853 2666 Polyaenus
1871 2612 2073 2653 Sardianus
2088 2611 2265 2667 Sophista
2282 2610 2378 2654 vixit

276 2677 344 2718 sub
366 2675 542 2731 Caligula
552 2695 564 2721 ;
593 2675 687 2715 alter
705 2672 852 2713 Orator
866 2670 1010 2726 scripfit
1027 2670 1096 2711 sub
1112 2669 1211 2711 divis
1230 2669 1408 2709 fratribus
1423 2669 1516 2708 osto
1532 2669 1850 2724 strategematum
1867 2667 1991 2708 libros.

332 2754 415 2795 Hic
435 2767 607 2795 nummus
625 2754 752 2794 tertiae
768 2750 1045 2806 magnitudinis
1063 2750 1164 2790 inter
1179 2760 1284 2789 raros
1301 2755 1527 2788 numeratur.

288 3328 432 3356 NERO
463 3329 652 3357 eLAvn.
686 3325 823 3355 CAEs.
857 3323 976 3352 Avo.
1007 3318 1171 3350 GERM.
1206 3315 1613 3348 TR.1>.1Mt’.P.P.
1651 3294 2205 3358 CaputNeronislaureatum.⁴

344 3384 456 3410 con.
489 3385 523 3410 P.
547 3384 768 3411 VINICIO
801 3382 854 3408 11.
882 3380 992 3407 VIR.
1029 3363 1229 3410 Corinthi,
1256 3362 1399 3402 <Publio
1415 3362 1564 3400 Vinicio
1579 3360 1813 3399 ‘Duumviro
1850 3359 1963 3400 Nero
1978 3371 2131 3414 togatus
2147 3358 2263 3404 stans,
2283 3355 2378 3399 dex&

397 3436 493 3464 tram
510 3426 691 3480 porrigit,
717 3425 810 3464 laeva
824 3423 1025 3467 volumen,
1054 3422 1076 3460 ὰ
1095 3419 1238 3460 dextris
1257 3417 1391 3458 mulier
1409 3416 1540 3457 stolata
1560 3416 1679 3461 stans,
1708 3414 1840 3455 dextra
1857 3427 2025 3469 pateram
2038 3441 2050 3460 ,
2077 3413 2217 3453 sinistra
2235 3425 2375 3454 cornu-

399 3480 529 3532 copiae.
2150 3472 2153 3473 ⁷
2173 3469 2175 3471 ’

342 3556 483 3611 Figura
500 3556 689 3597 muliebris
705 3558 764 3597 illa
782 3584 793 3603 ‚
822 3571 909 3610 quse
929 3566 1096 3609 pateram
1123 3552 1221 3606 gerit
1242 3565 1330 3592 cum
1347 3549 1588 3605 cornucopiae
1604 3559 1692 3589 ante
1707 3546 1909 3588 Neronem
1927 3574 1939 3594 ,
1967 3547 2117 3587 videtur
2133 3544 2207 3586 effe
2224 3544 2378 3587 Genius

290 3611 470 3652 Corinthi
487 3638 498 3657 ,
528 3611 682 3651 tutelam
702 3613 801 3651 urbis
824 3611 892 3664 ipli
910 3610 1165 3651 committens.
1202 3607 1340 3661 Populi
1355 3604 1654 3660 Imperatoribus
1670 3607 1708 3642 &
1724 3616 1857 3642 eorum
1876 3602 2055 3642 uxoribus
2072 3600 2299 3647 adulantes,
2328 3601 2376 3640 il-

288 3668 346 3707 los
366 3666 461 3720 saepe
481 3666 629 3705 Genios
649 3666 888 3717 appellabant
908 3693 920 3711 ,
950 3678 992 3705 ut
1011 3678 1058 3703 ex
1081 3663 1247 3703 nummis
1271 3663 1392 3715 liquet
1423 3675 1448 3701 G
1463 3675 1484 3700 Ε
1499 3674 1542 3699 N.
1574 3673 1634 3699 co
1649 3673 1687 3698 L.
1720 3671 1779 3698 co
1792 3671 1831 3696 R.
1865 3657 1983 3696 Genio
2000 3656 2162 3697 Coloniae
2177 3655 2375 3703 Corinthi,

289 3726 327 3759 Sc
344 3721 497 3760 aliarum
518 3719 667 3759 urbium
687 3720 922 3766 testimonio,
951 3720 1030 3758 imo
1048 3718 1152 3771 apud
1169 3731 1237 3757 eos
1252 3718 1459 3757 maximum
1476 3714 1547 3755 fuit
1558 3714 1816 3767 juramentum
1825 3721 1897 3764 per
1913 3712 2111 3762 Principis
2127 3711 2311 3758 Genium,
2331 3722 2375 3751 ut

288 3775 403 3828 plane
420 3772 669 3826 Iurisconsulti
688 3778 726 3813 ὃ(
741 3774 997 3814 Tertullianus
1015 3773 1231 3813 ostendunt.
1272 3773 1421 3812 Genius
1437 3798 1449 3817 ‚
1480 3770 1587 3809 Deus
1602 3779 1682 3808 erat
1696 3794 1709 3813 ,
1737 3767 1805 3820 qui
1825 3765 2045 3819 praepositus
2059 3765 2134 3805 esse
2154 3781 2197 3805 ac
2214 3766 2291 3805 vim
2308 3765 2375 3805 ha-

291 3832 378 3870 bere
399 3831 570 3869 omnium
592 3841 716 3867 rerum
741 3829 1018 3882 gignendarum
1037 3827 1261 3866 credebatur
1281 3846 1292 3872 ·‚
1318 3827 1409 3866 ideo
1432 3825 1484 3865 illi
1512 3821 1755 3874 cornucopiae
1781 3820 1922 3860 dabant
1940 3846 1952 3866 ,
1979 3820 2028 3859 ad
2054 3834 2177 3860 rerum
2201 3821 2376 3861 omnium

289 3885 501 3924 ubertatem
520 3882 772 3922 indicandam.
811 3883 964 3921 Vinicin
979 3894 1094 3937 gens,
1116 3881 1282 3934 plebeia,
1303 3880 1367 3920 sed
1380 3878 1608 3920 Consularis.
1647 3875 1751 3919 Vide
1769 3875 1803 3916 F
1806 3875 1877 3916 ulv.
1896 3874 2078 3916 Urfinum
2098 3875 2138 3916 in
2157 3876 2320 3917 Vinicia.

333 3960 423 4001 .Hjc
439 3974 609 4001 nummus
626 3960 770 4001 minimi
786 3959 923 3998 moduli
938 3961 1038 3999 inter
1055 3959 1211 3998 rariores
1226 3957 1414 3998 locandus.
