2491 4219
771 114 1598 179 SAL-ONINA4
2144 120 2245 177 3³47,

991 235 1407 280 TROAS.

151 836 173 862 c
186 836 211 862 o
225 836 253 862 R
267 835 312 862 N.
343 834 362 861 s
378 836 404 861 A
418 837 443 862 L
456 836 480 861 o
492 835 522 861 N
534 835 549 861 1
561 835 593 862 N
604 835 632 861 A
666 835 692 861 A
707 836 734 861 v
746 836 784 862 G.
813 823 946 876 Caput
965 824 1158 865 Corneliae
1177 824 1377 865 Saloninae.

204 892 227 917 c
239 892 265 917 o
279 893 316 918 L.
351 892 377 916 A
394 891 419 917 v
433 891 472 917 o.
505 891 529 916 T
543 891 573 918 R
586 891 625 917 ο.
658 877 812 918 Colonia
828 879 999 932 Augusta
1018 880 1244 930 Troadenfis.
1275 880 1415 934 Aquila
1435 879 1502 921 alis
1517 879 1781 937 semiexpansss
1798 881 1908 937 supra
1926 882 2099 936 cippumj

199 955 326 995 Troas
340 955 427 996 urbs
444 955 617 1010 Phrygiae
635 956 811 1001 minoris,
841 956 1009 997 Colonia
1024 959 1071 998 ab
1093 959 1270 1014 Augusto
1286 960 1492 1000 constituta
1506 988 1516 1005 ,
1544 961 1623 999 Au‘
1636 960 1723 1008 ustae
1740 975 1883 1002 nornen
1901 960 2050 1015 pratfcrt
2072 977 2078 1000 z
2108 960 2189 1002 haec
2206 959 2247 1001 in

145 1012 312 1051 nummis
330 1011 628 1064 Imperatoribus
649 1025 860 1065 eorumque
877 1011 1027 1052 familiae
1043 1014 1300 1067 percutiendis
1317 1027 1396 1055 erat
1415 1016 1693 1069 diligentulima
1707 1044 1718 1063 ‚
1750 1030 1790 1057 ut
1811 1018 2068 1057 immunitates
2086 1017 2107 1056 ὰ
2128 1018 2247 1057 Clau-

143 1066 213 1106 dio
230 1065 296 1106 fibi
312 1067 502 1106 concessas
519 1066 773 1113 conservaret,
802 1067 892 1108 ideo
908 1082 1110 1109 nummum
1130 1070 1233 1110 hunc
1251 1070 1438 1111 Saloninae
1458 1072 1622 1112 Gallieni
1645 1073 1753 1112 uxori
1771 1072 1930 1119 dicavit,
1961 1086 2002 1113 ut
2018 1074 2244 1126 obsequium

142 1122 253 1162 suum
274 1136 362 1176 erga
378 1122 652 1175 Imperatorem
675 1121 948 1164 demonstraret
970 1144 981 1169 ς
1008 1124 1071 1164 illa
1090 1126 1270 1179 Aquilam
1289 1126 1328 1165 in
1342 1127 1508 1167 nummis
1525 1126 1596 1165 suis
1612 1128 1804 1175 exhibuit,
1834 1142 1918 1183 quae
1937 1128 2144 1183 Impernnn
2162 1129 2242 1169 Ro-

143 1190 300 1217 manum
323 1176 499 1224 denotat,
531 1177 590 1217 vel
613 1177 789 1217 Coloniae
808 1178 976 1219 militaris
994 1179 1140 1234 insigne
1158 1181 1237 1226 est,
1266 1182 1325 1220 vel
1342 1182 1543 1236 adJovem
1562 1181 1728 1235 speetat:
1761 1185 1899 1238 Aquila
1916 1196 2043 1226 autem
2062 1188 2150 1225 cum
2174 1187 2245 1224 lni-

142 1233 293 1286 perium
320 1232 542 1272 Romanum
567 1233 728 1278 indicat,
756 1247 953 1287 nunquam
986 1236 1103 1288 cippo
1128 1235 1305 1290 impolita
1335 1237 1388 1277 est
1417 1257 1428 1284 ;
1455 1239 1616 1291 quando
1644 1240 1809 1279 militaris
1829 1240 2007 1280 Coloniae
2028 1240 2241 1295 symbolum

142 1289 220 1335 est,
249 1286 317 1341 ipfi
334 1287 480 1342 semper
503 1288 648 1343 signum
673 1288 874 1343 quoddam
896 1291 1054 1330 militare
1071 1291 1224 1331 additur
1257 1307 1265 1331 :
1294 1292 1353 1331 illa
1371 1292 1484 1347 igitur
1501 1294 1550 1333 ad
1563 1293 1705 1348 Jovem
1727 1295 1856 1347 potius
1872 1294 2040 1348 spe&are
2060 1296 2211 1338 videtur
2234 1312 2242 1337 t

144 1344 282 1398 cippus
300 1344 402 1383 enim
422 1344 631 1397 quemdam
654 1345 873 1385 reverentiae
896 1346 1057 1400 gradum
1078 1346 1260 1392 denotat,
1288 1347 1455 1388 Colonia
1474 1349 1599 1389 Troas
1618 1351 1750 1401 Iovem
1768 1350 1834 1390 sub
1855 1352 2005 1403 Aquilae
2027 1351 2148 1390 forma
2167 1352 2241 1391 for-

141 1399 206 1439 san
223 1411 401 1439 venerata
421 1399 499 1446 est,
532 1400 713 1440 Dardanii
738 1403 775 1440 &
802 1400 860 1439 Ilii
892 1403 1149 1455 proximarum
1175 1402 1326 1441 urbium
1350 1403 1551 1457 exqmplo,
1581 1418 1667 1458 quae
1687 1418 1773 1443 eum
1795 1405 1833 1444 in
1861 1406 2026 1445 nummis
2047 1412 2243 1459 (ranyme-
2303 1441 2309 1448 t

142 1455 231 1494 dem
254 1453 325 1493 hac
347 1454 469 1495 forma
490 1455 699 1509 rapientem
719 1455 903 1497 exhibent
924 1472 932 1497 ε
960 1456 1211 1510 Ganymedes
1225 1457 1330 1497 enim
1353 1457 1469 1499 Trois
1485 1459 1609 1513 Regis
1628 1459 1727 1505 filius
1743 1462 1783 1502 in
1802 1459 1872 1501 Ida
1894 1473 2047 1509 monte,
2075 1463 2097 1504 ὲ
2120 1461 2242 1505 Troia

141 1523 181 1568 3.
206 1510 293 1550 mill.
319 1509 410 1564 pass
429 1511 477 1550 ab
501 1511 642 1565 Aquila
661 1524 791 1565 raptus
816 1512 881 1552 est.

137 1582 142 1588 ”
196 1588 280 1630 Hic
296 1602 467 1629 nummus
485 1588 622 1641 infimae
645 1589 750 1630 moles
773 1591 875 1630 inter
900 1589 1144 1646 elegantiores
1166 1589 1417 1643 ascribendus.
1484 1622 1487 1624 >

990 1705 1390 1749 TYRUS‚

133 2350 196 2377 co
209 2350 239 2376 R
253 2349 282 2376 N
295 2350 333 2375 E.
365 2347 384 2374 s
400 2348 427 2373 A
438 2347 465 2373 L
476 2347 502 2371 o
517 2346 547 2372 N
560 2346 576 2372 1
589 2345 618 2372 N
633 2345 675 2372 A.
707 2345 732 2371 A
749 2345 776 2371 v
789 2345 827 2372 G.
856 2331 990 2385 Caput
1011 2330 1203 2371 Corneliae
1218 2330 1416 2372 Saloninae.

189 2406 212 2431 c
224 2405 249 2430 o
261 2406 298 2430 L.
332 2404 356 2428 T
372 2403 396 2428 Y
413 2403 441 2428 r<
453 2404 486 2428 0.
520 2403 554 2427 M
569 2402 590 2427 E
606 2402 628 2426 T
645 2401 672 2427 R
684 2401 718 2426 o>
752 2385 907 2428 Colonia
926 2386 966 2425 T
961 2401 1040 2431 yros
1060 2387 1293 2439 Metropolis.
1329 2385 1543 2427 Mercurius
1569 2387 1669 2428 stans
1688 2400 1778 2428 cum
1799 2388 1936 2443 pallio,
1964 2390 2095 2432 dextra
2117 2393 2231 2445 baeu}

244 2446 344 2491 lum,
375 2444 515 2484 finistra
531 2442 766 2488 caduceum,
795 2441 886 2482 hinc
904 2442 1005 2489 Ibis,
1033 2441 1124 2482 inde
1147 2442 1422 2495 Conchylium.

185 2523 315 2577 Tyrus
334 2522 540 2562 Phoeniciae
559 2521 792 2574 Metropolis
811 2525 850 2562 &
867 2520 1036 2561 Colonia
1053 2534 1235 2562 nummos
1254 2520 1461 2561 Valeriano
1482 2521 1520 2560 in
1545 2521 1648 2576 Syria
1671 2535 1743 2576 pro
1766 2522 1867 2563 bello
1889 2523 2040 2565 Persico
2058 2530 2232 2569 commo-¹

132 2580 230 2620 ranti
257 2577 453 2632 percuffit,
481 2579 530 2618 ita
560 2581 599 2618 ὃ(
628 2577 809 2617 Gallieno
839 2576 922 2628 ejus
947 2575 1048 2623 filio,
1074 2577 1342 2630 Saloninaeque
1366 2576 1482 2629 hujus
1510 2577 1640 2623 uxori,
1669 2576 1818 2618 familiae
1840 2581 2020 2634 Augustae
2041 2582 2232 2634 ejusmodi

132 2634 333 2688 gratulans.
366 2634 580 2673 Mercurius
602 2632 652 2671 sui
674 2632 818 2672 cultum
838 2632 877 2672 in
898 2633 989 2672 urbe
1005 2632 1176 2679 indicat;
1206 2633 1236 2672 is
1251 2631 1380 2672 nudus
1401 2643 1441 2671 ut
1458 2632 1570 2678 solet,
1600 2644 1665 2672 aut
1689 2632 1860 2686 strophio
1884 2648 2039 2676 ornatus
2057 2652 2137 2677 non
2153 2639 2229 2685 est,

131 2689 198 2730 sed
219 2690 391 2742 palliatus
409 2701 590 2742 tanquam
608 2687 883 2741 Philosophus,
912 2687 1003 2728 ideo
1019 2689 1165 2742 virgam
1186 2701 1302 2740 quam
1321 2687 1468 2727 radium
1494 2700 1655 2733 vocant,
1683 2687 1814 2729 dextra
1839 2691 1955 2744 gerit,
1985 2692 2033 2732 ad
2059 2693 2230 2734 Geome-

131 2745 211 2786 triae
228 2748 266 2784 ὃς
286 2744 508 2799 Astrologiae
528 2743 645 2782 usum.
676 2742 882 2783 Phoenices
901 2745 940 2782 ὃ(
959 2743 1136 2797 AEgyptii
1159 2743 1398 2783 Mercurium
1419 2754 1602 2796 tanquam
1623 2743 1930 2797 sapientiffimum
1951 2746 2229 2801 Philosophum

129 2800 410 2841 venerabantur
427 2826 438 2844 ,
467 2799 651 2853 illumque
667 2798 810 2839 Cicero
834 2798 885 2838 de
902 2797 994 2838 Nat.
1013 2799 1131 2838 Deor.
1154 2798 1215 2838 lib.
1236 2811 1269 2850 3.
1298 2797 1496 2853 AEgyptiis
1514 2798 1617 2854 leges
1637 2798 1831 2840 &litteras
1848 2800 2038 2841 tradidiss'e
2058 2817 2226 2844 comme-

128 2866 265 2895 morat.
305 2855 388 2908 Iple
404 2854 601 2909 AEgyptiis
617 2855 651 2893 T
657 2853 754 2894 hoth
771 2854 830 2895 vel
848 2853 1012 2894 Theuth
1030 2854 1189 2900 dicitur,
1205 2853 1450 2894 Phoenicibus
1462 2853 1650 2894 Thautus.
1687 2855 1902 2895 Mercurius
1918 2857 2127 2897 caduceum
2146 2871 2228 2899 tan-

128 2924 246 2965 quam
264 2910 409 2965 insigne
424 2911 532 2966 gerit.
571 2910 647 2949 Ibis
663 2923 735 2963 pro
754 2923 839 2963 ejus
855 2909 1019 2963 pedibus
1036 2908 1210 2963 appofita
1230 2909 1306 2955 est,
1333 2909 1442 2963 quod
1464 2909 1546 2949 haec
1564 2910 1643 2949 avis
1660 2908 1729 2963 ipfi
1746 2912 1844 2950 {acra
1862 2910 1906 2952 fit
1919 2939 1930 2957 ,
1958 2913 2049 2953 teste
2067 2913 2227 2955 Platone

126 2967 166 3006 in
183 2965 368 3012 Phaedro,
399 2981 480 3019 quo
497 2966 585 3006 loco
599 2965 772 3005 Socrates
787 2965 968 3019 loquitur.
1005 2965 1160 3005 Audivi
1176 2964 1366 3020 equidem,
1390 2965 1535 3019 inquit,
1555 2966 1657 3005 circa
1674 2964 1911 3006 Naucratem
1923 2967 2116 3021 QAEgyptt'
2127 2971 2225 3020 pris.

124 3035 251 3062 corum
267 3021 452 3076 quendam
455 3021 574 3075 fuiffe
589 3020 758 3068 deorum,
773 3022 836 3060 cui
847 3020 979 3060 dicata
981 3019 1039 3071 stt
1050 3022 1159 3067 avis,
1178 3033 1291 3075 quam
1303 3020 1399 3060 lbim
1411 3029 1572 3067 vocant,
1590 3020 1682 3060 Deo
1698 3031 1825 3060 autem
1839 3022 1909 3075 ipſs
1920 3037 2047 3061 nomen
2059 3023 2223 3065 Theuth.

124 3077 210 3116 Cur
225 3077 301 3117 Ibis
318 3077 514 3117 Mercurio
529 3077 733 3123 tribuatur,
761 3076 799 3116 in
815 3076 1019 3116 Valeriano
1036 3076 1201 3116 diximus
1213 3101 1226 3121 ,
1253 3075 1361 3128 quod
1379 3075 1463 3116 Diis
1479 3077 1499 3115 a
1516 3076 1669 3131 gigante
1680 3075 1877 3130 Typhone
1893 3079 1931 3119 in
1943 3078 2121 3135 AEgypto
2136 3092 2223 3135 per-⁴

124 3133 282 3178 territis,
309 3132 370 3173 ille
385 3134 423 3172 in
438 3133 538 3173 hanc
554 3145 664 3173 avem
682 3142 852 3172 mutatus
870 3131 924 3172 fit.
961 3130 1224 3184 Conchylium
1240 3130 1336 3186 Tyri
1353 3143 1582 3186 perpetuum
1599 3131 1654 3172 cst
1668 3131 1894 3184 symbolum.

176 3209 259 3250 Hic
275 3224 447 3252 nummus
460 3210 595 3266 primae
614 3210 890 3266 magnitudinis
908 3211 1010 3251 inter
1025 3209 1186 3250 rariores
1199 3206 1249 3253 (θ’
1264 3208 1508 3265 elegantiores
1520 3209 1783 3252 numerandus.

125 3809 148 3834 c
160 3807 186 3833 o
201 3807 230 3832 R
243 3806 286 3832 N.
318 3806 337 3832 s
351 3806 375 3834 A
391 3807 416 3833 L
429 3807 455 3832 o
471 3807 526 3833 Νι
539 3806 569 3833 Ν
584 3807 624 3833 A.
657 3806 684 3832 A
701 3807 727 3832 v
740 3805 777 3833 G.
816 3793 950 3847 Caput
966 3793 1156 3833 Corneliae
1173 3794 1371 3836 Saloninae.

177 3863 199 3888 c
211 3863 237 3888 o
251 3863 288 3889 L.
320 3862 344 3888 T
359 3862 383 3887 Y
398 3862 429 3889 n
443 3861 467 3889 v
481 3862 500 3887 s
532 3863 569 3889 M
583 3863 606 3887 E
620 3861 643 3887 T
657 3861 686 3888 R
700 3862 738 3887 ο.
767 3847 922 3889 Colonia
936 3847 1055 3899 Tyrus
1068 3848 1305 3904 Metropolis.
1341 3850 1485 3905 Tripus
1496 3875 1509 3897 ,
1537 3850 1577 3890 in
1592 3863 1678 3892 area
1692 3848 1964 3903 Conchylium.

2071 3923 2217 3982 Tripus
