2574 4214
268 189 327 232 34
1044 159 1643 214 AUGUSTUS.

258 244 299 279 &
331 232 480 291 oppida
514 233 615 278 Latii
648 232 797 290 antiqui
835 230 940 281 tria·{
984 232 1084 275 inter
1116 245 1204 287 quae
1240 230 1371 273 Ebora
1394 230 1536 286 primas
1565 238 1684 270 tenet.
1737 221 1886 270 Laurea
1911 225 1968 268 ob
1992 223 2163 282 Augusti
2188 225 2371 272 vietorias

261 294 437 349 signatur.

313 371 397 412 Hic
412 382 584 410 nummus
586 366 749 422 secundi
766 365 907 407 moduli
923 350 974 407 ab
995 365 1098 407 Ant.
1116 364 1329 420 Augustino
1345 363 1439 406 dial.
1458 365 1495 405 8.
1511 361 1718 418 vzcggatus,
1743 362 1846 404 inter
1858 361 2059 414 rariffimos
2074 359 2298 414 recensbt-u‘r.

251 1019 533 1050 PERM1ssv
563 1018 836 1050 CAESARIS
867 1019 895 1046 A
912 1018 1119 1046 vsvs-m
1148 1014 1185 1045 Ρ,
1216 1014 1268 1043 Μ.
1305 996 1442 1057 Caput
1459 998 1626 1057 Augusti
1642 996 1870 1043 laureatum:

304 1080 331 1106 L
343 1079 357 1104 1
372 1080 394 1105 B
407 1080 429 1105 ε
442 1079 471 1106 R
483 1079 510 1105 A
525 1080 550 1105 L
562 1078 577 1103 1
591 1077 615 1103 T
628 1078 655 1103 A
669 1077 694 1103 τ
707 1077 723 1102 1
737 1076 756 1102 s
790 1077 805 1103 1
818 1077 844 1103 v
858 1077 882 1102 L
895 1075 910 1101 1
925 1075 950 1101 A
983 1075 1008 1102 E
1020 1076 1043 1102 B
1054 1075 1080 1101 o
1094 1074 1139 1102 R.
1187 1057 1271 1101 Vas
1298 1059 1474 1101 ansatum
1503 1058 1604 1100 inter
1629 1058 1872 1114 aspergillum
1895 1059 1936 1099 &
1959 1056 2264 1114 capedunculam
2280 1085 2294 1108 ,
2320 1057 2376 1101 in-

358 1121 501 1161 vertice
517 1130 670 1174 patera,
702 1119 742 1159 in
760 1118 841 1159 imo
861 1117 995 1158 culter.
1942 1120 1945 1122 ’

301 1198 514 1239 Eborenscs
533 1198 781 1238 instrumenta
797 1194 1034 1250 pontificalia
1050 1195 1091 1235 in
1109 1206 1274 1235 nummo
1290 1193 1497 1241 exhibent,
1527 1191 1709 1249 Augusto
1728 1192 1984 1248 gratulantes,
2010 1193 2122 1248 quod
2141 1193 2228 1248 post
2246 1192 2363 1249 Lepi-

247 1253 289 1294 di
307 1254 470 1295 mortem
489 1253 647 1295 tandem
670 1252 850 1294 Pontifex
869 1251 1068 1292 Maximus
1085 1264 1192 1292 anno
1215 1251 1269 1292 U.
1293 1251 1343 1292 C.
1362 1264 1454 1304 741.
1473 1261 1623 1291 creatus
1644 1247 1702 1290 sit.
1741 1249 1837 1303 Ejus
1862 1249 2059 1305 dignitatis
2082 1250 2363 1292 institutionem

247 1310 268 1349 a
289 1309 424 1350 Numa
445 1309 584 1350 fastam
608 1309 713 1364 legas
737 1307 844 1363 apud
865 1307 1016 1348 Livium
1035 1307 1097 1348 lib.
1122 1321 1155 1347 1.
1177 1305 1323 1348 Decad.
1350 1321 1384 1347 1.
1423 1304 1561 1347 Numa
1579 1303 1812 1358 Pontificem
1828 1304 2002 1346 Numam
2017 1305 2214 1346 Marcium
2229 1306 2365 1346 Marci

235 1364 366 1414 filium
380 1379 430 1405 ex
447 1365 642 1405 Patribus
661 1365 754 1419 legit
767 1391 779 1411 ‚
806 1366 912 1419 eique
922 1361 1036 1414 sacra
1052 1362 1179 1403 omnia
1195 1363 1388 1418 exscripta
1406 1361 1676 1418 exstgna'taque
1694 1361 1882 1402 attribuit
1902 1375 1915 1400 .-
1941 1363 2078 1417 quibus
2093 1361 2224 1414 hostiis
2235 1387 2249 1408 ,
2275 1363 2363 1417 qui-

246 1420 316 1460 bus
334 1420 465 1460 diebus
475 1447 487 1467 ,
514 1421 570 1460 ad
581 1434 663 1476 quae
681 1419 820 1474 templa
827 1419 990 1471 fierent,
1018 1427 1134 1474 atque
1150 1417 1249 1458 unde
1252 1417 1436 1473 fitmptus
1442 1419 1609 1472 pecunia
1625 1426 1851 1472 erogaretur.
1879 1416 2058 1458 Pontifex
2075 1416 2219 1458 deinde
2235 1417 2366 1458 Maxi-

246 1489 333 1523 mus
355 1490 402 1517 ex
427 1476 591 1532 collegio
613 1475 846 1517 Pontificum
867 1475 1095 1522 creabatur,
1111 1488 1202 1514 non
1218 1473 1382 1528 quidem
1401 1473 1499 1514 colle
1528 1485 1637 1513 arum
1653 1473 1910 1527 cooptatione
1927 1500 1939 1520 ,
1967 1473 2067 1514 utin
2086 1473 2231 1514 caeteris
2247 1471 2367 1514 sacer-⁷

246 1530 363 1572 dotiis
380 1546 466 1573 mos
484 1544 588 1579 erat,
616 1531 681 1572 sed
701 1531 838 1586 populi
856 1530 1013 1582 tributis,
1022 1530 1188 1579 comitiis
1207 1545 1215 1569 ε
1253 1530 1339 1584 post
1356 1530 1487 1571 autem
1525 1528 1593 1568 ulii
1613 1542 1751 1569 necem
1771 1528 2046 1571 Pontificatum
2061 1531 2276 1569 maximum
2293 1541 2366 1584 pet

247 1587 325 1626 vim
350 1587 485 1628 invasit
508 1587 708 1642 Lepidus,
739 1601 789 1627 eo
810 1598 966 1627 mortuo
992 1586 1032 1626 id
1057 1583 1313 1626 sacerdotium
1333 1585 1494 1640 suscepit
1512 1584 1736 1640 Augustus,
1763 1588 1802 1625 &
1820 1585 1908 1640 post
1924 1599 2014 1626 eum
2032 1599 2170 1626 omnes
2193 1585 2366 1639 Impera·

246 1653 350 1738 {oties
367 1669 379 1689 ‚
414 1654 457 1684 ut
485 1644 553 1698 qui
579 1643 698 1685 totius
726 1642 886 1697 Imperii
908 1640 1178 1697 poss'effionem
1199 1640 1320 1682 essent
1344 1641 1504 1696 adepti,
1530 1639 1750 1682 divinarum
1768 1654 1932 1697 quoque
1949 1654 2079 1683 rerum
2099 1640 2366 1682 auitoritatem

276 1712 296 1738 a
325 1710 444 1740 erent.

304 1775 387 1817 Hic
402 1789 576 1818 nummus
590 1775 745 1832 majoris
746 1773 888 1830 formae
896 1800 909 1824 ,
937 1774 1090 1817 eximiae
1105 1776 1285 1817 raritatis
1302 1774 1351 1820 &¹
1367 1775 1567 1831 elegantiae
1581 1773 1644 1829 cst.

1084 1871 1125 1913 E
1152 1870 1208 1912 M
1231 1870 1272 1914 E
1300 1870 1342 1912 R
1369 1869 1400 1910 I
1421 1868 1462 1910 T
1485 1870 1538 1912 A.

253 2487 463 2518 pannus
479 2487 538 2515 sv
571 2488 594 2516 c
610 2485 853 2515 Ausinius
885 2485 1009 2514 Avo.
1055 2470 1215 2528 Effigies
1239 2470 1405 2528 Augusti
1431 2468 1513 2513 fine
1538 2470 1692 2518 laurea,
1720 2483 1794 2526 pro
1819 2478 1899 2526 qua
1925 2468 2211 2513 Mediobarbus
2237 2471 2367 2527 inquit
2396 2471 2402 2473 ’

361 2545 449 2586 pag.
466 2533 532 2583 48.
553 2529 685 2584 facies
693 2531 804 2584 pueri
814 2529 1013 2584 grandior.
1484 2527 1487 2530 ’

307 2599 591 2632 EMERITA,
618 2587 658 2625 in
675 2585 755 2625 aliis
780 2598 1043 2626 EMERITA
1077 2597 1362 2632 nvcvsrn,
1389 2582 1526 2624 inaliis
1551 2595 1951 2624 coL.EM1·:R1·rA
1984 2595 2256 2626 AvevsrA.
2283 2582 2367 2624 Co·

360 2643 477 2682 lonus
492 2654 611 2697 agens
627 2640 770 2681 bovem
788 2645 827 2681 &
847 2654 1015 2681 vaccam.
1056 2648 1060 2652 ⁴

307 2720 485 2761 Emerita
497 2747 508 2767 ,
538 2720 628 2761 urbs
645 2715 849 2760 Lusitaniae
869 2719 920 2758 ad
939 2719 1067 2759 Anam
1085 2717 1177 2758 fluv.
1200 2716 1249 2758 ab
1268 2717 1446 2773 Augusto
1465 2717 1552 2771 post
1571 2715 1794 2757 confestum
1810 2715 1953 2757 bellum
1967 2714 2246 2757 Cantabricum
2262 2728 2367 2757 eme·

249 2777 333 2816 ritis
350 2776 531 2817 militibus
551 2777 590 2815 in
608 2789 694 2815 eam
715 2772 892 2815 dedustis
907 2773 1064 2814 condita
1085 2774 1177 2820 est„
1193 2773 1288 2815 teste
1309 2774 1440 2814 Dione
1458 2773 1521 2813 lib.
1541 2785 1604 2826 53.
1623 2787 1710 2827 pag.
1731 2784 1820 2823 514.
1849 2770 2032 2819 Πωυσαμὶίύε
2053 2774 2073 2820 ⁵3
2093 2774 2115 2813 ξ
2134 2778 2250 2820 mmm
2269 2775 2367 2816 τέτε,

253 2834 268 2865 o'
286 2831 434 2877 2³&qu&
448 2832 501 2867 τές
517 2829 570 2875 μὲὖ
587 2832 800 2876 demimus-{pus-
815 2833 841 2863 ἵ
858 2829 1020 2874 §panuh-ww
1035 2831 1165 2873 οἱΦῆκερ
1194 2827 1242 2873 χρὴ
1260 2828 1337 2862 miliat
1351 2831 1446 2866 αὐτοῖς
1463 2832 1494 2862 ἀ
1511 2831 1674 2870 Αυσ-ιτανίᾳ.
1691 2825 1744 2860 vici)
1761 2828 1894 2872 Λῧγκςαν
1911 2826 2064 2873 Ημεότοιν
2079 2825 2256 2871 noeaxpssblw
2270 2831 2362 2873 urso-aq

256 2886 354 2920 ἔδωκε.
385 2879 514 2920 Finito
534 2879 603 2918 hoc
618 2877 711 2918 bello
724 2905 737 2925 ,
767 2878 962 2932 Augustus·
977 2874 1152 2919 emeritos
1167 2876 1311 2915 milites
1326 2875 1599 2915 exaufi‘oravit
1609 2901 1622 2921 ,
1648 2874 1847 2930 urbemque
1862 2889 1923 2915 eos
1938 2878 1981 2916 in
1998 2874 2225 2927 Lusitania,
2255 2876 2370 2917 Eme-

257 2939 372 2976 ritam
392 2934 604 2989 Augustam
621 2935 788 2980 nomine,
816 2931 1102 2988 conderejulfit.
1139 2930 1324 2986 Hyginus
1336 2929 1503 2985 Augusti
1519 2928 1676 2970 libertus
1692 2929 1826 2970 austor
1842 2930 1898 2970 est
1910 2957 1922 2978 ‚
1951 2943 2043 2970 eum
2062 2930 2364 2974 Emeritensibus

253 2991 386 3047 jugera
411 2990 691 3045 quadringenta
718 2985 864 3030 dedisse
882 3003 890 3027 :
925 2988 1107 3042 plurimas
1127 2987 1207 3026 vias
1227 2985 1275 3025 ad
1295 2985 1397 3027 hanc
1415 2985 1553 3025 urbem
1570 2984 1686 3038 juffas
1698 3012 1710 3032 ,
1738 2998 1785 3025 ex
1806 2986 1898 3026 Ant.
1919 2985 1977 3025 Pii
1997 2986 2198 3028 Itinerario
2211 3014 2223 3034 ,
2252 2989 2290 3026 St
2311 2988 2368 3028 lo-

259 3059 405 3100 quente
426 3045 546 3087 veteri
562 3044 668 3099 apud
688 3044 901 3085 Gruterum
925 3055 1115 3083 marmore
1131 3064 1143 3088 ,
1173 3041 1352 3082 novimus
1369 3062 1382 3089 3
1418 3040 1615 3096 Augustus
1640 3041 1757 3081 etiam
1781 3041 1829 3081 ab
1853 3040 1914 3081 illa
1934 3041 2068 3083 Gades
2086 3042 2208 3096 usque
2224 3069 2237 3090 ,
2263 3043 2368 3084 viam

258 3102 414 3143 alteram
439 3101 675 3155 superiorum
691 3099 909 3141 Consulum
933 3111 1109 3152 tempore
1132 3097 1379 3144 inchoatam,
1408 3096 1612 3150 multisque
1635 3095 1729 3136 locis
1749 3095 1994 3137 intermissam
2012 3097 2199 3152 perduxit.
2244 3098 2367 3139 Deni-

261 3171 340 3213 que
359 3155 545 3196 cudendae
560 3167 728 3198 monetae
750 3154 972 3196 facultatem
989 3152 1287 3194 Emeritensibus
1306 3152 1477 3208 permisit
1496 3179 1509 3200 ,
1543 3164 1712 3205 quorum
1737 3151 2014 3193 beneficiorum
2037 3166 2227 3194 memores
2250 3154 2368 3208 pluri-

263 3226 349 3253 mos
370 3211 544 3265 Augusto
566 3220 749 3252 nummos
767 3210 1018 3256 dedicarunt;
1044 3209 1085 3249 in
1112 3207 1190 3250 hoc
1216 3209 1311 3249 vero
1334 3208 1519 3250 colonum
1545 3208 1666 3248 boves
1689 3207 1898 3249 ducentem
1916 3222 1989 3262 pro
2011 3208 2124 3263 signis
2143 3209 2381 3251 militaribus.

262 3266 671 3364 gogtpsxileteranorum
686 3266 862 3323 symbolo
880 3267 1078 3313 cuserunt,
1106 3275 1150 3306 ut
1168 3263 1206 3306 se
1222 3279 1303 3307 non
1322 3264 1503 3307 Coloniae
1519 3263 1831 3320 supplementum
1847 3264 1977 3307 missos
1985 3292 2000 3313 ,
2028 3264 2094 3306 sed
2110 3265 2248 3307 urbem
2264 3279 2364 3308 con-

291 3324 305 3364 i
334 3323 345 3362 i
377 3335 399 3362 e
442 3323 724 3365 emonstrarent.
1823 3344 1827 3348 ι

316 3399 379 3444 Hi
398 3402 538 3442 nummi
547 3401 706 3452 secundi
725 3401 863 3444 moduli
875 3413 945 3459 pro
961 3402 1060 3444 rartls
1074 3398 1253 3442 habendi.

1117 3665 1120 3692 ἔ
1235 3687 1384 3714 '‘LEG·
1566 3699 1569 3703 ·
